<?xml version="1.0" encoding="UTF-8"?>
<!DOCTYPE html PUBLIC "-//W3C//DTD XHTML 1.0 Transitional//EN"
    "http://www.w3.org/TR/xhtml1/DTD/xhtml1-transitional.dtd">
<html xmlns="http://www.w3.org/1999/xhtml" xml:lang="en" lang="en">
 <head>
  <title>
</title>
<meta http-equiv="Content-Type" content="text/html;charset=utf-8" />
  <meta name='ocr-system' content='tesseract 3.04.00' />
  <meta name='ocr-capabilities' content='ocr_page ocr_carea ocr_par ocr_line ocrx_word'/>
</head>
<body>
  <div class='ocr_page' id='page_1' title='image "./mtciceronisquae06lemagoog_0118.png"; bbox 0 0 2994 4778; ppageno 0'>
   <div class='ocr_carea' id='block_1_1' title="bbox 711 437 2173 509">
    <p class='ocr_par' dir='ltr' id='par_1_1' title="bbox 711 437 2173 509">
     <span class='ocr_line' id='line_1_1' title="bbox 711 437 2173 509; baseline -0.001 0"><span class='ocrx_word' id='word_1_1' title='bbox 711 438 844 509; x_wconf 84' lang='lat'>108</span> <span class='ocrx_word' id='word_1_2' title='bbox 1347 441 1443 507; x_wconf 89' lang='lat' dir='ltr'>M.</span> <span class='ocrx_word' id='word_1_3' title='bbox 1494 441 1574 508; x_wconf 91' lang='lat' dir='ltr'>T.</span> <span class='ocrx_word' id='word_1_4' title='bbox 1626 437 2173 508; x_wconf 85' lang='lat' dir='ltr'>CICERONIS</span> 
     </span>
    </p>
   </div>
   <div class='ocr_carea' id='block_1_2' title="bbox 687 555 2825 2607">
    <p class='ocr_par' dir='ltr' id='par_1_2' title="bbox 687 555 2825 2607">
     <span class='ocr_line' id='line_1_2' title="bbox 700 555 2819 656; baseline 0.001 -26"><span class='ocrx_word' id='word_1_5' title='bbox 700 558 874 656; x_wconf 87' lang='lat' dir='ltr'>quid</span> <span class='ocrx_word' id='word_1_6' title='bbox 902 557 1200 655; x_wconf 91' lang='lat' dir='ltr'>periculi</span> <span class='ocrx_word' id='word_1_7' title='bbox 1228 557 1651 655; x_wconf 84' lang='lat' dir='ltr'>magnitudo</span> <span class='ocrx_word' id='word_1_8' title='bbox 1670 613 1690 646; x_wconf 86' lang='lat'>‚</span> <span class='ocrx_word' id='word_1_9' title='bbox 1721 557 1895 654; x_wconf 90' lang='lat' dir='ltr'>quid</span> <span class='ocrx_word' id='word_1_10' title='bbox 1927 555 2322 654; x_wconf 85' lang='lat' dir='ltr'>aetas‚quid</span> <span class='ocrx_word' id='word_1_11' title='bbox 2348 556 2583 629; x_wconf 89' lang='lat' dir='ltr'>honos</span> <span class='ocrx_word' id='word_1_12' title='bbox 2612 582 2819 632; x_wconf 87' lang='lat' dir='ltr'>meus</span> 
     </span>
     <span class='ocr_line' id='line_1_3' title="bbox 704 667 2819 767; baseline 0 -29"><span class='ocrx_word' id='word_1_13' title='bbox 704 668 1040 767; x_wconf 85' lang='lat' dir='ltr'><strong>postulet.</strong></span> <span class='ocrx_word' id='word_1_14' title='bbox 1070 668 1206 739; x_wconf 84' lang='lat' dir='ltr'>Sed</span> <span class='ocrx_word' id='word_1_15' title='bbox 1245 668 1421 738; x_wconf 89' lang='lat' dir='ltr'>mihi</span> <span class='ocrx_word' id='word_1_16' title='bbox 1456 669 1729 766; x_wconf 89' lang='lat' dir='ltr'>sumpsi</span> <span class='ocrx_word' id='word_1_17' title='bbox 1766 667 2091 751; x_wconf 87' lang='lat' dir='ltr'>hocloco</span> <span class='ocrx_word' id='word_1_18' title='bbox 2126 667 2525 739; x_wconf 87' lang='lat' dir='ltr'>doctrinam</span> <span class='ocrx_word' id='word_1_19' title='bbox 2557 684 2819 764; x_wconf 58' lang='lat' dir='ltr'>quam*</span> 
     </span>
     <span class='ocr_line' id='line_1_4' title="bbox 702 778 2820 876; baseline -0.001 -26"><span class='ocrx_word' id='word_1_20' title='bbox 702 780 865 850; x_wconf 88' lang='lat' dir='ltr'>dam</span> <span class='ocrx_word' id='word_1_21' title='bbox 887 780 1268 876; x_wconf 87' lang='lat' dir='ltr'>juventuti,</span> <span class='ocrx_word' id='word_1_22' title='bbox 1286 780 1412 876; x_wconf 90' lang='lat' dir='ltr'>qui</span> <span class='ocrx_word' id='word_1_23' title='bbox 1450 793 1687 849; x_wconf 85' lang='lat' dir='ltr'><strong>essent</strong></span> <span class='ocrx_word' id='word_1_24' title='bbox 1728 781 2127 876; x_wconf 77' lang='lat' dir='ltr'><strong>optimates,</strong></span> <span class='ocrx_word' id='word_1_25' title='bbox 2154 782 2238 848; x_wconf 91' lang='lat' dir='ltr'>In</span> <span class='ocrx_word' id='word_1_26' title='bbox 2278 803 2358 849; x_wconf 89' lang='lat' dir='ltr'>ea</span> <span class='ocrx_word' id='word_1_27' title='bbox 2392 778 2820 876; x_wconf 84' lang='lat' dir='ltr'>explicanda</span> 
     </span>
     <span class='ocr_line' id='line_1_5' title="bbox 700 888 2820 986; baseline -0 -27"><span class='ocrx_word' id='word_1_28' title='bbox 700 888 1339 962; x_wconf 90' lang='lat' dir='ltr'>demonstrandum</span> <span class='ocrx_word' id='word_1_29' title='bbox 1374 904 1512 976; x_wconf 85' lang='lat' dir='ltr'>est,</span> <span class='ocrx_word' id='word_1_30' title='bbox 1561 914 1713 960; x_wconf 90' lang='lat' dir='ltr'>non</span> <span class='ocrx_word' id='word_1_31' title='bbox 1754 913 1906 960; x_wconf 90' lang='lat' dir='ltr'>esse</span> <span class='ocrx_word' id='word_1_32' title='bbox 1944 888 2327 986; x_wconf 83' lang='lat' dir='ltr'>populares</span> <span class='ocrx_word' id='word_1_33' title='bbox 2362 912 2610 958; x_wconf 90' lang='lat' dir='ltr'>omnes</span> <span class='ocrx_word' id='word_1_34' title='bbox 2654 912 2820 974; x_wconf 90' lang='lat' dir='ltr'>eos,</span> 
     </span>
     <span class='ocr_line' id='line_1_6' title="bbox 698 997 2825 1098; baseline -0.002 -28"><span class='ocrx_word' id='word_1_35' title='bbox 698 1003 826 1096; x_wconf 89' lang='lat' dir='ltr'>qui</span> <span class='ocrx_word' id='word_1_36' title='bbox 863 1002 1238 1098; x_wconf 66' lang='lat' dir='ltr'>putentur.</span> <span class='ocrx_word' id='word_1_37' title='bbox 1274 999 1358 1071; x_wconf 94' lang='lat' dir='ltr'>Id</span> <span class='ocrx_word' id='word_1_38' title='bbox 1395 997 1726 1070; x_wconf 85' lang='lat' dir='ltr'>facillime</span> <span class='ocrx_word' id='word_1_39' title='bbox 1758 1022 2195 1094; x_wconf 89' lang='lat' dir='ltr'>consequar,</span> <span class='ocrx_word' id='word_1_40' title='bbox 2234 998 2293 1066; x_wconf 91' lang='lat' dir='ltr'>si</span> <span class='ocrx_word' id='word_1_41' title='bbox 2328 998 2644 1067; x_wconf 87' lang='lat' dir='ltr'>universi</span> <span class='ocrx_word' id='word_1_42' title='bbox 2688 1021 2825 1094; x_wconf 58' lang='lat' dir='ltr'>po,</span> 
     </span>
     <span class='ocr_line' id='line_1_7' title="bbox 704 1108 2820 1206; baseline -0.001 -26"><span class='ocrx_word' id='word_1_43' title='bbox 704 1109 857 1206; x_wconf 90' lang='lat' dir='ltr'>puli</span> <span class='ocrx_word' id='word_1_44' title='bbox 902 1109 1250 1206; x_wconf 88' lang='lat' dir='ltr'>judicium</span> <span class='ocrx_word' id='word_1_45' title='bbox 1304 1133 1555 1179; x_wconf 87' lang='lat' dir='ltr'>verum</span> <span class='ocrx_word' id='word_1_46' title='bbox 1600 1124 1670 1180; x_wconf 90' lang='lat' dir='ltr'>et</span> <span class='ocrx_word' id='word_1_47' title='bbox 1727 1113 2261 1204; x_wconf 88' lang='lat' dir='ltr'>incorruptum,</span> <span class='ocrx_word' id='word_1_48' title='bbox 2310 1122 2380 1177; x_wconf 89' lang='lat' dir='ltr'>et</span> <span class='ocrx_word' id='word_1_49' title='bbox 2422 1108 2480 1176; x_wconf 90' lang='lat' dir='ltr'>si</span> <span class='ocrx_word' id='word_1_50' title='bbox 2524 1108 2820 1177; x_wconf 87' lang='lat' dir='ltr'>intimos</span> 
     </span>
     <span class='ocr_line' id='line_1_8' title="bbox 699 1214 2820 1314; baseline -0 -26"><span class='ocrx_word' id='word_1_51' title='bbox 699 1242 949 1289; x_wconf 88' lang='lat' dir='ltr'>sensus</span> <span class='ocrx_word' id='word_1_52' title='bbox 983 1219 1283 1289; x_wconf 87' lang='lat' dir='ltr'>civitatis</span> <span class='ocrx_word' id='word_1_53' title='bbox 1317 1241 1756 1314; x_wconf 75' lang='lat' dir='ltr'>expressero,</span> <span class='ocrx_word' id='word_1_54' title='bbox 1796 1216 1989 1308; x_wconf 90' lang='lat' dir='ltr'><strong>Quid</strong></span> <span class='ocrx_word' id='word_1_55' title='bbox 2023 1215 2159 1286; x_wconf 84' lang='lat' dir='ltr'>fuit</span> <span class='ocrx_word' id='word_1_56' title='bbox 2194 1214 2401 1305; x_wconf 88' lang='lat' dir='ltr'>illud,</span> <span class='ocrx_word' id='word_1_57' title='bbox 2438 1216 2677 1313; x_wconf 90' lang='lat' dir='ltr'>quod,</span> <span class='ocrx_word' id='word_1_58' title='bbox 2712 1241 2820 1287; x_wconf 87' lang='lat' dir='ltr'>re-</span> 
     </span>
     <span class='ocr_line' id='line_1_9' title="bbox 697 1322 2817 1422; baseline -0.002 -24"><span class='ocrx_word' id='word_1_59' title='bbox 697 1328 891 1398; x_wconf 89' lang='lat' dir='ltr'>centi</span> <span class='ocrx_word' id='word_1_60' title='bbox 947 1329 1207 1398; x_wconf 91' lang='lat' dir='ltr'>nuntio</span> <span class='ocrx_word' id='word_1_61' title='bbox 1253 1327 1346 1399; x_wconf 94' lang='lat' dir='ltr'>de</span> <span class='ocrx_word' id='word_1_62' title='bbox 1394 1327 1518 1399; x_wconf 92' lang='lat' dir='ltr'>illo</span> <span class='ocrx_word' id='word_1_63' title='bbox 1575 1323 2236 1415; x_wconf 88' lang='lat' dir='ltr'>senatusconsulto,</span> <span class='ocrx_word' id='word_1_64' title='bbox 2298 1325 2499 1422; x_wconf 92' lang='lat' dir='ltr'>quod</span> <span class='ocrx_word' id='word_1_65' title='bbox 2544 1322 2817 1396; x_wconf 83' lang='lat' dir='ltr'>factum</span> 
     </span>
     <span class='ocr_line' id='line_1_10' title="bbox 699 1433 2818 1535; baseline -0.001 -30"><span class='ocrx_word' id='word_1_66' title='bbox 699 1450 806 1507; x_wconf 89' lang='lat' dir='ltr'>est</span> <span class='ocrx_word' id='word_1_67' title='bbox 841 1438 916 1505; x_wconf 90' lang='lat' dir='ltr'>in</span> <span class='ocrx_word' id='word_1_68' title='bbox 968 1436 1240 1535; x_wconf 88' lang='lat' dir='ltr'>templo</span> <span class='ocrx_word' id='word_1_69' title='bbox 1266 1439 1567 1509; x_wconf 85' lang='lat' dir='ltr'>Virtutis</span> <span class='ocrx_word' id='word_1_70' title='bbox 1589 1493 1609 1525; x_wconf 94' lang='lat'>,</span> <span class='ocrx_word' id='word_1_71' title='bbox 1647 1435 1731 1507; x_wconf 89' lang='lat' dir='ltr'>ad</span> <span class='ocrx_word' id='word_1_72' title='bbox 1779 1435 1989 1507; x_wconf 89' lang='lat' dir='ltr'>ludos</span> <span class='ocrx_word' id='word_1_73' title='bbox 2033 1458 2467 1532; x_wconf 88' lang='lat' dir='ltr'>scenamque</span> <span class='ocrx_word' id='word_1_74' title='bbox 2501 1433 2818 1531; x_wconf 90' lang='lat' dir='ltr'>perlat0‚</span> 
     </span>
     <span class='ocr_line' id='line_1_11' title="bbox 695 1543 2817 1634; baseline -0.002 -16"><span class='ocrx_word' id='word_1_75' title='bbox 695 1571 1037 1618; x_wconf 88' lang='lat' dir='ltr'>consessu</span> <span class='ocrx_word' id='word_1_76' title='bbox 1098 1548 1437 1634; x_wconf 84' lang='lat' dir='ltr'>maximo,</span> <span class='ocrx_word' id='word_1_77' title='bbox 1505 1572 1829 1618; x_wconf 88' lang='lat' dir='ltr'>summus</span> <span class='ocrx_word' id='word_1_78' title='bbox 1882 1543 2218 1633; x_wconf 74' lang='lat' dir='ltr'>artife12,</span> <span class='ocrx_word' id='word_1_79' title='bbox 2274 1559 2347 1615; x_wconf 93' lang='lat' dir='ltr'>et</span> <span class='ocrx_word' id='word_1_80' title='bbox 2401 1544 2817 1615; x_wconf 83' lang='lat' dir='ltr'>mehercule</span> 
     </span>
     <span class='ocr_line' id='line_1_12' title="bbox 699 1654 2817 1754; baseline -0.001 -28"><span class='ocrx_word' id='word_1_81' title='bbox 699 1679 985 1753; x_wconf 90' lang='lat' dir='ltr'>semper</span> <span class='ocrx_word' id='word_1_82' title='bbox 1022 1658 1333 1754; x_wconf 86' lang='lat' dir='ltr'>partium</span> <span class='ocrx_word' id='word_1_83' title='bbox 1379 1659 1455 1727; x_wconf 91' lang='lat' dir='ltr'>in</span> <span class='ocrx_word' id='word_1_84' title='bbox 1514 1654 1930 1754; x_wconf 78' lang='lat' dir='ltr'>republica,</span> <span class='ocrx_word' id='word_1_85' title='bbox 2018 1669 2382 1751; x_wconf 87' lang='lat' dir='ltr'>tamquam</span> <span class='ocrx_word' id='word_1_86' title='bbox 2428 1657 2504 1724; x_wconf 88' lang='lat' dir='ltr'>in</span> <span class='ocrx_word' id='word_1_87' title='bbox 2557 1678 2817 1741; x_wconf 86' lang='lat' dir='ltr'>scena,</span> 
     </span>
     <span class='ocr_line' id='line_1_13' title="bbox 697 1763 2814 1862; baseline 0.001 -28"><span class='ocrx_word' id='word_1_88' title='bbox 697 1766 1137 1862; x_wconf 88' lang='lat' dir='ltr'>optimarum</span> <span class='ocrx_word' id='word_1_89' title='bbox 1153 1763 1208 1853; x_wconf 80' lang='lat'>³,</span> <span class='ocrx_word' id='word_1_90' title='bbox 1247 1766 1457 1851; x_wconf 82' lang='lat' dir='ltr'>fleus,</span> <span class='ocrx_word' id='word_1_91' title='bbox 1488 1781 1560 1837; x_wconf 88' lang='lat' dir='ltr'>et</span> <span class='ocrx_word' id='word_1_92' title='bbox 1598 1770 1869 1836; x_wconf 89' lang='lat' dir='ltr'>recenti</span> <span class='ocrx_word' id='word_1_93' title='bbox 1893 1765 2165 1851; x_wconf 62' lang='lat' dir='ltr'>laetitia,</span> <span class='ocrx_word' id='word_1_94' title='bbox 2196 1780 2269 1835; x_wconf 88' lang='lat' dir='ltr'>et</span> <span class='ocrx_word' id='word_1_95' title='bbox 2305 1766 2528 1835; x_wconf 84' lang='lat' dir='ltr'>mixto</span> <span class='ocrx_word' id='word_1_96' title='bbox 2560 1763 2814 1837; x_wconf 90' lang='lat' dir='ltr'>dolore</span> 
     </span>
     <span class='ocr_line' id='line_1_14' title="bbox 693 1873 2816 1972; baseline 0 -26"><span class='ocrx_word' id='word_1_97' title='bbox 693 1900 775 1946; x_wconf 87' lang='lat' dir='ltr'>ac</span> <span class='ocrx_word' id='word_1_98' title='bbox 806 1874 1161 1947; x_wconf 89' lang='lat' dir='ltr'>desiderio</span> <span class='ocrx_word' id='word_1_99' title='bbox 1182 1878 1362 1965; x_wconf 88' lang='lat' dir='ltr'>mei,</span> <span class='ocrx_word' id='word_1_100' title='bbox 1394 1877 1537 1972; x_wconf 90' lang='lat' dir='ltr'>egit</span> <span class='ocrx_word' id='word_1_101' title='bbox 1565 1890 1807 1972; x_wconf 87' lang='lat' dir='ltr'>aperte</span> <span class='ocrx_word' id='word_1_102' title='bbox 1840 1873 2069 1945; x_wconf 91' lang='lat' dir='ltr'>multo</span> <span class='ocrx_word' id='word_1_103' title='bbox 2101 1874 2548 1972; x_wconf 85' lang='lat' dir='ltr'>gravioribus</span> <span class='ocrx_word' id='word_1_104' title='bbox 2578 1874 2816 1947; x_wconf 81' lang='lat' dir='ltr'>verbis</span> 
     </span>
     <span class='ocr_line' id='line_1_15' title="bbox 693 1982 2815 2081; baseline 0.001 -27"><span class='ocrx_word' id='word_1_105' title='bbox 693 2008 924 2055; x_wconf 88' lang='lat' dir='ltr'>meam</span> <span class='ocrx_word' id='word_1_106' title='bbox 944 2009 1226 2056; x_wconf 88' lang='lat' dir='ltr'>causam</span> <span class='ocrx_word' id='word_1_107' title='bbox 1247 2041 1265 2074; x_wconf 90' lang='lat'>‚</span> <span class='ocrx_word' id='word_1_108' title='bbox 1290 2010 1509 2081; x_wconf 90' lang='lat' dir='ltr'>quam</span> <span class='ocrx_word' id='word_1_109' title='bbox 1543 1997 1829 2080; x_wconf 88' lang='lat' dir='ltr'>egomet</span> <span class='ocrx_word' id='word_1_110' title='bbox 1863 1982 1954 2054; x_wconf 92' lang='lat' dir='ltr'>de</span> <span class='ocrx_word' id='word_1_111' title='bbox 1989 2007 2105 2053; x_wconf 89' lang='lat' dir='ltr'>me</span> <span class='ocrx_word' id='word_1_112' title='bbox 2134 2008 2339 2078; x_wconf 88' lang='lat' dir='ltr'>agere</span> <span class='ocrx_word' id='word_1_113' title='bbox 2372 1986 2815 2081; x_wconf 84' lang='lat' dir='ltr'>potuissem?</span> 
     </span>
     <span class='ocr_line' id='line_1_16' title="bbox 694 2092 2811 2192; baseline -0 -27"><span class='ocrx_word' id='word_1_114' title='bbox 694 2097 972 2165; x_wconf 89' lang='lat' dir='ltr'>Summi</span> <span class='ocrx_word' id='word_1_115' title='bbox 1021 2097 1214 2166; x_wconf 90' lang='lat' dir='ltr'>enim</span> <span class='ocrx_word' id='word_1_116' title='bbox 1253 2092 1526 2192; x_wconf 72' lang='lat' dir='ltr'>poetae⁴</span> <span class='ocrx_word' id='word_1_117' title='bbox 1568 2094 1940 2188; x_wconf 86' lang='lat' dir='ltr'>ingenium</span> <span class='ocrx_word' id='word_1_118' title='bbox 1983 2117 2133 2163; x_wconf 90' lang='lat' dir='ltr'>non</span> <span class='ocrx_word' id='word_1_119' title='bbox 2175 2092 2409 2164; x_wconf 89' lang='lat' dir='ltr'>solum</span> <span class='ocrx_word' id='word_1_120' title='bbox 2450 2109 2605 2165; x_wconf 89' lang='lat' dir='ltr'>arte</span> <span class='ocrx_word' id='word_1_121' title='bbox 2647 2118 2811 2180; x_wconf 87' lang='lat' dir='ltr'>sua,</span> 
     </span>
     <span class='ocr_line' id='line_1_17' title="bbox 690 2201 2811 2302; baseline 0 -29"><span class='ocrx_word' id='word_1_122' title='bbox 690 2201 816 2273; x_wconf 88' lang='lat' dir='ltr'>sed</span> <span class='ocrx_word' id='word_1_123' title='bbox 851 2205 1065 2275; x_wconf 88' lang='lat' dir='ltr'>etiam</span> <span class='ocrx_word' id='word_1_124' title='bbox 1097 2201 1392 2275; x_wconf 86' lang='lat' dir='ltr'>dolore⁵</span> <span class='ocrx_word' id='word_1_125' title='bbox 1429 2202 1896 2302; x_wconf 87' lang='lat' dir='ltr'>exprimebat.</span> <span class='ocrx_word' id='word_1_126' title='bbox 1923 2201 2165 2292; x_wconf 79' lang='lat' dir='ltr'>«Quid</span> <span class='ocrx_word' id='word_1_127' title='bbox 2204 2203 2439 2272; x_wconf 79' lang='lat' dir='ltr'>enim?</span> <span class='ocrx_word' id='word_1_128' title='bbox 2465 2204 2597 2299; x_wconf 91' lang='lat' dir='ltr'>qui</span> <span class='ocrx_word' id='word_1_129' title='bbox 2630 2228 2811 2274; x_wconf 92' lang='lat' dir='ltr'>rem-</span> 
     </span>
     <span class='ocr_line' id='line_1_18' title="bbox 692 2311 2814 2411; baseline -0 -28"><span class='ocrx_word' id='word_1_130' title='bbox 692 2311 1054 2411; x_wconf 88' lang='lat' dir='ltr'>publicam</span> <span class='ocrx_word' id='word_1_131' title='bbox 1117 2328 1317 2385; x_wconf 90' lang='lat' dir='ltr'>certo</span> <span class='ocrx_word' id='word_1_132' title='bbox 1370 2314 1615 2384; x_wconf 89' lang='lat' dir='ltr'>animo</span> <span class='ocrx_word' id='word_1_133' title='bbox 1659 2313 2006 2409; x_wconf 87' lang='lat' dir='ltr'>adjuverit</span> <span class='ocrx_word' id='word_1_134' title='bbox 2033 2365 2054 2400; x_wconf 87' lang='lat'>‚</span> <span class='ocrx_word' id='word_1_135' title='bbox 2104 2313 2470 2400; x_wconf 87' lang='lat' dir='ltr'>statuerit,</span> <span class='ocrx_word' id='word_1_136' title='bbox 2536 2314 2814 2385; x_wconf 88' lang='lat' dir='ltr'>steterit</span> 
     </span>
     <span class='ocr_line' id='line_1_19' title="bbox 693 2420 2813 2510; baseline 0 -16"><span class='ocrx_word' id='word_1_137' title='bbox 693 2448 857 2494; x_wconf 91' lang='lat' dir='ltr'>cum</span> <span class='ocrx_word' id='word_1_138' title='bbox 880 2424 1164 2496; x_wconf 83' lang='lat' dir='ltr'>Achivis</span> <span class='ocrx_word' id='word_1_139' title='bbox 1178 2422 1233 2495; x_wconf 79' lang='lat'>⁶.</span> <span class='ocrx_word' id='word_1_140' title='bbox 1256 2423 1701 2496; x_wconf 74' lang='lat' dir='ltr'>»Vobiscum</span> <span class='ocrx_word' id='word_1_141' title='bbox 1735 2449 1850 2494; x_wconf 88' lang='lat' dir='ltr'>me</span> <span class='ocrx_word' id='word_1_142' title='bbox 1892 2426 2163 2494; x_wconf 89' lang='lat' dir='ltr'>stetisse</span> <span class='ocrx_word' id='word_1_143' title='bbox 2208 2420 2512 2510; x_wconf 87' lang='lat' dir='ltr'>dicebat,</span> <span class='ocrx_word' id='word_1_144' title='bbox 2538 2439 2813 2496; x_wconf 86' lang='lat' dir='ltr'>vestros</span> 
     </span>
     <span class='ocr_line' id='line_1_20' title="bbox 687 2531 2808 2607; baseline -0.001 -1"><span class='ocrx_word' id='word_1_145' title='bbox 687 2533 1022 2606; x_wconf 85' lang='lat' dir='ltr'>ordines⁷</span> <span class='ocrx_word' id='word_1_146' title='bbox 1069 2533 1633 2607; x_wconf 85' lang='lat' dir='ltr'>demonstrabat.</span> <span class='ocrx_word' id='word_1_147' title='bbox 1704 2532 2202 2606; x_wconf 86' lang='lat' dir='ltr'>Revocabatur</span> <span class='ocrx_word' id='word_1_148' title='bbox 2249 2531 2343 2604; x_wconf 85' lang='lat' dir='ltr'>ab</span> <span class='ocrx_word' id='word_1_149' title='bbox 2411 2535 2808 2606; x_wconf 87' lang='lat' dir='ltr'>universis:</span> 
     </span>
    </p>
   </div>
   <div class='ocr_carea' id='block_1_3' title="bbox 1795 2726 2813 2854">
    <p class='ocr_par' dir='ltr' id='par_1_3' title="bbox 1795 2726 2813 2854">
     <span class='ocr_line' id='line_1_21' title="bbox 1865 2726 2813 2793; baseline 0.001 -18"><span class='ocrx_word' id='word_1_150' title='bbox 1865 2736 1914 2784; x_wconf 68' lang='grc'>4.</span> <span class='ocrx_word' id='word_1_151' title='bbox 1944 2729 2122 2776; x_wconf 82' lang='lat' dir='ltr'>Poeeae.</span> <span class='ocrx_word' id='word_1_152' title='bbox 2149 2727 2248 2791; x_wconf 88' lang='lat' dir='ltr'>Qui</span> <span class='ocrx_word' id='word_1_153' title='bbox 2276 2726 2485 2775; x_wconf 81' lang='lat' dir='ltr'>fabulam</span> <span class='ocrx_word' id='word_1_154' title='bbox 2509 2743 2622 2791; x_wconf 75' lang='lat' dir='ltr'>quae</span> <span class='ocrx_word' id='word_1_155' title='bbox 2644 2726 2813 2793; x_wconf 74' lang='lat' dir='ltr'>ageba·</span> 
     </span>
     <span class='ocr_line' id='line_1_22' title="bbox 1795 2814 2144 2854; baseline 0.006 -2"><span class='ocrx_word' id='word_1_156' title='bbox 1795 2814 1875 2852; x_wconf 89' lang='lat' dir='ltr'>tur</span> <span class='ocrx_word' id='word_1_157' title='bbox 1892 2816 2144 2854; x_wconf 70' lang='lat' dir='ltr'>struxerat.</span> 
     </span>
    </p>
   </div>
   <div class='ocr_carea' id='block_1_4' title="bbox 683 2727 1709 2854">
    <p class='ocr_par' dir='ltr' id='par_1_4' title="bbox 683 2727 1709 2854">
     <span class='ocr_line' id='line_1_23' title="bbox 683 2727 1709 2792; baseline 0 -16"><span class='ocrx_word' id='word_1_158' title='bbox 683 2728 798 2776; x_wconf 80' lang='lat' dir='ltr'>licet</span> <span class='ocrx_word' id='word_1_159' title='bbox 815 2727 903 2792; x_wconf 82' lang='lat' dir='ltr'>qui</span> <span class='ocrx_word' id='word_1_160' title='bbox 919 2727 978 2776; x_wconf 87' lang='lat' dir='ltr'>ad</span> <span class='ocrx_word' id='word_1_161' title='bbox 992 2727 1230 2789; x_wconf 76' lang='lat' dir='ltr'>judIcium</span> <span class='ocrx_word' id='word_1_162' title='bbox 1247 2738 1556 2776; x_wconf 85' lang='lat' dir='ltr'>convenerat.</span> <span class='ocrx_word' id='word_1_163' title='bbox 1576 2727 1709 2776; x_wconf 83' lang='lat' dir='ltr'>Nou-</span> 
     </span>
     <span class='ocr_line' id='line_1_24' title="bbox 687 2805 1118 2854; baseline 0.005 -2"><span class='ocrx_word' id='word_1_164' title='bbox 687 2806 813 2854; x_wconf 81' lang='lat' dir='ltr'>nulli</span> <span class='ocrx_word' id='word_1_165' title='bbox 833 2807 1012 2853; x_wconf 82' lang='lat' dir='ltr'>habent</span> <span class='ocrx_word' id='word_1_166' title='bbox 1030 2805 1118 2854; x_wconf 74' lang='lat' dir='ltr'>illi.</span> 
     </span>
    </p>
   </div>
   <div class='ocr_carea' id='block_1_5' title="bbox 681 2881 1707 4209">
    <p class='ocr_par' dir='ltr' id='par_1_5' title="bbox 681 2881 1707 3892">
     <span class='ocr_line' id='line_1_25' title="bbox 757 2881 1707 2948; baseline 0 -15"><span class='ocrx_word' id='word_1_167' title='bbox 757 2900 805 2933; x_wconf 74' lang='lat' dir='ltr'>a.</span> <span class='ocrx_word' id='word_1_168' title='bbox 832 2887 1049 2931; x_wconf 80' lang='lat' dir='ltr'>Summus</span> <span class='ocrx_word' id='word_1_169' title='bbox 1071 2881 1272 2947; x_wconf 76' lang='lat' dir='ltr'>artifex.</span> <span class='ocrx_word' id='word_1_170' title='bbox 1297 2887 1534 2948; x_wconf 77' lang='lat' dir='ltr'>AEsopus,</span> <span class='ocrx_word' id='word_1_171' title='bbox 1555 2886 1707 2933; x_wconf 78' lang='lat' dir='ltr'>maxi·</span> 
     </span>
     <span class='ocr_line' id='line_1_26' title="bbox 685 2962 1707 3026; baseline 0.004 -18"><span class='ocrx_word' id='word_1_172' title='bbox 685 2977 793 3009; x_wconf 88' lang='lat' dir='ltr'>mus</span> <span class='ocrx_word' id='word_1_173' title='bbox 819 2963 904 3026; x_wconf 84' lang='lat' dir='ltr'>qui</span> <span class='ocrx_word' id='word_1_174' title='bbox 932 2962 1063 3026; x_wconf 87' lang='lat' dir='ltr'>apud</span> <span class='ocrx_word' id='word_1_175' title='bbox 1092 2965 1341 3011; x_wconf 82' lang='lat' dir='ltr'>Romanos</span> <span class='ocrx_word' id='word_1_176' title='bbox 1367 2963 1583 3012; x_wconf 86' lang='lat' dir='ltr'>floruerit</span> <span class='ocrx_word' id='word_1_177' title='bbox 1609 2975 1707 3012; x_wconf 89' lang='lat' dir='ltr'>tra-</span> 
     </span>
     <span class='ocr_line' id='line_1_27' title="bbox 684 3041 1705 3106; baseline 0 -16"><span class='ocrx_word' id='word_1_178' title='bbox 684 3041 873 3105; x_wconf 75' lang='lat' dir='ltr'>goedus.</span> <span class='ocrx_word' id='word_1_179' title='bbox 905 3042 1013 3089; x_wconf 84' lang='lat' dir='ltr'>Hoc</span> <span class='ocrx_word' id='word_1_180' title='bbox 1047 3041 1218 3090; x_wconf 86' lang='lat' dir='ltr'>eodem</span> <span class='ocrx_word' id='word_1_181' title='bbox 1250 3053 1466 3106; x_wconf 84' lang='lat' dir='ltr'>tempore</span> <span class='ocrx_word' id='word_1_182' title='bbox 1497 3044 1705 3091; x_wconf 80' lang='lat' dir='ltr'>Roscius</span> 
     </span>
     <span class='ocr_line' id='line_1_28' title="bbox 683 3120 1707 3186; baseline 0.001 -18"><span class='ocrx_word' id='word_1_183' title='bbox 683 3120 735 3169; x_wconf 89' lang='lat' dir='ltr'>in</span> <span class='ocrx_word' id='word_1_184' title='bbox 755 3120 952 3169; x_wconf 85' lang='lat' dir='ltr'>comicis</span> <span class='ocrx_word' id='word_1_185' title='bbox 978 3122 1200 3186; x_wconf 86' lang='lat' dir='ltr'>personis</span> <span class='ocrx_word' id='word_1_186' title='bbox 1223 3123 1433 3185; x_wconf 85' lang='lat' dir='ltr'>primum</span> <span class='ocrx_word' id='word_1_187' title='bbox 1455 3121 1707 3169; x_wconf 71' lang='lat' dir='ltr'>obtinebat</span> 
     </span>
     <span class='ocr_line' id='line_1_29' title="bbox 683 3199 1707 3265; baseline -0.002 -17"><span class='ocrx_word' id='word_1_188' title='bbox 683 3201 863 3249; x_wconf 85' lang='lat' dir='ltr'>locum.</span> <span class='ocrx_word' id='word_1_189' title='bbox 907 3202 982 3248; x_wconf 92' lang='lat' dir='ltr'>De</span> <span class='ocrx_word' id='word_1_190' title='bbox 1017 3200 1093 3248; x_wconf 85' lang='lat' dir='ltr'>hia</span> <span class='ocrx_word' id='word_1_191' title='bbox 1131 3200 1363 3249; x_wconf 80' lang='lat' dir='ltr'>Horatius</span> <span class='ocrx_word' id='word_1_192' title='bbox 1397 3199 1519 3265; x_wconf 86' lang='lat' dir='ltr'>(ep.</span> <span class='ocrx_word' id='word_1_193' title='bbox 1552 3203 1625 3260; x_wconf 93' lang='lat'>11,</span> <span class='ocrx_word' id='word_1_194' title='bbox 1657 3216 1707 3259; x_wconf 76' lang='grc' dir='ltr'>ι,</span> 
     </span>
     <span class='ocr_line' id='line_1_30' title="bbox 684 3279 1704 3343; baseline 0 -17"><span class='ocrx_word' id='word_1_195' title='bbox 684 3280 747 3326; x_wconf 75' lang='lat'>82</span> <span class='ocrx_word' id='word_1_196' title='bbox 768 3279 812 3342; x_wconf 92' lang='lat'>):</span> <span class='ocrx_word' id='word_1_197' title='bbox 842 3301 868 3321; x_wconf 70' lang='grc' dir='ltr'>ιι</span> <span class='ocrx_word' id='word_1_198' title='bbox 889 3280 993 3342; x_wconf 61' lang='lat'>¹³4⁰</span> <span class='ocrx_word' id='word_1_199' title='bbox 1019 3295 1169 3342; x_wconf 78' lang='lat' dir='ltr'>quum</span> <span class='ocrx_word' id='word_1_200' title='bbox 1192 3280 1540 3343; x_wconf 79' lang='lat' dir='ltr'>reprehendere</span> <span class='ocrx_word' id='word_1_201' title='bbox 1559 3295 1704 3328; x_wconf 85' lang='lat' dir='ltr'>coner</span> 
     </span>
     <span class='ocr_line' id='line_1_31' title="bbox 681 3357 1705 3420; baseline 0.004 -18"><span class='ocrx_word' id='word_1_202' title='bbox 681 3358 804 3417; x_wconf 80' lang='lat' dir='ltr'>Quae</span> <span class='ocrx_word' id='word_1_203' title='bbox 825 3357 979 3419; x_wconf 79' lang='lat' dir='ltr'>gravis</span> <span class='ocrx_word' id='word_1_204' title='bbox 996 3359 1239 3419; x_wconf 79' lang='lat' dir='ltr'>AEsopus,</span> <span class='ocrx_word' id='word_1_205' title='bbox 1267 3373 1376 3420; x_wconf 65' lang='lat' dir='ltr'>qua</span> <span class='ocrx_word' id='word_1_206' title='bbox 1402 3358 1575 3405; x_wconf 76' lang='lat' dir='ltr'>doetus</span> <span class='ocrx_word' id='word_1_207' title='bbox 1600 3360 1705 3406; x_wconf 74' lang='lat' dir='ltr'>lto·</span> 
     </span>
     <span class='ocr_line' id='line_1_32' title="bbox 681 3434 1704 3499; baseline 0.002 -18"><span class='ocrx_word' id='word_1_208' title='bbox 681 3434 810 3481; x_wconf 86' lang='lat' dir='ltr'>scius</span> <span class='ocrx_word' id='word_1_209' title='bbox 838 3434 936 3495; x_wconf 82' lang='lat' dir='ltr'>egit</span> <span class='ocrx_word' id='word_1_210' title='bbox 959 3454 1001 3479; x_wconf 80' lang='grc' dir='ltr'>ιι.</span> <span class='ocrx_word' id='word_1_211' title='bbox 1036 3435 1188 3499; x_wconf 79' lang='lat' dir='ltr'>Apud</span> <span class='ocrx_word' id='word_1_212' title='bbox 1214 3446 1471 3496; x_wconf 87' lang='lat' dir='ltr'>utrumque</span> <span class='ocrx_word' id='word_1_213' title='bbox 1503 3435 1704 3498; x_wconf 69' lang='lat' dir='ltr'>privata!</span> 
     </span>
     <span class='ocr_line' id='line_1_33' title="bbox 682 3509 1704 3574; baseline 0.002 -15"><span class='ocrx_word' id='word_1_214' title='bbox 682 3512 822 3559; x_wconf 82' lang='lat' dir='ltr'>dotes</span> <span class='ocrx_word' id='word_1_215' title='bbox 864 3509 1091 3558; x_wconf 82' lang='lat' dir='ltr'>videntur</span> <span class='ocrx_word' id='word_1_216' title='bbox 1133 3513 1316 3574; x_wconf 84' lang='lat' dir='ltr'>optime</span> <span class='ocrx_word' id='word_1_217' title='bbox 1361 3527 1471 3558; x_wconf 85' lang='lat' dir='ltr'>cum</span> <span class='ocrx_word' id='word_1_218' title='bbox 1516 3514 1704 3562; x_wconf 81' lang='lat' dir='ltr'>scenica</span> 
     </span>
     <span class='ocr_line' id='line_1_34' title="bbox 681 3590 1703 3653; baseline 0.003 -16"><span class='ocrx_word' id='word_1_219' title='bbox 681 3590 826 3638; x_wconf 88' lang='lat' dir='ltr'>laude</span> <span class='ocrx_word' id='word_1_220' title='bbox 853 3591 1148 3653; x_wconf 73' lang='lat' dir='ltr'>congruisse.</span> <span class='ocrx_word' id='word_1_221' title='bbox 1181 3591 1350 3653; x_wconf 81' lang='lat' dir='ltr'>Neque</span> <span class='ocrx_word' id='word_1_222' title='bbox 1377 3590 1499 3637; x_wconf 83' lang='lat' dir='ltr'>illud</span> <span class='ocrx_word' id='word_1_223' title='bbox 1529 3594 1581 3638; x_wconf 88' lang='lat' dir='ltr'>in</span> <span class='ocrx_word' id='word_1_224' title='bbox 1610 3595 1703 3640; x_wconf 86' lang='lat' dir='ltr'>mi-</span> 
     </span>
     <span class='ocr_line' id='line_1_35' title="bbox 685 3669 1706 3734; baseline 0.002 -17"><span class='ocrx_word' id='word_1_225' title='bbox 685 3669 827 3717; x_wconf 87' lang='lat' dir='ltr'>nimis</span> <span class='ocrx_word' id='word_1_226' title='bbox 851 3669 1050 3717; x_wconf 88' lang='lat' dir='ltr'>laudum</span> <span class='ocrx_word' id='word_1_227' title='bbox 1083 3669 1223 3716; x_wconf 82' lang='lat' dir='ltr'>fuerit</span> <span class='ocrx_word' id='word_1_228' title='bbox 1239 3705 1254 3729; x_wconf 85' lang='lat'>,</span> <span class='ocrx_word' id='word_1_229' title='bbox 1280 3669 1321 3716; x_wconf 86' lang='lat' dir='ltr'>si</span> <span class='ocrx_word' id='word_1_230' title='bbox 1359 3671 1545 3718; x_wconf 85' lang='lat' dir='ltr'>romani</span> <span class='ocrx_word' id='word_1_231' title='bbox 1573 3674 1706 3734; x_wconf 87' lang='lat' dir='ltr'>prin-</span> 
     </span>
     <span class='ocr_line' id='line_1_36' title="bbox 683 3747 1704 3814; baseline 0.001 -18"><span class='ocrx_word' id='word_1_232' title='bbox 683 3764 799 3812; x_wconf 84' lang='lat' dir='ltr'>ceps</span> <span class='ocrx_word' id='word_1_233' title='bbox 812 3748 1012 3811; x_wconf 84' lang='lat' dir='ltr'>eloquii,</span> <span class='ocrx_word' id='word_1_234' title='bbox 1029 3763 1090 3795; x_wconf 85' lang='lat' dir='ltr'>ex</span> <span class='ocrx_word' id='word_1_235' title='bbox 1104 3763 1272 3796; x_wconf 86' lang='lat' dir='ltr'>eorum</span> <span class='ocrx_word' id='word_1_236' title='bbox 1284 3747 1492 3796; x_wconf 83' lang='lat' dir='ltr'>amicitia</span> <span class='ocrx_word' id='word_1_237' title='bbox 1510 3750 1704 3814; x_wconf 77' lang='lat' dir='ltr'>publiea</span> 
     </span>
     <span class='ocr_line' id='line_1_37' title="bbox 684 3827 1124 3892; baseline -0.002 -17"><span class='ocrx_word' id='word_1_238' title='bbox 684 3827 885 3892; x_wconf 75' lang='lat' dir='ltr'>gloriam</span> <span class='ocrx_word' id='word_1_239' title='bbox 906 3828 1124 3875; x_wconf 79' lang='lat' dir='ltr'>traxerit.</span> 
     </span>
    </p>

    <p class='ocr_par' dir='ltr' id='par_1_6' title="bbox 688 3904 1705 4209">
     <span class='ocr_line' id='line_1_38' title="bbox 760 3904 1704 3971; baseline 0.001 -17"><span class='ocrx_word' id='word_1_240' title='bbox 760 3908 809 3955; x_wconf 80' lang='lat'>3.</span> <span class='ocrx_word' id='word_1_241' title='bbox 860 3908 1129 3968; x_wconf 78' lang='lat' dir='ltr'>Tamquam</span> <span class='ocrx_word' id='word_1_242' title='bbox 1175 3904 1224 3952; x_wconf 77' lang='lat' dir='ltr'>in</span> <span class='ocrx_word' id='word_1_243' title='bbox 1271 3923 1420 3955; x_wconf 64' lang='lat' dir='ltr'>neena</span> <span class='ocrx_word' id='word_1_244' title='bbox 1434 3942 1449 3966; x_wconf 92' lang='lat'><strong>‚</strong></span> <span class='ocrx_word' id='word_1_245' title='bbox 1495 3907 1704 3971; x_wconf 74' lang='lat' dir='ltr'>optirna-</span> 
     </span>
     <span class='ocr_line' id='line_1_39' title="bbox 689 3985 1703 4048; baseline 0 -14"><span class='ocrx_word' id='word_1_246' title='bbox 689 4002 808 4035; x_wconf 77' lang='lat' dir='ltr'>mm.</span> <span class='ocrx_word' id='word_1_247' title='bbox 837 3985 1005 4048; x_wconf 73' lang='lat' dir='ltr'>Aliqui</span> <span class='ocrx_word' id='word_1_248' title='bbox 1027 3985 1349 4048; x_wconf 76' lang='lat' dir='ltr'>optimatium,</span> <span class='ocrx_word' id='word_1_249' title='bbox 1370 3988 1572 4035; x_wconf 79' lang='lat' dir='ltr'>vitiose:</span> <span class='ocrx_word' id='word_1_250' title='bbox 1591 4003 1703 4035; x_wconf 88' lang='lat' dir='ltr'>nam</span> 
     </span>
     <span class='ocr_line' id='line_1_40' title="bbox 696 4062 1705 4114; baseline 0 -2"><span class='ocrx_word' id='word_1_251' title='bbox 696 4080 796 4112; x_wconf 87' lang='lat' dir='ltr'>non</span> <span class='ocrx_word' id='word_1_252' title='bbox 837 4062 961 4112; x_wconf 88' lang='lat' dir='ltr'>bene</span> <span class='ocrx_word' id='word_1_253' title='bbox 1007 4078 1116 4109; x_wconf 87' lang='lat' dir='ltr'>cum</span> <span class='ocrx_word' id='word_1_254' title='bbox 1163 4078 1303 4110; x_wconf 81' lang='lat' dir='ltr'>scena</span> <span class='ocrx_word' id='word_1_255' title='bbox 1342 4064 1487 4113; x_wconf 86' lang='lat' dir='ltr'>simul</span> <span class='ocrx_word' id='word_1_256' title='bbox 1534 4078 1583 4114; x_wconf 89' lang='lat' dir='ltr'>et</span> <span class='ocrx_word' id='word_1_257' title='bbox 1630 4080 1705 4112; x_wconf 77' lang='lat' dir='ltr'>re·</span> 
     </span>
     <span class='ocr_line' id='line_1_41' title="bbox 688 4140 1366 4209; baseline -0.003 -17"><span class='ocrx_word' id='word_1_258' title='bbox 688 4142 884 4209; x_wconf 78' lang='lat' dir='ltr'>publiea</span> <span class='ocrx_word' id='word_1_259' title='bbox 904 4156 1004 4191; x_wconf 79' lang='lat' dir='ltr'>vox</span> <span class='ocrx_word' id='word_1_260' title='bbox 1021 4140 1102 4189; x_wconf 83' lang='lat' dir='ltr'>illa</span> <span class='ocrx_word' id='word_1_261' title='bbox 1120 4143 1366 4190; x_wconf 82' lang='lat' dir='ltr'>convenit.</span> 
     </span>
    </p>
   </div>
   <div class='ocr_carea' id='block_1_6' title="bbox 1789 2882 2816 4193">
    <p class='ocr_par' dir='ltr' id='par_1_7' title="bbox 1789 2882 2816 3498">
     <span class='ocr_line' id='line_1_42' title="bbox 1865 2882 2813 2946; baseline 0.001 -15"><span class='ocrx_word' id='word_1_262' title='bbox 1865 2884 1912 2933; x_wconf 82' lang='lat'>5.</span> <span class='ocrx_word' id='word_1_263' title='bbox 1952 2884 2052 2931; x_wconf 77' lang='lat' dir='ltr'>Sed</span> <span class='ocrx_word' id='word_1_264' title='bbox 2078 2883 2229 2931; x_wconf 77' lang='lat' dir='ltr'>etiam</span> <span class='ocrx_word' id='word_1_265' title='bbox 2259 2882 2446 2930; x_wconf 70' lang='lat' dir='ltr'>dolore.</span> <span class='ocrx_word' id='word_1_266' title='bbox 2485 2884 2813 2946; x_wconf 70' lang='lat' dir='ltr'>Quunrenim</span> 
     </span>
     <span class='ocr_line' id='line_1_43' title="bbox 1792 2963 2815 3028; baseline 0.001 -18"><span class='ocrx_word' id='word_1_267' title='bbox 1792 2973 1951 3028; x_wconf 81' lang='lat' dir='ltr'>poetae</span> <span class='ocrx_word' id='word_1_268' title='bbox 1977 2978 2140 3010; x_wconf 80' lang='lat' dir='ltr'>versus</span> <span class='ocrx_word' id='word_1_269' title='bbox 2171 2978 2331 3009; x_wconf 86' lang='lat' dir='ltr'>meum</span> <span class='ocrx_word' id='word_1_270' title='bbox 2360 2978 2523 3009; x_wconf 84' lang='lat' dir='ltr'>casum</span> <span class='ocrx_word' id='word_1_271' title='bbox 2554 2963 2815 3011; x_wconf 76' lang='lat' dir='ltr'>referentes</span> 
     </span>
     <span class='ocr_line' id='line_1_44' title="bbox 1791 3040 2815 3106; baseline -0.001 -17"><span class='ocrx_word' id='word_1_272' title='bbox 1791 3041 2124 3106; x_wconf 72' lang='lat' dir='ltr'>pronuntiaret</span> <span class='ocrx_word' id='word_1_273' title='bbox 2141 3076 2158 3102; x_wconf 84' lang='lat'>‚</span> <span class='ocrx_word' id='word_1_274' title='bbox 2201 3040 2263 3088; x_wconf 81' lang='lat' dir='ltr'>ad</span> <span class='ocrx_word' id='word_1_275' title='bbox 2311 3057 2480 3088; x_wconf 81' lang='lat' dir='ltr'>eorum</span> <span class='ocrx_word' id='word_1_276' title='bbox 2529 3043 2815 3090; x_wconf 82' lang='lat' dir='ltr'>sententiam</span> 
     </span>
     <span class='ocr_line' id='line_1_45' title="bbox 1793 3119 2812 3183; baseline 0.001 -16"><span class='ocrx_word' id='word_1_277' title='bbox 1793 3136 1895 3168; x_wconf 88' lang='lat' dir='ltr'>non</span> <span class='ocrx_word' id='word_1_278' title='bbox 1913 3119 2062 3167; x_wconf 88' lang='lat' dir='ltr'>modo</span> <span class='ocrx_word' id='word_1_279' title='bbox 2080 3119 2299 3183; x_wconf 86' lang='lat' dir='ltr'>eorporis</span> <span class='ocrx_word' id='word_1_280' title='bbox 2315 3130 2499 3166; x_wconf 87' lang='lat' dir='ltr'>motum</span> <span class='ocrx_word' id='word_1_281' title='bbox 2511 3155 2525 3178; x_wconf 91' lang='lat'><strong>‚</strong></span> <span class='ocrx_word' id='word_1_282' title='bbox 2550 3131 2598 3168; x_wconf 89' lang='lat' dir='ltr'>et</span> <span class='ocrx_word' id='word_1_283' title='bbox 2616 3136 2785 3168; x_wconf 76' lang='lat' dir='ltr'>vocem</span> <span class='ocrx_word' id='word_1_284' title='bbox 2797 3153 2812 3177; x_wconf 88' lang='lat'><strong>,</strong></span> 
     </span>
     <span class='ocr_line' id='line_1_46' title="bbox 1793 3198 2815 3259; baseline 0 -13"><span class='ocrx_word' id='word_1_285' title='bbox 1793 3210 1843 3247; x_wconf 87' lang='lat' dir='ltr'>et</span> <span class='ocrx_word' id='word_1_286' title='bbox 1869 3199 2055 3247; x_wconf 81' lang='lat' dir='ltr'>vultum</span> <span class='ocrx_word' id='word_1_287' title='bbox 2072 3235 2088 3259; x_wconf 91' lang='lat'>‚</span> <span class='ocrx_word' id='word_1_288' title='bbox 2116 3215 2281 3246; x_wconf 82' lang='lat' dir='ltr'>verum</span> <span class='ocrx_word' id='word_1_289' title='bbox 2306 3198 2449 3245; x_wconf 86' lang='lat' dir='ltr'>etiam</span> <span class='ocrx_word' id='word_1_290' title='bbox 2474 3199 2719 3259; x_wconf 83' lang='lat' dir='ltr'>animum,</span> <span class='ocrx_word' id='word_1_291' title='bbox 2740 3200 2815 3246; x_wconf 86' lang='lat' dir='ltr'>in·</span> 
     </span>
     <span class='ocr_line' id='line_1_47' title="bbox 1791 3278 2816 3341; baseline 0 -14"><span class='ocrx_word' id='word_1_292' title='bbox 1791 3279 2031 3341; x_wconf 83' lang='lat' dir='ltr'>timosque</span> <span class='ocrx_word' id='word_1_293' title='bbox 2053 3294 2220 3326; x_wconf 84' lang='lat' dir='ltr'>sensus</span> <span class='ocrx_word' id='word_1_294' title='bbox 2237 3278 2665 3327; x_wconf 73' lang='lat' dir='ltr'>accommodabat:</span> <span class='ocrx_word' id='word_1_295' title='bbox 2689 3294 2816 3327; x_wconf 85' lang='lat' dir='ltr'>sum·</span> 
     </span>
     <span class='ocr_line' id='line_1_48' title="bbox 1791 3357 2813 3422; baseline 0.002 -18"><span class='ocrx_word' id='word_1_296' title='bbox 1791 3373 1873 3404; x_wconf 86' lang='lat' dir='ltr'>mo</span> <span class='ocrx_word' id='word_1_297' title='bbox 1896 3358 2022 3404; x_wconf 87' lang='lat' dir='ltr'>enim</span> <span class='ocrx_word' id='word_1_298' title='bbox 2051 3373 2161 3404; x_wconf 81' lang='lat' dir='ltr'>cum</span> <span class='ocrx_word' id='word_1_299' title='bbox 2188 3357 2358 3406; x_wconf 84' lang='lat' dir='ltr'>dolore</span> <span class='ocrx_word' id='word_1_300' title='bbox 2378 3390 2395 3418; x_wconf 86' lang='lat'>,</span> <span class='ocrx_word' id='word_1_301' title='bbox 2417 3358 2679 3422; x_wconf 81' lang='lat' dir='ltr'>multisque</span> <span class='ocrx_word' id='word_1_302' title='bbox 2704 3373 2813 3407; x_wconf 84' lang='lat' dir='ltr'>cum</span> 
     </span>
     <span class='ocr_line' id='line_1_49' title="bbox 1789 3435 2224 3498; baseline 0.002 -16"><span class='ocrx_word' id='word_1_303' title='bbox 1789 3435 2016 3498; x_wconf 75' lang='lat' dir='ltr'>lacrymis</span> <span class='ocrx_word' id='word_1_304' title='bbox 2038 3435 2224 3498; x_wconf 73' lang='lat' dir='ltr'>agebat.</span> 
     </span>
    </p>

    <p class='ocr_par' dir='ltr' id='par_1_8' title="bbox 1789 3513 2815 3720">
     <span class='ocr_line' id='line_1_50' title="bbox 1863 3513 2812 3578; baseline 0.003 -17"><span class='ocrx_word' id='word_1_305' title='bbox 1863 3515 1915 3562; x_wconf 88' lang='lat'>6.</span> <span class='ocrx_word' id='word_1_306' title='bbox 1972 3515 2089 3564; x_wconf 78' lang='lat' dir='ltr'>Cam</span> <span class='ocrx_word' id='word_1_307' title='bbox 2141 3513 2349 3564; x_wconf 61' lang='lat' dir='ltr'>debirit.</span> <span class='ocrx_word' id='word_1_308' title='bbox 2402 3517 2687 3578; x_wconf 74' lang='lat' dir='ltr'>Fragmenta</span> <span class='ocrx_word' id='word_1_309' title='bbox 2732 3514 2812 3563; x_wconf 82' lang='lat' dir='ltr'>illa</span> 
     </span>
     <span class='ocr_line' id='line_1_51' title="bbox 1789 3591 2815 3656; baseline 0.003 -17"><span class='ocrx_word' id='word_1_310' title='bbox 1789 3591 2017 3640; x_wconf 79' lang='lat' dir='ltr'>videntur</span> <span class='ocrx_word' id='word_1_311' title='bbox 2031 3593 2282 3656; x_wconf 81' lang='lat' dir='ltr'>desumpta</span> <span class='ocrx_word' id='word_1_312' title='bbox 2297 3609 2360 3641; x_wconf 81' lang='lat' dir='ltr'>ex</span> <span class='ocrx_word' id='word_1_313' title='bbox 2373 3593 2638 3642; x_wconf 82' lang='lat' dir='ltr'>Telamone</span> <span class='ocrx_word' id='word_1_314' title='bbox 2651 3594 2815 3642; x_wconf 76' lang='lat' dir='ltr'>exsule</span> 
     </span>
     <span class='ocr_line' id='line_1_52' title="bbox 1791 3671 2123 3720; baseline 0.006 -2"><span class='ocrx_word' id='word_1_315' title='bbox 1791 3671 1951 3718; x_wconf 78' lang='lat' dir='ltr'>fabula</span> <span class='ocrx_word' id='word_1_316' title='bbox 1979 3671 2123 3720; x_wconf 76' lang='lat' dir='ltr'>Attii.</span> 
     </span>
    </p>

    <p class='ocr_par' dir='ltr' id='par_1_9' title="bbox 1790 3748 2815 4193">
     <span class='ocr_line' id='line_1_53' title="bbox 1867 3748 2812 3815; baseline 0.002 -19"><span class='ocrx_word' id='word_1_317' title='bbox 1867 3766 1914 3811; x_wconf 84' lang='lat'>7.</span> <span class='ocrx_word' id='word_1_318' title='bbox 1941 3754 2134 3796; x_wconf 57' lang='grc' dir='ltr'>ἴσαι-οε</span> <span class='ocrx_word' id='word_1_319' title='bbox 2158 3748 2365 3798; x_wconf 78' lang='lat' dir='ltr'>ordines.</span> <span class='ocrx_word' id='word_1_320' title='bbox 2392 3751 2647 3808; x_wconf 84' lang='lat' dir='ltr'>Senatum,</span> <span class='ocrx_word' id='word_1_321' title='bbox 2676 3753 2812 3815; x_wconf 89' lang='lat' dir='ltr'>equi-</span> 
     </span>
     <span class='ocr_line' id='line_1_54' title="bbox 1790 3827 2815 3892; baseline 0.002 -16"><span class='ocrx_word' id='word_1_322' title='bbox 1790 3838 1892 3888; x_wconf 81' lang='lat' dir='ltr'>tes,</span> <span class='ocrx_word' id='word_1_323' title='bbox 1917 3827 2145 3892; x_wconf 85' lang='lat' dir='ltr'>plebem:</span> <span class='ocrx_word' id='word_1_324' title='bbox 2170 3843 2295 3891; x_wconf 88' lang='lat' dir='ltr'>quos</span> <span class='ocrx_word' id='word_1_325' title='bbox 2329 3844 2355 3874; x_wconf 89' lang='lat' dir='ltr'>a</span> <span class='ocrx_word' id='word_1_326' title='bbox 2391 3844 2468 3875; x_wconf 86' lang='lat' dir='ltr'>me</span> <span class='ocrx_word' id='word_1_327' title='bbox 2500 3828 2697 3878; x_wconf 87' lang='lat' dir='ltr'>ordines</span> <span class='ocrx_word' id='word_1_328' title='bbox 2733 3830 2815 3878; x_wconf 89' lang='lat' dir='ltr'>de-</span> 
     </span>
     <span class='ocr_line' id='line_1_55' title="bbox 1790 3905 2812 3956; baseline 0.002 -4"><span class='ocrx_word' id='word_1_329' title='bbox 1790 3907 1951 3953; x_wconf 84' lang='lat' dir='ltr'>fensos</span> <span class='ocrx_word' id='word_1_330' title='bbox 1972 3922 2076 3952; x_wconf 84' lang='lat' dir='ltr'>esse</span> <span class='ocrx_word' id='word_1_331' title='bbox 2095 3905 2474 3956; x_wconf 83' lang='lat' dir='ltr'>demonstrabat.</span> <span class='ocrx_word' id='word_1_332' title='bbox 2502 3934 2572 3944; x_wconf 88' lang='lat'><strong>—</strong></span> <span class='ocrx_word' id='word_1_333' title='bbox 2599 3910 2812 3956; x_wconf 76' lang='lat' dir='ltr'>Revoca·</span> 
     </span>
     <span class='ocr_line' id='line_1_56' title="bbox 1790 3985 2811 4050; baseline 0 -16"><span class='ocrx_word' id='word_1_334' title='bbox 1790 3986 1948 4034; x_wconf 78' lang='lat' dir='ltr'>batur.</span> <span class='ocrx_word' id='word_1_335' title='bbox 1998 3985 2216 4048; x_wconf 81' lang='lat' dir='ltr'>Cogebat</span> <span class='ocrx_word' id='word_1_336' title='bbox 2264 3986 2477 4050; x_wconf 84' lang='lat' dir='ltr'>populus</span> <span class='ocrx_word' id='word_1_337' title='bbox 2522 3988 2811 4044; x_wconf 77' lang='lat' dir='ltr'>histriones,</span> 
     </span>
     <span class='ocr_line' id='line_1_57' title="bbox 1792 4064 2813 4132; baseline 0.003 -21"><span class='ocrx_word' id='word_1_338' title='bbox 1792 4081 1900 4128; x_wconf 81' lang='lat' dir='ltr'>quae</span> <span class='ocrx_word' id='word_1_339' title='bbox 1934 4064 2079 4112; x_wconf 89' lang='lat' dir='ltr'>semel</span> <span class='ocrx_word' id='word_1_340' title='bbox 2124 4064 2253 4113; x_wconf 87' lang='lat' dir='ltr'>dieta</span> <span class='ocrx_word' id='word_1_341' title='bbox 2288 4067 2596 4132; x_wconf 85' lang='lat' dir='ltr'>placuerant,</span> <span class='ocrx_word' id='word_1_342' title='bbox 2638 4068 2813 4132; x_wconf 63' lang='lat' dir='ltr'>sapius</span> 
     </span>
     <span class='ocr_line' id='line_1_58' title="bbox 1794 4142 2171 4193; baseline 0.003 -2"><span class='ocrx_word' id='word_1_343' title='bbox 1794 4143 1959 4192; x_wconf 78' lang='lat' dir='ltr'>eadem</span> <span class='ocrx_word' id='word_1_344' title='bbox 1983 4142 2171 4193; x_wconf 84' lang='lat' dir='ltr'>iterare.</span> 
     </span>
    </p>
   </div>
  </div>
 </body>
</html>
