2994 4778
620 385 760 476 [⁴70
1283 380 2064 451 ARGUMEN‘TUM.
2154 458 2159 461 ,

695 500 767 559 ad
796 514 1000 558 nutum
1029 500 1205 558 flectit
1222 514 1281 558 et
1305 514 1618 580 temperat,
1661 502 1805 561 dum
1836 522 1935 561 eos
1962 499 2324 561 solummodo
2350 519 2516 559 orare
2540 514 2601 558 et
2631 500 2762 559 ob-

698 598 897 656 testari
931 596 1181 657 videtur.
1217 605 1407 672 Quam
1451 612 1646 658 tamen
1675 600 2038 678 provinciam
2082 599 2223 657 Milo
2268 598 2479 676 agendi
2516 598 2766 657 ratione

698 693 940 752 arduam
985 694 1215 751 fecerat.
1256 695 1507 766 Etenim,
1544 707 1678 754 ante
1728 695 1982 754 tribunal
2025 715 2141 753 non
2180 707 2364 753 atrata
2404 708 2601 766 veste,
2640 714 2766 752 nec

697 791 901 850 habitu
926 790 997 849 ad
1032 792 1356 850 moestitiam
1382 793 1705 871 composito
1730 791 2060 861 adstiterat3
2104 791 2261 870 quod
2289 793 2499 850 Cicero
2523 792 2613 850 ita
2644 812 2765 869 pe-

699 888 809 945 rite
844 901 902 945 et
928 886 1212 945 subtiliter
1247 899 1481 960 tractat²
1520 899 1586 945 ut
1620 887 1732 946 hoc
1773 888 1901 966 ipso
1943 887 2162 945 animos
2204 885 2315 945 sibi
2352 886 2661 960 conciliet,
2701 900 2765 944 et

695 983 831 1043 inde
868 984 1104 1042 Milonis
1139 984 1570 1056 fortitudinem,
1614 985 1983 1061 animumque
2026 984 2192 1043 malis
2229 984 2509 1041 invictum
2543 984 2761 1041 miram

609 1102 614 1109 ·
693 1082 754 1138 in
781 1080 1313 1157 lucemproducat,
1348 1093 1522 1157 atque
1559 1080 1683 1157 ejus
1722 1100 1951 1139 causam
1992 1100 2123 1138 cum
2162 1081 2423 1138 omnium
2456 1079 2762 1139 bonorum

692 1191 751 1236 et
778 1177 1218 1235 fortissimorum
1246 1176 1507 1233 virorum
1535 1195 1709 1234 causa
1737 1177 2140 1234 communicet.

775 1278 908 1333 Non
938 1287 1130 1331 tamen
1153 1266 1308 1331 'bene
1336 1273 1541 1331 Miloni
1579 1293 1671 1331 res
1698 1274 1890 1344 cessit,
1931 1273 2351 1331 condemnatus
2383 1286 2496 1344 est;
2531 1284 2590 1329 et
2621 1285 2757 1329 tre-

696 1371 885 1430 decim
920 1383 1141 1429 tantum
1171 1368 1465 1447 judicibus
1506 1368 1832 1441 absolutus,
1861 1389 2006 1447 quos
2045 1371 2197 1428 inter
2240 1375 2322 1427 Μ.
2356 1373 2524 1439 Cato,
2560 1370 2666 1446 qui
2701 1369 2759 1427 si

698 1468 1040 1527 sententiam
1069 1467 1350 1525 maturius
1375 1467 1625 1538 tulisset,
1668 1486 1783 1524 non
1813 1467 2127 1524 defuissent
2151 1479 2308 1525 certe
2332 1468 2432 1544 qui
2465 1467 2606 1525 tanti
2633 1467 2757 1524 viri

701 1566 1029 1644 exemplum
1058 1577 1458 1641 sequerentur.
1485 1564 1797 1623 Massiliam
1826 1565 1883 1620 in
1910 1564 2171 1622 exsilium
2202 1577 2290 1621 est
2310 1563 2634 1641 profectus:
2666 1563 2758 1621 ibi

700 1682 878 1741 quum
912 1661 983 1719 ad
1019 1681 1152 1719 eum
1186 1661 1391 1719 Cicero
1414 1663 1685 1732 misisset,
1719 1680 1889 1738 quam
1910 1681 2063 1718 nunc
2090 1660 2369 1728 habemus
2398 1662 2755 1720 orationem:

706 1784 730 1808 c<
752 1761 805 1815 O
837 1759 1065 1816 Cicero!
1096 1759 1470 1828 exclamavit,
1503 1758 1548 1814 si
1578 1758 1657 1814 sic
1680 1756 1949 1828 dixisses,
1974 1776 2090 1814 non
2124 1776 2229 1834 ego
2258 1756 2534 1816 barbatos
2565 1759 2761 1836 pisces

702 1854 974 1912 Massiliae
1002 1834 1235 1913 ederem
1255 1882 1298 1912 a.

780 1951 1099 2009 Exordium
1129 1951 1301 2029 hujus
1337 1951 1613 2009 orationis
1650 1951 1875 2028 capitur
1914 1951 1988 2010 ab
2030 1952 2261 2011 insolita
2292 1951 2503 2030 judicii
2534 1952 2752 2018 forma,

705 2046 860 2125 quod
915 2047 1220 2126 Pompeius
1269 2049 1459 2106 forum
1509 2047 1790 2124 praesidiis
1844 2049 2088 2106 militum
2144 2048 2620 2109 circumdederat.
2668 2051 2758 2106 Ea

703 2163 1055 2221 quamquam
1083 2156 1372 2202 oratorem
1396 2155 1616 2200 terrere
1652 2145 1835 2221 possit
1856 2187 1873 2214 ‚
1907 2163 2174 2222 magnum
2212 2158 2402 2202 tamen
2445 2164 2568 2203 esse
2594 2145 2758 2201 sola-

706 2240 880 2312 tium,
911 2239 1067 2318 quod
1095 2240 1404 2319 Pompeius
1433 2259 1544 2318 pro
1585 2259 1687 2298 sua
1725 2239 1948 2317 justitia
1988 2252 2046 2297 et
2077 2241 2354 2318 sapientia
2382 2241 2519 2299 illos
2548 2253 2758 2298 centn-

704 2338 895 2396 riones
924 2351 982 2396 et
1010 2337 1278 2397 cohortes
1305 2357 1422 2395 non
1446 2337 1724 2416 periculi,
1751 2336 1852 2395 sed
1879 2336 2127 2416 praesidii
2153 2357 2326 2397 causa
2350 2338 2756 2402 collocaverit,

704 2436 805 2512 qui
839 2435 1158 2493 defensioni
1181 2455 1297 2493 suae
1321 2455 1438 2492 non
1469 2435 1748 2493 auxilium
1780 2433 1955 2492 modo
1975 2477 1992 2506 ‚
2038 2454 2238 2493 verum
2266 2435 2439 2494 etiam
2464 2436 2754 2494 silentium

706 2531 1110 2612 polliceantur.
1156 2531 1458 2607 Reliquam
1495 2530 1707 2588 civium
1738 2528 2164 2588 multitudinem
2199 2543 2378 2588 totam
2420 2551 2610 2589 causae
2641 2551 2758 2589 suae

708 2630 914 2687 favere.
944 2632 1142 2688 Unum
1173 2646 1350 2704 genus
1380 2627 1652 2684 infestum
1680 2645 1803 2683 esse
1837 2645 2038 2683 eorum
2073 2646 2223 2703 quos
2262 2631 2327 2684 P.
2363 2626 2560 2685 Clodii
2593 2628 2755 2685 furor

706 2726 923 2804 rapinis
947 2737 1006 2783 et
1026 2722 1302 2781 incendiis
1330 2723 1583 2801 paverit,
1606 2743 1733 2800 cap.
1765 2743 1785 2778 1
1800 2773 1812 2784 .
1833 2725 2038 2800 Itaque
2060 2721 2284 2799 judices
2310 2722 2663 2791 cohortatur,
2684 2737 2757 2781 ut

708 2824 991 2893 timorem,
1006 2823 1053 2879 si
1081 2841 1251 2898 quem
1277 2819 1562 2887 habeant,
1586 2819 1912 2899 deponant,
1942 2820 2415 2898 ostenditque‚‚se
2437 2822 2493 2878 in
2518 2821 2753 2879 Milonis

704 2919 1039 2979 defensione
1051 2938 1169 2975 non
1189 2917 1312 2994 ejus
1327 2916 1645 2986 tribunatu,
1658 2929 1715 2974 et
1730 2916 1901 2975 rebus
1913 2937 2022 2994 pro
2037 2918 2221 2975 salute
2231 2916 2567 2995 reipublicae
2585 2917 2753 2994 gestis

703 3017 1047 3085 abusurnm,
1077 3014 1177 3074 sed
1211 3014 1408 3094 potius
1437 3013 1495 3072 id
1531 3014 1872 3072 effecturum
1894 3056 1910 3079 ‚
1948 3026 2012 3071 ut
2047 3014 2231 3071 oculis
2262 3012 2500 3071 videant
2522 3014 2748 3072 insidias

704 3115 910 3173 Miloni
934 3134 968 3172 a
991 3112 1197 3172 Clodio
1225 3112 1402 3171 factas
1426 3156 1443 3183 ,
1466 3112 1715 3188 ideoque
1738 3129 1866 3168 eum
1881 3112 2015 3187 jure
2034 3111 2284 3168 occisum
2310 3130 2463 3182 csse,
2489 3130 2615 3190 cap.
2646 3130 2694 3168 2.

774 3212 1049 3289 Sequitur
1073 3209 1347 3268 refutatio
1376 3228 1580 3266 eorum
1606 3227 1734 3284 quae
1768 3206 2082 3264 adversarii
2113 3205 2405 3264 dixerant.

783 3307 980 3365 Primo
998 3318 1346 3384 negaverant
1363 3306 1579 3363 intueri
1605 3305 1791 3362 lucem
1811 3322 1933 3362 esse
1956 3303 2039 3362 fas
2066 3304 2147 3374 ei,
2182 3304 2281 3380 qui
2309 3323 2344 3360 a
2370 3323 2434 3361 se
2462 3303 2745 3361 hominem

705 3402 958 3460 occisum
987 3423 1108 3461 esse
1134 3404 1397 3461 fateatur.
1435 3402 1505 3460 Id
1540 3402 1745 3460 Cicero
1781 3403 2031 3480 primum
2067 3400 2343 3478 exemplis
2382 3419 2616 3470 eorum,
2652 3401 2745 3478 qui

705 3494 958 3555 absoluti
980 3499 1093 3555 sint
1118 3512 1250 3574 post
1266 3498 1478 3575 justam
1514 3497 1763 3556 hominis
1804 3497 2046 3566 caedem,
2074 3496 2284 3554 deinde
2312 3497 2449 3574 jure
2474 3497 2747 3570 naturali,

704 3591 951 3669 denique
972 3593 1099 3670 ipsa
1131 3594 1255 3669 lege
1281 3596 1398 3649 XII
1428 3591 1754 3652 tabularum
1787 3595 2030 3663 refutat,
2058 3614 2185 3672 cap.
2211 3595 2274 3664 3,
2303 3603 2356 3663 4.

785 3686 1057 3748 Secundo
1088 3688 1217 3745 loco
1248 3686 1550 3760 dixerant,
1576 3689 1788 3748 caedem
1820 3690 1880 3746 in
1911 3709 2025 3767 qua
2058 3695 2118 3748 Ρ.
2144 3689 2383 3749 Clodius
2403 3690 2629 3748 occisus
2654 3691 2749 3766 sit,

704 3798 965 3843 senatum
1006 3783 1295 3861 judicasse
1342 3799 1544 3843 contra
1593 3783 2010 3864 rempublicam
2055 3805 2179 3843 esse
2230 3785 2460 3842 factam.
2522 3791 2588 3843 In
2638 3806 2748 3863 quo

706 3880 1035 3938 ostenditur
1059 3894 1323 3939 senatum
1348 3882 1503 3939 illam
1533 3881 1746 3940 caedem
1778 3902 1896 3938 non
1926 3882 2226 3939 sententiis
2253 3881 2371 3938 suis
2405 3882 2593 3939 solum
2612 3925 2628 3952 ,
2656 3882 2749 3939 sed

704 3977 878 4034 etiam
907 3976 1112 4035 studiis
1140 3978 1579 4057 comprobasse3
1613 3998 1718 4036 nec
1759 3996 1969 4035 novam
2009 3979 2082 4035 de
2109 3997 2176 4034 ea
2205 3978 2568 4055 questionem
2596 3978 2747 4035 insti·

706 4076 908 4146 tuisse,
935 4075 1034 4132 sed
1063 4073 1416 4142 decrevisse,
1448 4089 1511 4132 ut
1540 4072 1831 4132 veteribus
1861 4072 2120 4149 legibus,
2162 4073 2563 4131 tantummodo
2593 4088 2745 4132 extra
