<?xml version="1.0" encoding="UTF-8"?>
<!DOCTYPE html PUBLIC "-//W3C//DTD XHTML 1.0 Transitional//EN"
    "http://www.w3.org/TR/xhtml1/DTD/xhtml1-transitional.dtd">
<html xmlns="http://www.w3.org/1999/xhtml" xml:lang="en" lang="en">
 <head>
  <title>
</title>
<meta http-equiv="Content-Type" content="text/html;charset=utf-8" />
  <meta name='ocr-system' content='tesseract 3.04.00' />
  <meta name='ocr-capabilities' content='ocr_page ocr_carea ocr_par ocr_line ocrx_word'/>
</head>
<body>
  <div class='ocr_page' id='page_1' title='image "./mtciceronisquae06lemagoog_0497.png"; bbox 0 0 2994 4778; ppageno 0'>
   <div class='ocr_carea' id='block_1_1' title="bbox 597 422 2342 519">
    <p class='ocr_par' dir='ltr' id='par_1_1' title="bbox 597 422 2342 519">
     <span class='ocr_line' id='line_1_1' title="bbox 597 422 2342 519; baseline 0.001 -28"><span class='ocrx_word' id='word_1_1' title='bbox 597 424 984 492; x_wconf 81' lang='lat' dir='ltr'><strong>ORATIO</strong></span> <span class='ocrx_word' id='word_1_2' title='bbox 1031 422 1239 491; x_wconf 83' lang='lat' dir='ltr'>PRO</span> <span class='ocrx_word' id='word_1_3' title='bbox 1291 423 1368 489; x_wconf 90' lang='lat' dir='ltr'>T.</span> <span class='ocrx_word' id='word_1_4' title='bbox 1407 424 1489 489; x_wconf 85' lang='lat' dir='ltr'>A.</span> <span class='ocrx_word' id='word_1_5' title='bbox 1544 424 1967 493; x_wconf 78' lang='lat' dir='ltr'>MlLoNE.</span> <span class='ocrx_word' id='word_1_6' title='bbox 2205 423 2342 519; x_wconf 76' lang='lat'>487</span> 
     </span>
    </p>
   </div>
   <div class='ocr_carea' id='block_1_2' title="bbox 186 542 2405 3034">
    <p class='ocr_par' dir='ltr' id='par_1_2' title="bbox 186 542 2405 2793">
     <span class='ocr_line' id='line_1_2' title="bbox 220 542 2348 643; baseline -0.001 -24"><span class='ocrx_word' id='word_1_7' title='bbox 220 572 377 629; x_wconf 87' lang='lat' dir='ltr'>ces,</span> <span class='ocrx_word' id='word_1_8' title='bbox 419 544 744 643; x_wconf 80' lang='lat' dir='ltr'>profecto</span> <span class='ocrx_word' id='word_1_9' title='bbox 788 569 942 614; x_wconf 87' lang='lat' dir='ltr'>uon</span> <span class='ocrx_word' id='word_1_10' title='bbox 994 542 1172 631; x_wconf 84' lang='lat' dir='ltr'>fuit,</span> <span class='ocrx_word' id='word_1_11' title='bbox 1223 568 1354 614; x_wconf 85' lang='lat' dir='ltr'>cur</span> <span class='ocrx_word' id='word_1_12' title='bbox 1406 542 1547 615; x_wconf 86' lang='lat' dir='ltr'>sibi</span> <span class='ocrx_word' id='word_1_13' title='bbox 1590 560 1913 614; x_wconf 89' lang='lat' dir='ltr'>censeret</span> <span class='ocrx_word' id='word_1_14' title='bbox 1965 548 2348 642; x_wconf 89' lang='lat' dir='ltr'>Pompeius</span> 
     </span>
     <span class='ocr_line' id='line_1_3' title="bbox 218 654 2352 753; baseline 0 -27"><span class='ocrx_word' id='word_1_15' title='bbox 218 660 697 753; x_wconf 66' lang='lat' dir='ltr'>quaestionem</span> <span class='ocrx_word' id='word_1_16' title='bbox 740 654 1113 726; x_wconf 86' lang='lat' dir='ltr'>ferendam</span> <span class='ocrx_word' id='word_1_17' title='bbox 1149 682 1164 725; x_wconf 77' lang='lat' dir='ltr'><strong><em>z</em></strong></span> <span class='ocrx_word' id='word_1_18' title='bbox 1202 654 1323 726; x_wconf 89' lang='lat' dir='ltr'>sed</span> <span class='ocrx_word' id='word_1_19' title='bbox 1362 654 1587 735; x_wconf 88' lang='lat' dir='ltr'>homo</span> <span class='ocrx_word' id='word_1_20' title='bbox 1631 656 1954 751; x_wconf 85' lang='lat' dir='ltr'>sapiens,</span> <span class='ocrx_word' id='word_1_21' title='bbox 1991 669 2063 724; x_wconf 93' lang='lat' dir='ltr'>et</span> <span class='ocrx_word' id='word_1_22' title='bbox 2096 656 2234 726; x_wconf 85' lang='lat' dir='ltr'>alta</span> <span class='ocrx_word' id='word_1_23' title='bbox 2279 671 2352 727; x_wconf 88' lang='lat' dir='ltr'>et</span> 
     </span>
     <span class='ocr_line' id='line_1_4' title="bbox 219 756 2348 863; baseline -0.001 -26"><span class='ocrx_word' id='word_1_24' title='bbox 219 767 468 837; x_wconf 83' lang='lat' dir='ltr'>divina</span> <span class='ocrx_word' id='word_1_25' title='bbox 503 765 813 862; x_wconf 84' lang='lat' dir='ltr'>quadam</span> <span class='ocrx_word' id='word_1_26' title='bbox 858 780 1101 836; x_wconf 89' lang='lat' dir='ltr'>mente</span> <span class='ocrx_word' id='word_1_27' title='bbox 1146 756 1553 863; x_wconf 81' lang='lat' dir='ltr'>praeditus⁵‚</span> <span class='ocrx_word' id='word_1_28' title='bbox 1601 765 1822 835; x_wconf 83' lang='lat' dir='ltr'>multa</span> <span class='ocrx_word' id='word_1_29' title='bbox 1867 763 2088 850; x_wconf 77' lang='lat' dir='ltr'>vidit3</span> <span class='ocrx_word' id='word_1_30' title='bbox 2133 764 2348 835; x_wconf 84' lang='lat' dir='ltr'>fuisse</span> 
     </span>
     <span class='ocr_line' id='line_1_5' title="bbox 221 873 2350 961; baseline -0.001 -12"><span class='ocrx_word' id='word_1_31' title='bbox 221 878 366 949; x_wconf 89' lang='lat' dir='ltr'>sibi</span> <span class='ocrx_word' id='word_1_32' title='bbox 412 877 611 948; x_wconf 89' lang='lat' dir='ltr'>illum</span> <span class='ocrx_word' id='word_1_33' title='bbox 666 876 1074 961; x_wconf 89' lang='lat' dir='ltr'>inimicum,</span> <span class='ocrx_word' id='word_1_34' title='bbox 1131 873 1550 947; x_wconf 82' lang='lat' dir='ltr'>familiarem</span> <span class='ocrx_word' id='word_1_35' title='bbox 1594 876 1962 946; x_wconf 88' lang='lat' dir='ltr'>Milonem.</span> <span class='ocrx_word' id='word_1_36' title='bbox 2019 878 2100 944; x_wconf 91' lang='lat' dir='ltr'>In</span> <span class='ocrx_word' id='word_1_37' title='bbox 2157 901 2350 947; x_wconf 87' lang='lat' dir='ltr'>com·</span> 
     </span>
     <span class='ocr_line' id='line_1_6' title="bbox 224 986 2353 1082; baseline -0.001 -25"><span class='ocrx_word' id='word_1_38' title='bbox 224 989 432 1058; x_wconf 86' lang='lat' dir='ltr'>muni</span> <span class='ocrx_word' id='word_1_39' title='bbox 465 988 794 1057; x_wconf 89' lang='lat' dir='ltr'>omnium</span> <span class='ocrx_word' id='word_1_40' title='bbox 840 986 1074 1055; x_wconf 83' lang='lat' dir='ltr'>laetitia</span> <span class='ocrx_word' id='word_1_41' title='bbox 1109 986 1170 1055; x_wconf 81' lang='lat' dir='ltr'>si</span> <span class='ocrx_word' id='word_1_42' title='bbox 1207 987 1419 1056; x_wconf 85' lang='lat' dir='ltr'>etiam</span> <span class='ocrx_word' id='word_1_43' title='bbox 1466 987 1620 1082; x_wconf 90' lang='lat' dir='ltr'>ipse</span> <span class='ocrx_word' id='word_1_44' title='bbox 1661 986 2036 1082; x_wconf 79' lang='lat' dir='ltr'><strong>gauderet,</strong></span> <span class='ocrx_word' id='word_1_45' title='bbox 2074 988 2353 1072; x_wconf 85' lang='lat' dir='ltr'>timuit,</span> 
     </span>
     <span class='ocr_line' id='line_1_7' title="bbox 226 1092 2351 1193; baseline -0.001 -25"><span class='ocrx_word' id='word_1_46' title='bbox 226 1122 325 1168; x_wconf 87' lang='lat' dir='ltr'>ne</span> <span class='ocrx_word' id='word_1_47' title='bbox 396 1096 761 1167; x_wconf 84' lang='lat' dir='ltr'>videretur</span> <span class='ocrx_word' id='word_1_48' title='bbox 823 1094 1177 1166; x_wconf 87' lang='lat' dir='ltr'>infirmior</span> <span class='ocrx_word' id='word_1_49' title='bbox 1247 1092 1476 1166; x_wconf 81' lang='lat' dir='ltr'>fides⁶</span> <span class='ocrx_word' id='word_1_50' title='bbox 1543 1096 2018 1166; x_wconf 86' lang='lat' dir='ltr'>reconciliatae</span> <span class='ocrx_word' id='word_1_51' title='bbox 2091 1100 2351 1193; x_wconf 69' lang='lat' dir='ltr'>gratiae.</span> 
     </span>
     <span class='ocr_line' id='line_1_8' title="bbox 225 1204 2361 1305; baseline -0 -29"><span class='ocrx_word' id='word_1_52' title='bbox 225 1207 455 1278; x_wconf 87' lang='lat' dir='ltr'>Multa</span> <span class='ocrx_word' id='word_1_53' title='bbox 510 1208 721 1277; x_wconf 86' lang='lat' dir='ltr'>etiam</span> <span class='ocrx_word' id='word_1_54' title='bbox 782 1205 915 1275; x_wconf 85' lang='lat' dir='ltr'>alia</span> <span class='ocrx_word' id='word_1_55' title='bbox 964 1205 1179 1286; x_wconf 82' lang='lat' dir='ltr'>vidit,</span> <span class='ocrx_word' id='word_1_56' title='bbox 1235 1204 1361 1275; x_wconf 77' lang='lat' dir='ltr'>sed</span> <span class='ocrx_word' id='word_1_57' title='bbox 1414 1205 1591 1275; x_wconf 86' lang='lat' dir='ltr'>illud</span> <span class='ocrx_word' id='word_1_58' title='bbox 1644 1208 1985 1293; x_wconf 83' lang='lat' dir='ltr'>maxime,</span> <span class='ocrx_word' id='word_1_59' title='bbox 2034 1211 2361 1305; x_wconf 86' lang='lat' dir='ltr'>quamvis</span> 
     </span>
     <span class='ocr_line' id='line_1_9' title="bbox 227 1313 2356 1413; baseline 0 -26"><span class='ocrx_word' id='word_1_60' title='bbox 227 1319 607 1388; x_wconf 82' lang='lat' dir='ltr'>atrociter7</span> <span class='ocrx_word' id='word_1_61' title='bbox 638 1317 792 1413; x_wconf 88' lang='lat' dir='ltr'>ipse</span> <span class='ocrx_word' id='word_1_62' title='bbox 820 1316 1132 1401; x_wconf 87' lang='lat' dir='ltr'>tulisset,</span> <span class='ocrx_word' id='word_1_63' title='bbox 1157 1339 1286 1385; x_wconf 84' lang='lat' dir='ltr'>vos</span> <span class='ocrx_word' id='word_1_64' title='bbox 1313 1329 1553 1385; x_wconf 87' lang='lat' dir='ltr'>tamen</span> <span class='ocrx_word' id='word_1_65' title='bbox 1584 1313 1868 1385; x_wconf 89' lang='lat' dir='ltr'>fortiter</span> <span class='ocrx_word' id='word_1_66' title='bbox 1890 1315 2356 1411; x_wconf 63' lang='lat' dir='ltr'>judica-turos</span> 
     </span>
     <span class='ocr_line' id='line_1_10' title="bbox 186 1420 2357 1525; baseline -0.001 -28"><span class='ocrx_word' id='word_1_67' title='bbox 186 1521 190 1525; x_wconf 86' lang='lat'><em>.</em></span> <span class='ocrx_word' id='word_1_68' title='bbox 228 1432 482 1523; x_wconf 87' lang='lat' dir='ltr'>ltaque</span> <span class='ocrx_word' id='word_1_69' title='bbox 512 1426 774 1521; x_wconf 85' lang='lat' dir='ltr'>delegit</span> <span class='ocrx_word' id='word_1_70' title='bbox 800 1452 839 1496; x_wconf 88' lang='lat' dir='ltr'>e</span> <span class='ocrx_word' id='word_1_71' title='bbox 863 1424 1384 1495; x_wconf 85' lang='lat' dir='ltr'>florentissimis</span> <span class='ocrx_word' id='word_1_72' title='bbox 1410 1420 1833 1496; x_wconf 73' lang='lat' dir='ltr'>ordinibusss</span> <span class='ocrx_word' id='word_1_73' title='bbox 1873 1429 2022 1524; x_wconf 82' lang='lat' dir='ltr'>ipsa</span> <span class='ocrx_word' id='word_1_74' title='bbox 2052 1426 2357 1511; x_wconf 85' lang='lat' dir='ltr'>lumina;</span> 
     </span>
     <span class='ocr_line' id='line_1_11' title="bbox 232 1534 2359 1635; baseline -0.001 -27"><span class='ocrx_word' id='word_1_75' title='bbox 232 1564 476 1635; x_wconf 86' lang='lat' dir='ltr'>neque</span> <span class='ocrx_word' id='word_1_76' title='bbox 510 1562 720 1621; x_wconf 84' lang='lat' dir='ltr'>vero,</span> <span class='ocrx_word' id='word_1_77' title='bbox 762 1536 963 1632; x_wconf 92' lang='lat' dir='ltr'>quod</span> <span class='ocrx_word' id='word_1_78' title='bbox 990 1535 1321 1606; x_wconf 87' lang='lat' dir='ltr'>nonnulli</span> <span class='ocrx_word' id='word_1_79' title='bbox 1356 1534 1716 1621; x_wconf 85' lang='lat' dir='ltr'>dictitant,</span> <span class='ocrx_word' id='word_1_80' title='bbox 1752 1541 2048 1607; x_wconf 86' lang='lat' dir='ltr'>secrevit</span> <span class='ocrx_word' id='word_1_81' title='bbox 2078 1542 2150 1606; x_wconf 87' lang='lat' dir='ltr'>in</span> <span class='ocrx_word' id='word_1_82' title='bbox 2172 1535 2359 1631; x_wconf 89' lang='lat' dir='ltr'>judi·</span> 
     </span>
     <span class='ocr_line' id='line_1_12' title="bbox 231 1640 2362 1743; baseline -0.001 -25"><span class='ocrx_word' id='word_1_83' title='bbox 231 1649 432 1718; x_wconf 90' lang='lat' dir='ltr'>cibus</span> <span class='ocrx_word' id='word_1_84' title='bbox 459 1646 777 1743; x_wconf 87' lang='lat' dir='ltr'>legendis</span> <span class='ocrx_word' id='word_1_85' title='bbox 810 1649 1077 1717; x_wconf 86' lang='lat' dir='ltr'>amicos</span> <span class='ocrx_word' id='word_1_86' title='bbox 1108 1656 1368 1716; x_wconf 86' lang='lat' dir='ltr'>meos9.</span> <span class='ocrx_word' id='word_1_87' title='bbox 1402 1640 1660 1740; x_wconf 84' lang='lat' dir='ltr'>Neque</span> <span class='ocrx_word' id='word_1_88' title='bbox 1695 1648 1887 1717; x_wconf 87' lang='lat' dir='ltr'>enim</span> <span class='ocrx_word' id='word_1_89' title='bbox 1925 1646 2065 1718; x_wconf 93' lang='lat' dir='ltr'>hoc</span> <span class='ocrx_word' id='word_1_90' title='bbox 2097 1649 2362 1742; x_wconf 87' lang='lat' dir='ltr'>cogita-</span> 
     </span>
     <span class='ocr_line' id='line_1_13' title="bbox 235 1752 2360 1851; baseline -0.001 -25"><span class='ocrx_word' id='word_1_91' title='bbox 235 1760 333 1828; x_wconf 86' lang='lat' dir='ltr'>vit</span> <span class='ocrx_word' id='word_1_92' title='bbox 372 1759 483 1826; x_wconf 85' lang='lat' dir='ltr'>vir</span> <span class='ocrx_word' id='word_1_93' title='bbox 516 1757 982 1851; x_wconf 85' lang='lat' dir='ltr'>justissimus,</span> <span class='ocrx_word' id='word_1_94' title='bbox 1040 1779 1279 1851; x_wconf 86' lang='lat' dir='ltr'>neque</span> <span class='ocrx_word' id='word_1_95' title='bbox 1325 1756 1399 1823; x_wconf 87' lang='lat' dir='ltr'>in</span> <span class='ocrx_word' id='word_1_96' title='bbox 1454 1752 1670 1824; x_wconf 90' lang='lat' dir='ltr'>bonis</span> <span class='ocrx_word' id='word_1_97' title='bbox 1724 1757 1892 1825; x_wconf 87' lang='lat' dir='ltr'>viris</span> <span class='ocrx_word' id='word_1_98' title='bbox 1935 1754 2254 1850; x_wconf 88' lang='lat' dir='ltr'>legendis</span> <span class='ocrx_word' id='word_1_99' title='bbox 2291 1755 2360 1824; x_wconf 87' lang='lat' dir='ltr'>id</span> 
     </span>
     <span class='ocr_line' id='line_1_14' title="bbox 231 1867 2362 1962; baseline -0 -25"><span class='ocrx_word' id='word_1_100' title='bbox 231 1869 519 1961; x_wconf 79' lang='lat' dir='ltr'>assequi</span> <span class='ocrx_word' id='word_1_101' title='bbox 581 1868 973 1962; x_wconf 87' lang='lat' dir='ltr'>potuisset,</span> <span class='ocrx_word' id='word_1_102' title='bbox 1026 1867 1302 1934; x_wconf 82' lang='lat' dir='ltr'>etiamsi</span> <span class='ocrx_word' id='word_1_103' title='bbox 1359 1867 1698 1961; x_wconf 85' lang='lat' dir='ltr'>cupisset.</span> <span class='ocrx_word' id='word_1_104' title='bbox 1757 1868 1922 1935; x_wconf 83' lang='lat' dir='ltr'>Non</span> <span class='ocrx_word' id='word_1_105' title='bbox 1967 1868 2162 1937; x_wconf 89' lang='lat' dir='ltr'>enim</span> <span class='ocrx_word' id='word_1_106' title='bbox 2205 1890 2362 1937; x_wconf 84' lang='lat' dir='ltr'>mea</span> 
     </span>
     <span class='ocr_line' id='line_1_15' title="bbox 234 1974 2362 2072; baseline -0.001 -25"><span class='ocrx_word' id='word_1_107' title='bbox 234 1978 462 2072; x_wconf 85' lang='lat' dir='ltr'>gratia</span> <span class='ocrx_word' id='word_1_108' title='bbox 510 1974 1188 2046; x_wconf 84' lang='lat' dir='ltr'>familiaritatibus¹⁰</span> <span class='ocrx_word' id='word_1_109' title='bbox 1237 1975 1677 2058; x_wconf 86' lang='lat' dir='ltr'>continetur,</span> <span class='ocrx_word' id='word_1_110' title='bbox 1725 1997 1885 2068; x_wconf 79' lang='lat' dir='ltr'>quae</span> <span class='ocrx_word' id='word_1_111' title='bbox 1930 1974 2071 2045; x_wconf 88' lang='lat' dir='ltr'>late</span> <span class='ocrx_word' id='word_1_112' title='bbox 2116 1989 2362 2071; x_wconf 86' lang='lat' dir='ltr'>patere</span> 
     </span>
     <span class='ocr_line' id='line_1_16' title="bbox 235 2082 2360 2182; baseline -0.001 -25"><span class='ocrx_word' id='word_1_113' title='bbox 235 2112 388 2157; x_wconf 88' lang='lat' dir='ltr'>non</span> <span class='ocrx_word' id='word_1_114' title='bbox 442 2096 781 2182; x_wconf 82' lang='lat' dir='ltr'>possunt,</span> <span class='ocrx_word' id='word_1_115' title='bbox 832 2098 1215 2181; x_wconf 84' lang='lat' dir='ltr'>propterea</span> <span class='ocrx_word' id='word_1_116' title='bbox 1262 2082 1465 2179; x_wconf 89' lang='lat' dir='ltr'>quod</span> <span class='ocrx_word' id='word_1_117' title='bbox 1511 2082 2077 2154; x_wconf 86' lang='lat' dir='ltr'>consuetudines</span> <span class='ocrx_word' id='word_1_118' title='bbox 2129 2086 2360 2155; x_wconf 87' lang='lat' dir='ltr'>victus</span> 
     </span>
     <span class='ocr_line' id='line_1_17' title="bbox 237 2191 2405 2293; baseline -0.001 -26"><span class='ocrx_word' id='word_1_119' title='bbox 237 2222 387 2267; x_wconf 89' lang='lat' dir='ltr'>non</span> <span class='ocrx_word' id='word_1_120' title='bbox 422 2210 726 2293; x_wconf 86' lang='lat' dir='ltr'>possunt</span> <span class='ocrx_word' id='word_1_121' title='bbox 751 2218 901 2266; x_wconf 85' lang='lat' dir='ltr'>esse</span> <span class='ocrx_word' id='word_1_122' title='bbox 933 2219 1100 2265; x_wconf 90' lang='lat' dir='ltr'>cum</span> <span class='ocrx_word' id='word_1_123' title='bbox 1131 2194 1396 2264; x_wconf 89' lang='lat' dir='ltr'>multis.</span> <span class='ocrx_word' id='word_1_124' title='bbox 1434 2192 1608 2275; x_wconf 84' lang='lat' dir='ltr'>Sed,</span> <span class='ocrx_word' id='word_1_125' title='bbox 1649 2196 1708 2261; x_wconf 87' lang='lat' dir='ltr'>si</span> <span class='ocrx_word' id='word_1_126' title='bbox 1738 2191 1913 2288; x_wconf 91' lang='lat' dir='ltr'>quid</span> <span class='ocrx_word' id='word_1_127' title='bbox 1945 2216 2362 2290; x_wconf 77' lang='lat' dir='ltr'>possumuS,</span> <span class='ocrx_word' id='word_1_128' title='bbox 2399 2226 2405 2235; x_wconf 90' lang='lat'><strong>·</strong></span> 
     </span>
     <span class='ocr_line' id='line_1_18' title="bbox 237 2301 2362 2404; baseline -0.001 -27"><span class='ocrx_word' id='word_1_129' title='bbox 237 2332 326 2377; x_wconf 84' lang='lat' dir='ltr'>ex</span> <span class='ocrx_word' id='word_1_130' title='bbox 360 2331 452 2377; x_wconf 91' lang='lat' dir='ltr'>eo</span> <span class='ocrx_word' id='word_1_131' title='bbox 491 2329 904 2404; x_wconf 55' lang='lat' dir='ltr'>pos-summ,</span> <span class='ocrx_word' id='word_1_132' title='bbox 943 2303 1141 2402; x_wconf 86' lang='lat' dir='ltr'>quod</span> <span class='ocrx_word' id='word_1_133' title='bbox 1184 2301 1594 2401; x_wconf 85' lang='lat' dir='ltr'>respublica</span> <span class='ocrx_word' id='word_1_134' title='bbox 1628 2325 1763 2373; x_wconf 89' lang='lat' dir='ltr'>nos</span> <span class='ocrx_word' id='word_1_135' title='bbox 1796 2304 2173 2399; x_wconf 82' lang='lat' dir='ltr'>conjunxit</span> <span class='ocrx_word' id='word_1_136' title='bbox 2201 2329 2362 2375; x_wconf 91' lang='lat' dir='ltr'>cum</span> 
     </span>
     <span class='ocr_line' id='line_1_19' title="bbox 235 2414 2360 2512; baseline -0.003 -23"><span class='ocrx_word' id='word_1_137' title='bbox 235 2415 552 2489; x_wconf 69' lang='lat' dir='ltr'>bonisu.</span> <span class='ocrx_word' id='word_1_138' title='bbox 590 2420 693 2486; x_wconf 86' lang='lat' dir='ltr'>Ex</span> <span class='ocrx_word' id='word_1_139' title='bbox 729 2414 997 2511; x_wconf 86' lang='lat' dir='ltr'>quibus</span> <span class='ocrx_word' id='word_1_140' title='bbox 1041 2414 1160 2485; x_wconf 89' lang='lat' dir='ltr'>ille</span> <span class='ocrx_word' id='word_1_141' title='bbox 1206 2437 1434 2510; x_wconf 87' lang='lat' dir='ltr'>quum</span> <span class='ocrx_word' id='word_1_142' title='bbox 1470 2415 1785 2512; x_wconf 87' lang='lat' dir='ltr'>optimos</span> <span class='ocrx_word' id='word_1_143' title='bbox 1824 2414 2018 2484; x_wconf 87' lang='lat' dir='ltr'>viros</span> <span class='ocrx_word' id='word_1_144' title='bbox 2055 2415 2322 2510; x_wconf 86' lang='lat' dir='ltr'>legeret</span> <span class='ocrx_word' id='word_1_145' title='bbox 2344 2468 2360 2498; x_wconf 92' lang='lat'><em>‚</em></span> 
     </span>
     <span class='ocr_line' id='line_1_20' title="bbox 235 2572 2365 2642; baseline -0.002 -18"><span class='ocrx_word' id='word_1_146' title='bbox 235 2591 385 2642; x_wconf 82' lang='lat' dir='ltr'>quam</span> <span class='ocrx_word' id='word_1_147' title='bbox 412 2592 515 2624; x_wconf 86' lang='lat' dir='ltr'>rem</span> <span class='ocrx_word' id='word_1_148' title='bbox 550 2575 830 2634; x_wconf 79' lang='lat' dir='ltr'>damnavit,</span> <span class='ocrx_word' id='word_1_149' title='bbox 849 2576 1005 2621; x_wconf 83' lang='lat' dir='ltr'>virum</span> <span class='ocrx_word' id='word_1_150' title='bbox 1034 2584 1259 2632; x_wconf 74' lang='lat' dir='ltr'>excusat3</span> <span class='ocrx_word' id='word_1_151' title='bbox 1345 2590 1457 2637; x_wconf 74' lang='lat' dir='ltr'>quae</span> <span class='ocrx_word' id='word_1_152' title='bbox 1480 2572 1694 2625; x_wconf 64' lang='lat' dir='ltr'>seyerior</span> <span class='ocrx_word' id='word_1_153' title='bbox 1721 2575 2028 2636; x_wconf 86' lang='lat' dir='ltr'>atrociorque</span> <span class='ocrx_word' id='word_1_154' title='bbox 2047 2572 2265 2630; x_wconf 75' lang='lat' dir='ltr'>videtnr3</span> <span class='ocrx_word' id='word_1_155' title='bbox 2293 2589 2365 2619; x_wconf 87' lang='lat' dir='ltr'>ra·</span> 
     </span>
     <span class='ocr_line' id='line_1_21' title="bbox 234 2651 2361 2722; baseline -0.003 -18"><span class='ocrx_word' id='word_1_156' title='bbox 234 2658 434 2722; x_wconf 75' lang='lat' dir='ltr'>sibique</span> <span class='ocrx_word' id='word_1_157' title='bbox 453 2655 680 2703; x_wconf 71' lang='lat' dir='ltr'>laudibus</span> <span class='ocrx_word' id='word_1_158' title='bbox 697 2653 922 2716; x_wconf 72' lang='lat' dir='ltr'>indicum</span> <span class='ocrx_word' id='word_1_159' title='bbox 942 2653 1130 2700; x_wconf 82' lang='lat' dir='ltr'>ani&#39;moa</span> <span class='ocrx_word' id='word_1_160' title='bbox 1146 2668 1259 2700; x_wconf 82' lang='lat' dir='ltr'>con-</span> <span class='ocrx_word' id='word_1_161' title='bbox 1345 2663 1426 2700; x_wconf 75' lang='lat' dir='ltr'>tna</span> <span class='ocrx_word' id='word_1_162' title='bbox 1441 2651 1564 2700; x_wconf 85' lang='lat' dir='ltr'>nihil</span> <span class='ocrx_word' id='word_1_163' title='bbox 1580 2652 1703 2700; x_wconf 81' lang='lat' dir='ltr'>illud</span> <span class='ocrx_word' id='word_1_164' title='bbox 1723 2651 2070 2716; x_wconf 79' lang='lat' dir='ltr'>impediturum</span> <span class='ocrx_word' id='word_1_165' title='bbox 2083 2685 2096 2708; x_wconf 92' lang='lat'>,</span> <span class='ocrx_word' id='word_1_166' title='bbox 2109 2651 2232 2715; x_wconf 80' lang='lat' dir='ltr'>quin</span> <span class='ocrx_word' id='word_1_167' title='bbox 2249 2667 2361 2698; x_wconf 82' lang='lat' dir='ltr'>com</span> 
     </span>
     <span class='ocr_line' id='line_1_22' title="bbox 235 2730 1885 2793; baseline -0.004 -7"><span class='ocrx_word' id='word_1_168' title='bbox 235 2737 407 2786; x_wconf 85' lang='lat' dir='ltr'>ciliare</span> <span class='ocrx_word' id='word_1_169' title='bbox 441 2736 628 2782; x_wconf 83' lang='lat' dir='ltr'>nititur.</span> <span class='ocrx_word' id='word_1_170' title='bbox 1348 2730 1447 2780; x_wconf 75' lang='lat' dir='ltr'>fide</span> <span class='ocrx_word' id='word_1_171' title='bbox 1465 2748 1567 2779; x_wconf 89' lang='lat' dir='ltr'>rem</span> <span class='ocrx_word' id='word_1_172' title='bbox 1589 2731 1885 2793; x_wconf 72' lang='lat' dir='ltr'>dijudicetis.</span> 
     </span>
    </p>

    <p class='ocr_par' dir='ltr' id='par_1_3' title="bbox 312 2808 2370 3034">
     <span class='ocr_line' id='line_1_23' title="bbox 312 2808 2368 2876; baseline -0.004 -13"><span class='ocrx_word' id='word_1_173' title='bbox 312 2817 363 2863; x_wconf 80' lang='lat'>5.</span> <span class='ocrx_word' id='word_1_174' title='bbox 392 2817 559 2861; x_wconf 75' lang='lat' dir='ltr'>Mente</span> <span class='ocrx_word' id='word_1_175' title='bbox 568 2812 818 2876; x_wconf 69' lang='lat' dir='ltr'>preditus.</span> <span class='ocrx_word' id='word_1_176' title='bbox 848 2810 959 2859; x_wconf 73' lang='lat' dir='ltr'>Alta</span> <span class='ocrx_word' id='word_1_177' title='bbox 984 2826 1120 2857; x_wconf 80' lang='lat' dir='ltr'>mens</span> <span class='ocrx_word' id='word_1_178' title='bbox 1144 2808 1263 2857; x_wconf 83' lang='lat' dir='ltr'>dici·</span> <span class='ocrx_word' id='word_1_179' title='bbox 1422 2813 1474 2859; x_wconf 83' lang='lat'>8.</span> <span class='ocrx_word' id='word_1_180' title='bbox 1518 2813 1562 2858; x_wconf 84' lang='grc' dir='ltr'><em>Ε</em></span> <span class='ocrx_word' id='word_1_181' title='bbox 1581 2809 1947 2876; x_wconf 75' lang='lat' dir='ltr'>florentissimis</span> <span class='ocrx_word' id='word_1_182' title='bbox 1983 2809 2249 2858; x_wconf 74' lang='lat' dir='ltr'>ordinibus.</span> <span class='ocrx_word' id='word_1_183' title='bbox 2294 2812 2368 2856; x_wconf 79' lang='lat' dir='ltr'>Ex</span> 
     </span>
     <span class='ocr_line' id='line_1_24' title="bbox 1349 2888 2370 2952; baseline -0.004 -14"><span class='ocrx_word' id='word_1_184' title='bbox 1349 2890 1670 2950; x_wconf 72' lang='lat' dir='ltr'>aenatoribus,</span> <span class='ocrx_word' id='word_1_185' title='bbox 1683 2889 1929 2952; x_wconf 73' lang='lat' dir='ltr'>equitibus</span> <span class='ocrx_word' id='word_1_186' title='bbox 1950 2899 2000 2938; x_wconf 87' lang='lat' dir='ltr'>et</span> <span class='ocrx_word' id='word_1_187' title='bbox 2023 2888 2226 2935; x_wconf 78' lang='lat' dir='ltr'>tribunis</span> <span class='ocrx_word' id='word_1_188' title='bbox 2246 2905 2370 2935; x_wconf 80' lang='lat' dir='ltr'>aera-</span> 
     </span>
     <span class='ocr_line' id='line_1_25' title="bbox 1350 2967 2368 3034; baseline -0.004 -17"><span class='ocrx_word' id='word_1_189' title='bbox 1350 2971 1438 3027; x_wconf 84' lang='lat' dir='ltr'>rii,</span> <span class='ocrx_word' id='word_1_190' title='bbox 1478 2971 1529 3018; x_wconf 89' lang='lat' dir='ltr'>h.</span> <span class='ocrx_word' id='word_1_191' title='bbox 1553 2985 1601 3018; x_wconf 87' lang='lat' dir='ltr'>e.</span> <span class='ocrx_word' id='word_1_192' title='bbox 1631 2969 1804 3034; x_wconf 80' lang='lat' dir='ltr'>populi</span> <span class='ocrx_word' id='word_1_193' title='bbox 1825 2969 1969 3028; x_wconf 84' lang='lat' dir='ltr'>flore,</span> <span class='ocrx_word' id='word_1_194' title='bbox 1997 2984 2098 3032; x_wconf 86' lang='lat' dir='ltr'>quo</span> <span class='ocrx_word' id='word_1_195' title='bbox 2124 2967 2246 3014; x_wconf 81' lang='lat' dir='ltr'>nihil</span> <span class='ocrx_word' id='word_1_196' title='bbox 2262 2983 2368 3014; x_wconf 76' lang='lat' dir='ltr'>aan-</span> 
     </span>
    </p>
   </div>
   <div class='ocr_carea' id='block_1_3' title="bbox 1353 3049 2371 3190">
    <p class='ocr_par' dir='ltr' id='par_1_4' title="bbox 1353 3049 2371 3190">
     <span class='ocr_line' id='line_1_26' title="bbox 1353 3049 1906 3096; baseline -0.004 0"><span class='ocrx_word' id='word_1_197' title='bbox 1353 3050 1477 3096; x_wconf 83' lang='lat' dir='ltr'>ctiua</span> <span class='ocrx_word' id='word_1_198' title='bbox 1495 3061 1599 3096; x_wconf 86' lang='lat' dir='ltr'>erat</span> <span class='ocrx_word' id='word_1_199' title='bbox 1621 3051 1671 3094; x_wconf 89' lang='lat' dir='ltr'>in</span> <span class='ocrx_word' id='word_1_200' title='bbox 1691 3049 1906 3095; x_wconf 84' lang='lat' dir='ltr'>civitate.</span> 
     </span>
     <span class='ocr_line' id='line_1_27' title="bbox 1423 3126 2371 3190; baseline -0.002 -14"><span class='ocrx_word' id='word_1_201' title='bbox 1423 3144 1472 3190; x_wconf 83' lang='lat'>9.</span> <span class='ocrx_word' id='word_1_202' title='bbox 1509 3127 1705 3174; x_wconf 85' lang='lat' dir='ltr'>Amicos</span> <span class='ocrx_word' id='word_1_203' title='bbox 1739 3143 1886 3174; x_wconf 82' lang='lat' dir='ltr'>meos.</span> <span class='ocrx_word' id='word_1_204' title='bbox 1921 3126 2218 3174; x_wconf 84' lang='lat' dir='ltr'>Jaetitabant</span> <span class='ocrx_word' id='word_1_205' title='bbox 2254 3127 2371 3176; x_wconf 90' lang='lat' dir='ltr'>Clo-</span> 
     </span>
    </p>
   </div>
   <div class='ocr_carea' id='block_1_4' title="bbox 238 2889 1266 3192">
    <p class='ocr_par' dir='ltr' id='par_1_5' title="bbox 239 2889 1261 3034">
     <span class='ocr_line' id='line_1_28' title="bbox 239 2889 1261 2956; baseline -0.008 -14"><span class='ocrx_word' id='word_1_206' title='bbox 239 2906 341 2950; x_wconf 83' lang='lat' dir='ltr'>tur‚</span> <span class='ocrx_word' id='word_1_207' title='bbox 367 2909 479 2956; x_wconf 80' lang='lat' dir='ltr'>qnae</span> <span class='ocrx_word' id='word_1_208' title='bbox 509 2893 704 2955; x_wconf 77' lang='lat' dir='ltr'>penitus</span> <span class='ocrx_word' id='word_1_209' title='bbox 731 2906 891 2938; x_wconf 84' lang='lat' dir='ltr'>rerum</span> <span class='ocrx_word' id='word_1_210' title='bbox 924 2889 1092 2936; x_wconf 86' lang='lat' dir='ltr'>intima</span> <span class='ocrx_word' id='word_1_211' title='bbox 1125 2904 1261 2934; x_wconf 82' lang='lat' dir='ltr'>actu·</span> 
     </span>
     <span class='ocr_line' id='line_1_29' title="bbox 239 2968 960 3034; baseline -0.011 -12"><span class='ocrx_word' id='word_1_212' title='bbox 239 2984 393 3029; x_wconf 82' lang='lat' dir='ltr'>tatur,</span> <span class='ocrx_word' id='word_1_213' title='bbox 412 2973 668 3034; x_wconf 78' lang='lat' dir='ltr'>futuraque</span> <span class='ocrx_word' id='word_1_214' title='bbox 683 2981 797 3018; x_wconf 86' lang='lat' dir='ltr'>ante</span> <span class='ocrx_word' id='word_1_215' title='bbox 815 2968 960 3032; x_wconf 81' lang='lat' dir='ltr'>capit.</span> 
     </span>
    </p>

    <p class='ocr_par' dir='ltr' id='par_1_6' title="bbox 238 3044 1266 3192">
     <span class='ocr_line' id='line_1_30' title="bbox 315 3044 1264 3117; baseline -0.006 -20"><span class='ocrx_word' id='word_1_216' title='bbox 315 3052 366 3097; x_wconf 83' lang='lat'>6.</span> <span class='ocrx_word' id='word_1_217' title='bbox 398 3048 801 3117; x_wconf 78' lang='lat' dir='ltr'>Infirmiorfides.</span> <span class='ocrx_word' id='word_1_218' title='bbox 832 3049 967 3108; x_wconf 72' lang='lat' dir='ltr'>Quas</span> <span class='ocrx_word' id='word_1_219' title='bbox 993 3044 1264 3092; x_wconf 77' lang='lat' dir='ltr'>inimicitias</span> 
     </span>
     <span class='ocr_line' id='line_1_31' title="bbox 238 3122 1266 3192; baseline -0.009 -15"><span class='ocrx_word' id='word_1_220' title='bbox 238 3147 357 3177; x_wconf 85' lang='lat' dir='ltr'>eom</span> <span class='ocrx_word' id='word_1_221' title='bbox 374 3128 608 3192; x_wconf 77' lang='lat' dir='ltr'>Pompeio</span> <span class='ocrx_word' id='word_1_222' title='bbox 623 3126 825 3177; x_wconf 79' lang='lat' dir='ltr'>Clodius</span> <span class='ocrx_word' id='word_1_223' title='bbox 846 3124 1131 3180; x_wconf 79' lang='lat' dir='ltr'>exercuerit,</span> <span class='ocrx_word' id='word_1_224' title='bbox 1150 3122 1266 3169; x_wconf 67' lang='lat' dir='ltr'>satia</span> 
     </span>
    </p>
   </div>
   <div class='ocr_carea' id='block_1_5' title="bbox 236 3202 1281 4217">
    <p class='ocr_par' dir='ltr' id='par_1_7' title="bbox 236 3202 1270 3659">
     <span class='ocr_line' id='line_1_32' title="bbox 236 3202 1267 3272; baseline -0.008 -14"><span class='ocrx_word' id='word_1_225' title='bbox 236 3221 314 3258; x_wconf 81' lang='lat' dir='ltr'>eat</span> <span class='ocrx_word' id='word_1_226' title='bbox 329 3209 597 3272; x_wconf 73' lang='lat' dir='ltr'>cognitum.</span> <span class='ocrx_word' id='word_1_227' title='bbox 616 3209 739 3255; x_wconf 79' lang='lat' dir='ltr'>Eum</span> <span class='ocrx_word' id='word_1_228' title='bbox 756 3208 883 3252; x_wconf 87' lang='lat' dir='ltr'>euim</span> <span class='ocrx_word' id='word_1_229' title='bbox 903 3205 953 3251; x_wconf 86' lang='lat' dir='ltr'>in</span> <span class='ocrx_word' id='word_1_230' title='bbox 968 3205 1078 3250; x_wconf 82' lang='lat' dir='ltr'>foro</span> <span class='ocrx_word' id='word_1_231' title='bbox 1092 3202 1267 3265; x_wconf 67' lang='lat' dir='ltr'>saepius</span> 
     </span>
     <span class='ocr_line' id='line_1_33' title="bbox 238 3281 1262 3350; baseline -0.01 -13"><span class='ocrx_word' id='word_1_232' title='bbox 238 3288 559 3337; x_wconf 79' lang='lat' dir='ltr'>contumeliis</span> <span class='ocrx_word' id='word_1_233' title='bbox 582 3285 872 3350; x_wconf 72' lang='lat' dir='ltr'>gravissimis</span> <span class='ocrx_word' id='word_1_234' title='bbox 898 3285 1052 3347; x_wconf 76' lang='lat' dir='ltr'>palam</span> <span class='ocrx_word' id='word_1_235' title='bbox 1077 3281 1262 3337; x_wconf 77' lang='lat' dir='ltr'>affecit,</span> 
     </span>
     <span class='ocr_line' id='line_1_34' title="bbox 238 3360 1268 3431; baseline -0.01 -15"><span class='ocrx_word' id='word_1_236' title='bbox 238 3367 569 3431; x_wconf 68' lang='lat' dir='ltr'>Tigraniaqno</span> <span class='ocrx_word' id='word_1_237' title='bbox 600 3365 757 3414; x_wconf 79' lang='lat' dir='ltr'>filium</span> <span class='ocrx_word' id='word_1_238' title='bbox 797 3380 941 3429; x_wconf 82' lang='lat' dir='ltr'>quem</span> <span class='ocrx_word' id='word_1_239' title='bbox 973 3363 1024 3409; x_wconf 92' lang='lat' dir='ltr'>in</span> <span class='ocrx_word' id='word_1_240' title='bbox 1062 3360 1268 3407; x_wconf 75' lang='lat' dir='ltr'>vinealia</span> 
     </span>
     <span class='ocr_line' id='line_1_35' title="bbox 238 3446 1265 3509; baseline -0.01 -14"><span class='ocrx_word' id='word_1_241' title='bbox 238 3447 461 3495; x_wconf 78' lang='lat' dir='ltr'>babebat</span> <span class='ocrx_word' id='word_1_242' title='bbox 481 3446 737 3509; x_wconf 67' lang='lat' dir='ltr'>Pompeius</span> <span class='ocrx_word' id='word_1_243' title='bbox 751 3446 935 3507; x_wconf 80' lang='lat' dir='ltr'>eripere</span> <span class='ocrx_word' id='word_1_244' title='bbox 949 3451 1150 3488; x_wconf 68' lang='lat' dir='ltr'>conatus</span> <span class='ocrx_word' id='word_1_245' title='bbox 1175 3448 1265 3486; x_wconf 76' lang='lat' dir='ltr'>eat.</span> 
     </span>
     <span class='ocr_line' id='line_1_36' title="bbox 242 3517 1270 3585; baseline -0.009 -12"><span class='ocrx_word' id='word_1_246' title='bbox 242 3525 419 3574; x_wconf 88' lang='lat' dir='ltr'>Paullo</span> <span class='ocrx_word' id='word_1_247' title='bbox 436 3535 600 3572; x_wconf 78' lang='lat' dir='ltr'>antem</span> <span class='ocrx_word' id='word_1_248' title='bbox 620 3535 739 3571; x_wconf 77' lang='lat' dir='ltr'>ante</span> <span class='ocrx_word' id='word_1_249' title='bbox 751 3536 895 3585; x_wconf 81' lang='lat' dir='ltr'>qnam</span> <span class='ocrx_word' id='word_1_250' title='bbox 919 3519 1124 3568; x_wconf 74' lang='lat' dir='ltr'>Clodius</span> <span class='ocrx_word' id='word_1_251' title='bbox 1139 3517 1270 3566; x_wconf 83' lang='lat' dir='ltr'>oeci-</span> 
     </span>
     <span class='ocr_line' id='line_1_37' title="bbox 242 3600 1269 3659; baseline -0.007 -6"><span class='ocrx_word' id='word_1_252' title='bbox 242 3607 470 3659; x_wconf 62' lang='lat' dir='ltr'>denunt,</span> <span class='ocrx_word' id='word_1_253' title='bbox 498 3602 755 3649; x_wconf 74' lang='lat' dir='ltr'>amicitiam</span> <span class='ocrx_word' id='word_1_254' title='bbox 778 3603 905 3648; x_wconf 84' lang='lat' dir='ltr'>inter</span> <span class='ocrx_word' id='word_1_255' title='bbox 922 3616 972 3646; x_wconf 76' lang='lat' dir='ltr'>ae</span> <span class='ocrx_word' id='word_1_256' title='bbox 989 3600 1269 3658; x_wconf 80' lang='lat' dir='ltr'>junxerant.</span> 
     </span>
    </p>

    <p class='ocr_par' dir='ltr' id='par_1_8' title="bbox 241 3675 1281 4217">
     <span class='ocr_line' id='line_1_38' title="bbox 323 3675 1274 3744; baseline -0.007 -13"><span class='ocrx_word' id='word_1_257' title='bbox 323 3700 379 3744; x_wconf 82' lang='lat'>7.</span> <span class='ocrx_word' id='word_1_258' title='bbox 405 3681 634 3744; x_wconf 71' lang='lat' dir='ltr'>Quamvis</span> <span class='ocrx_word' id='word_1_259' title='bbox 648 3680 893 3728; x_wconf 75' lang='lat' dir='ltr'>amciter.</span> <span class='ocrx_word' id='word_1_260' title='bbox 916 3677 1047 3725; x_wconf 80' lang='lat' dir='ltr'>Miro</span> <span class='ocrx_word' id='word_1_261' title='bbox 1066 3675 1274 3724; x_wconf 73' lang='lat' dir='ltr'>artifieio</span> 
     </span>
     <span class='ocr_line' id='line_1_39' title="bbox 241 3756 1273 3827; baseline -0.008 -17"><span class='ocrx_word' id='word_1_262' title='bbox 241 3765 407 3827; x_wconf 72' lang='lat' dir='ltr'>legem</span> <span class='ocrx_word' id='word_1_263' title='bbox 434 3760 655 3824; x_wconf 77' lang='lat' dir='ltr'>Pompeii</span> <span class='ocrx_word' id='word_1_264' title='bbox 679 3761 746 3807; x_wconf 75' lang='lat' dir='ltr'>ita</span> <span class='ocrx_word' id='word_1_265' title='bbox 774 3756 1048 3822; x_wconf 80' lang='lat' dir='ltr'>improbat,</span> <span class='ocrx_word' id='word_1_266' title='bbox 1073 3766 1129 3803; x_wconf 84' lang='lat' dir='ltr'>nt</span> <span class='ocrx_word' id='word_1_267' title='bbox 1152 3756 1273 3819; x_wconf 71' lang='lat' dir='ltr'>legia</span> 
     </span>
     <span class='ocr_line' id='line_1_40' title="bbox 242 3835 1275 3900; baseline -0.009 -10"><span class='ocrx_word' id='word_1_268' title='bbox 242 3852 499 3890; x_wconf 75' lang='lat' dir='ltr'>auctorem</span> <span class='ocrx_word' id='word_1_269' title='bbox 514 3838 676 3887; x_wconf 81' lang='lat' dir='ltr'>landet</span> <span class='ocrx_word' id='word_1_270' title='bbox 685 3875 700 3897; x_wconf 90' lang='lat'>‚</span> <span class='ocrx_word' id='word_1_271' title='bbox 715 3837 1033 3900; x_wconf 80' lang='lat' dir='ltr'>judicumque</span> <span class='ocrx_word' id='word_1_272' title='bbox 1047 3835 1275 3882; x_wconf 79' lang='lat' dir='ltr'>virtutem</span> 
     </span>
     <span class='ocr_line' id='line_1_41' title="bbox 241 3915 1273 3979; baseline -0.011 -9"><span class='ocrx_word' id='word_1_273' title='bbox 241 3937 297 3970; x_wconf 81' lang='lat' dir='ltr'>et</span> <span class='ocrx_word' id='word_1_274' title='bbox 313 3921 463 3969; x_wconf 74' lang='lat' dir='ltr'>fidem</span> <span class='ocrx_word' id='word_1_275' title='bbox 483 3935 578 3966; x_wconf 87' lang='lat' dir='ltr'>una</span> <span class='ocrx_word' id='word_1_276' title='bbox 599 3919 882 3979; x_wconf 70' lang='lat' dir='ltr'>conjungat.</span> <span class='ocrx_word' id='word_1_277' title='bbox 905 3918 1109 3963; x_wconf 79' lang='lat' dir='ltr'>Tantam</span> <span class='ocrx_word' id='word_1_278' title='bbox 1127 3915 1273 3973; x_wconf 84' lang='lat' dir='ltr'>enim,</span> 
     </span>
     <span class='ocr_line' id='line_1_42' title="bbox 244 3993 1279 4065; baseline -0.01 -16"><span class='ocrx_word' id='word_1_279' title='bbox 244 4001 415 4065; x_wconf 77' lang='lat' dir='ltr'>inquit</span> <span class='ocrx_word' id='word_1_280' title='bbox 433 4033 449 4058; x_wconf 87' lang='lat'>,</span> <span class='ocrx_word' id='word_1_281' title='bbox 488 3999 552 4046; x_wconf 82' lang='lat' dir='ltr'>de</span> <span class='ocrx_word' id='word_1_282' title='bbox 585 3997 813 4059; x_wconf 80' lang='lat' dir='ltr'>aequitate</span> <span class='ocrx_word' id='word_1_283' title='bbox 850 4006 1007 4042; x_wconf 74' lang='lat' dir='ltr'>vestra</span> <span class='ocrx_word' id='word_1_284' title='bbox 1050 3993 1279 4056; x_wconf 79' lang='lat' dir='ltr'>concepit</span> 
     </span>
     <span class='ocr_line' id='line_1_43' title="bbox 246 4070 1279 4145; baseline -0.011 -17"><span class='ocrx_word' id='word_1_285' title='bbox 246 4080 541 4145; x_wconf 75' lang='lat' dir='ltr'>opinionem</span> <span class='ocrx_word' id='word_1_286' title='bbox 559 4110 575 4135; x_wconf 86' lang='lat'>,</span> <span class='ocrx_word' id='word_1_287' title='bbox 596 4087 655 4124; x_wconf 78' lang='lat' dir='ltr'>ut</span> <span class='ocrx_word' id='word_1_288' title='bbox 681 4073 902 4137; x_wconf 75' lang='lat' dir='ltr'>quamvis</span> <span class='ocrx_word' id='word_1_289' title='bbox 926 4073 1158 4120; x_wconf 77' lang='lat' dir='ltr'>Milonem</span> <span class='ocrx_word' id='word_1_290' title='bbox 1188 4070 1279 4118; x_wconf 50' lang='lat' dir='ltr'>sal*</span> 
     </span>
     <span class='ocr_line' id='line_1_44' title="bbox 246 4150 1281 4217; baseline -0.009 -13"><span class='ocrx_word' id='word_1_291' title='bbox 246 4175 369 4206; x_wconf 74' lang='lat' dir='ltr'>vum</span> <span class='ocrx_word' id='word_1_292' title='bbox 394 4158 570 4217; x_wconf 67' lang='lat' dir='ltr'>veliet,</span> <span class='ocrx_word' id='word_1_293' title='bbox 599 4156 753 4216; x_wconf 71' lang='lat' dir='ltr'>legem</span> <span class='ocrx_word' id='word_1_294' title='bbox 770 4162 939 4200; x_wconf 77' lang='lat' dir='ltr'>eontra</span> <span class='ocrx_word' id='word_1_295' title='bbox 957 4167 1064 4198; x_wconf 80' lang='lat' dir='ltr'>eum</span> <span class='ocrx_word' id='word_1_296' title='bbox 1092 4150 1281 4208; x_wconf 84' lang='lat' dir='ltr'>tulerit,</span> 
     </span>
    </p>
   </div>
   <div class='ocr_carea' id='block_1_6' title="bbox 1353 3205 2440 4201">
    <p class='ocr_par' dir='ltr' id='par_1_9' title="bbox 1353 3205 2379 3731">
     <span class='ocr_line' id='line_1_45' title="bbox 1353 3205 2370 3269; baseline -0.001 -16"><span class='ocrx_word' id='word_1_297' title='bbox 1353 3206 1485 3253; x_wconf 78' lang='lat' dir='ltr'>diani</span> <span class='ocrx_word' id='word_1_298' title='bbox 1506 3241 1521 3263; x_wconf 78' lang='grc'>,</span> <span class='ocrx_word' id='word_1_299' title='bbox 1562 3221 1662 3268; x_wconf 87' lang='lat' dir='ltr'>quo</span> <span class='ocrx_word' id='word_1_300' title='bbox 1718 3206 1870 3269; x_wconf 79' lang='lat' dir='ltr'>magis</span> <span class='ocrx_word' id='word_1_301' title='bbox 1924 3205 2153 3254; x_wconf 73' lang='lat' dir='ltr'>infestum</span> <span class='ocrx_word' id='word_1_302' title='bbox 2191 3205 2370 3254; x_wconf 83' lang='lat' dir='ltr'>Miloni</span> 
     </span>
     <span class='ocr_line' id='line_1_46' title="bbox 1355 3284 2371 3349; baseline 0.001 -17"><span class='ocrx_word' id='word_1_303' title='bbox 1355 3285 1638 3349; x_wconf 79' lang='lat' dir='ltr'>Pompeium</span> <span class='ocrx_word' id='word_1_304' title='bbox 1667 3284 2080 3344; x_wconf 80' lang='lat' dir='ltr'>demonstrarent,</span> <span class='ocrx_word' id='word_1_305' title='bbox 2107 3300 2214 3332; x_wconf 88' lang='lat' dir='ltr'>eum</span> <span class='ocrx_word' id='word_1_306' title='bbox 2246 3303 2272 3332; x_wconf 85' lang='lat' dir='ltr'>e</span> <span class='ocrx_word' id='word_1_307' title='bbox 2287 3287 2371 3346; x_wconf 80' lang='lat' dir='ltr'>ju-</span> 
     </span>
     <span class='ocr_line' id='line_1_47' title="bbox 1355 3363 2374 3415; baseline 0.002 -2"><span class='ocrx_word' id='word_1_308' title='bbox 1355 3364 1548 3413; x_wconf 75' lang='lat' dir='ltr'>dicibus</span> <span class='ocrx_word' id='word_1_309' title='bbox 1587 3364 1838 3413; x_wconf 78' lang='lat' dir='ltr'>Ciceronis</span> <span class='ocrx_word' id='word_1_310' title='bbox 1881 3363 2060 3411; x_wconf 75' lang='lat' dir='ltr'>amicos</span> <span class='ocrx_word' id='word_1_311' title='bbox 2099 3365 2374 3415; x_wconf 75' lang='lat' dir='ltr'>secrevisse.</span> 
     </span>
     <span class='ocr_line' id='line_1_48' title="bbox 1355 3442 2372 3507; baseline 0 -15"><span class='ocrx_word' id='word_1_312' title='bbox 1355 3445 1448 3492; x_wconf 78' lang='lat' dir='ltr'>His</span> <span class='ocrx_word' id='word_1_313' title='bbox 1479 3442 1741 3507; x_wconf 74' lang='lat' dir='ltr'>respondet</span> <span class='ocrx_word' id='word_1_314' title='bbox 1771 3454 1953 3505; x_wconf 87' lang='lat' dir='ltr'>orator,</span> <span class='ocrx_word' id='word_1_315' title='bbox 1978 3444 2272 3492; x_wconf 71' lang='lat' dir='ltr'>secernendo</span> <span class='ocrx_word' id='word_1_316' title='bbox 2300 3446 2372 3492; x_wconf 78' lang='lat' dir='ltr'>sa·</span> 
     </span>
     <span class='ocr_line' id='line_1_49' title="bbox 1356 3522 2377 3585; baseline 0 -15"><span class='ocrx_word' id='word_1_317' title='bbox 1356 3524 1564 3572; x_wconf 80' lang='lat' dir='ltr'>miliarea</span> <span class='ocrx_word' id='word_1_318' title='bbox 1582 3522 1642 3570; x_wconf 82' lang='lat' dir='ltr'>ab</span> <span class='ocrx_word' id='word_1_319' title='bbox 1661 3522 1851 3578; x_wconf 78' lang='lat' dir='ltr'>amicis;</span> <span class='ocrx_word' id='word_1_320' title='bbox 1878 3537 2057 3585; x_wconf 77' lang='lat' dir='ltr'>eoaque</span> <span class='ocrx_word' id='word_1_321' title='bbox 2079 3523 2167 3570; x_wconf 69' lang='lat' dir='ltr'>sibi</span> <span class='ocrx_word' id='word_1_322' title='bbox 2195 3525 2377 3571; x_wconf 70' lang='lat' dir='ltr'>amicos</span> 
     </span>
     <span class='ocr_line' id='line_1_50' title="bbox 1357 3601 2379 3665; baseline -0.002 -14"><span class='ocrx_word' id='word_1_323' title='bbox 1357 3620 1459 3651; x_wconf 78' lang='lat' dir='ltr'>esse</span> <span class='ocrx_word' id='word_1_324' title='bbox 1477 3601 1729 3651; x_wconf 79' lang='lat' dir='ltr'>contendit</span> <span class='ocrx_word' id='word_1_325' title='bbox 1743 3637 1757 3660; x_wconf 92' lang='lat'>,</span> <span class='ocrx_word' id='word_1_326' title='bbox 1785 3601 2004 3665; x_wconf 81' lang='lat' dir='ltr'>quamvis</span> <span class='ocrx_word' id='word_1_327' title='bbox 2020 3618 2125 3651; x_wconf 89' lang='lat' dir='ltr'>non</span> <span class='ocrx_word' id='word_1_328' title='bbox 2147 3603 2214 3651; x_wconf 87' lang='lat' dir='ltr'>ita</span> <span class='ocrx_word' id='word_1_329' title='bbox 2239 3603 2379 3650; x_wconf 81' lang='lat' dir='ltr'>fami-</span> 
     </span>
     <span class='ocr_line' id='line_1_51' title="bbox 1358 3681 1926 3731; baseline -0.004 -1"><span class='ocrx_word' id='word_1_330' title='bbox 1358 3682 1499 3731; x_wconf 76' lang='lat' dir='ltr'>liares</span> <span class='ocrx_word' id='word_1_331' title='bbox 1515 3699 1616 3730; x_wconf 72' lang='lat' dir='ltr'>eoae</span> <span class='ocrx_word' id='word_1_332' title='bbox 1632 3681 1926 3730; x_wconf 83' lang='lat' dir='ltr'>viderentur.</span> 
     </span>
    </p>

    <p class='ocr_par' dir='ltr' id='par_1_10' title="bbox 1361 3758 2440 3887">
     <span class='ocr_line' id='line_1_52' title="bbox 1438 3758 2440 3823; baseline -0.004 -14"><span class='ocrx_word' id='word_1_333' title='bbox 1438 3779 1455 3808; x_wconf 83' lang='grc' dir='ltr'><strong><em>ι</em></strong></span> <span class='ocrx_word' id='word_1_334' title='bbox 1467 3778 1517 3809; x_wconf 91' lang='lat' dir='ltr'>o.</span> <span class='ocrx_word' id='word_1_335' title='bbox 1536 3758 2374 3823; x_wconf 71' lang='lat' dir='ltr'>Familiaritotibus.1ia,quibnscum</span> <span class='ocrx_word' id='word_1_336' title='bbox 2437 3811 2440 3812; x_wconf 12' lang='lat'><em>⁷</em></span> 
     </span>
     <span class='ocr_line' id='line_1_53' title="bbox 1361 3840 1491 3887; baseline 0.008 -1"><span class='ocrx_word' id='word_1_337' title='bbox 1361 3840 1491 3887; x_wconf 79' lang='lat' dir='ltr'>vivo.</span> 
     </span>
    </p>

    <p class='ocr_par' dir='ltr' id='par_1_11' title="bbox 1365 3916 2384 4201">
     <span class='ocr_line' id='line_1_54' title="bbox 1439 3916 2384 3979; baseline 0.001 -16"><span class='ocrx_word' id='word_1_338' title='bbox 1439 3931 1515 3964; x_wconf 77' lang='grc' dir='ltr'>ιι.</span> <span class='ocrx_word' id='word_1_339' title='bbox 1563 3916 1833 3979; x_wconf 75' lang='lat' dir='ltr'>Constmxie</span> <span class='ocrx_word' id='word_1_340' title='bbox 1867 3932 1974 3963; x_wconf 79' lang='lat' dir='ltr'>cum</span> <span class='ocrx_word' id='word_1_341' title='bbox 2014 3916 2163 3963; x_wconf 78' lang='lat' dir='ltr'>bonis.</span> <span class='ocrx_word' id='word_1_342' title='bbox 2202 3918 2384 3978; x_wconf 84' lang='lat' dir='ltr'>Quam·</span> 
     </span>
     <span class='ocr_line' id='line_1_55' title="bbox 1365 3993 2383 4058; baseline -0.001 -15"><span class='ocrx_word' id='word_1_343' title='bbox 1365 4009 1570 4057; x_wconf 81' lang='lat' dir='ltr'>cumque</span> <span class='ocrx_word' id='word_1_344' title='bbox 1591 3994 1788 4057; x_wconf 76' lang='lat' dir='ltr'>gratiam</span> <span class='ocrx_word' id='word_1_345' title='bbox 1814 3993 2000 4055; x_wconf 86' lang='lat' dir='ltr'>habeo,</span> <span class='ocrx_word' id='word_1_346' title='bbox 2031 4005 2233 4058; x_wconf 86' lang='lat' dir='ltr'>propter</span> <span class='ocrx_word' id='word_1_347' title='bbox 2260 4012 2383 4042; x_wconf 87' lang='lat' dir='ltr'>rem·</span> 
     </span>
     <span class='ocr_line' id='line_1_56' title="bbox 1370 4071 2384 4139; baseline -0.002 -17"><span class='ocrx_word' id='word_1_348' title='bbox 1370 4073 1613 4139; x_wconf 83' lang='lat' dir='ltr'>publicam</span> <span class='ocrx_word' id='word_1_349' title='bbox 1645 4071 1827 4132; x_wconf 78' lang='lat' dir='ltr'>habeo,</span> <span class='ocrx_word' id='word_1_350' title='bbox 1862 4089 1961 4120; x_wconf 91' lang='lat' dir='ltr'>non</span> <span class='ocrx_word' id='word_1_351' title='bbox 1996 4085 2154 4120; x_wconf 80' lang='lat' dir='ltr'>antem</span> <span class='ocrx_word' id='word_1_352' title='bbox 2184 4085 2384 4137; x_wconf 81' lang='lat' dir='ltr'>propter</span> 
     </span>
     <span class='ocr_line' id='line_1_57' title="bbox 1374 4152 1728 4201; baseline -0.006 0"><span class='ocrx_word' id='word_1_353' title='bbox 1374 4152 1728 4201; x_wconf 82' lang='lat' dir='ltr'>familiaritates.</span> 
     </span>
    </p>
   </div>
  </div>
 </body>
</html>
