2994 4778
610 400 750 473 326
1226 400 1320 468 M.
1366 402 1445 468 Τ.
1515 402 2097 470 CICERONIS

604 539 798 596 ctum
816 521 873 609 ⁶,
899 521 1096 619 quod
1127 522 1280 618 lege
1309 537 1690 621 exceptum
1722 523 2105 594 videretur.
2145 524 2219 592 Si
2243 538 2462 609 esset3
2498 538 2775 593 tamen

607 640 678 708 in
720 636 992 711 foedere
1032 635 1213 706 nihil
1251 658 1404 706 esse
1439 651 1766 723 cautum,
1808 634 2364 734 praeter‘pacem.
2394 636 2776 707 Additum

609 753 825 823 etiam
874 773 1026 821 esse
1066 747 1282 833 illud,
1326 763 1409 818 ut
1441 750 1885 844 majestatem
1928 748 2026 819 ilii
2073 765 2393 820 nostram
2442 775 2773 822 conser-

608 885 775 931 vare
836 858 1230 931 deberent:
1280 883 1441 955 quae
1499 876 1692 931 certe
1736 863 2211 942 minueretur,
2259 861 2317 929 si
2356 874 2483 930 aut
2535 860 2778 955 adju-

608 970 888 1045 toribus
923 970 1207 1040 illorum
1241 968 1518 1041 civibus
1546 973 1654 1040 uti
1677 971 1752 1039 in
1790 967 1998 1040 bellis
2044 968 2256 1040 nobis
2285 995 2436 1040 non
2468 970 2773 1060 liceret,

610 1097 733 1153 aut
776 1074 1047 1180 proemii
1083 1079 1448 1151 tribuendi
1489 1093 1918 1178 potestatem
1963 1077 2240 1149 nullam
2283 1077 2768 1150 haberemus.

614 1197 822 1263 Nunc
848 1215 1019 1263 vero
1058 1190 1230 1287 quid
1288 1215 1421 1287 ego
1462 1205 1713 1260 contra
1746 1189 2138 1261 Gaditanos
2174 1189 2457 1286 loquar,
2504 1214 2766 1285 quum

618 1301 689 1372 id
720 1355 739 1386 ,
804 1300 1005 1398 quod
1068 1298 1421 1384 defend0‚
1487 1298 1860 1371 voluntate
1914 1323 2213 1382 eorum,
2284 1300 2762 1383 auctoritate,

617 1412 972 1509 legatione
1026 1411 1227 1507 ipsa⁷
1278 1409 1838 1508 comprobetur?
1886 1411 2012 1506 qui
2053 1464 2072 1494 ‚
2128 1434 2168 1480 a
2220 1411 2582 1506 principio
2642 1409 2768 1479 sui

613 1523 893 1620 generis
928 1544 1011 1591 ac
1047 1518 1502 1617 reipublicae,
1539 1519 1630 1590 ab
1665 1525 1868 1590 omni
1908 1517 2150 1590 studio
2185 1543 2553 1616 sensuque
2593 1523 2762 1588 Poe-

613 1655 876 1701 norum
917 1645 1195 1701 mentes
1220 1654 1381 1701 suas
1414 1630 1505 1700 ad
1539 1646 1867 1701 nostrum
1912 1631 2294 1727 imperium
2324 1650 2763 1725 nomenque

615 1740 1020 1811 flexerunt?
1081 1764 1318 1835 quos,
1378 1765 1604 1836 quum
1657 1744 1964 1810 maxima
2023 1739 2213 1810 bella
2269 1738 2760 1811 nobis'infer-

616 1868 802 1940 rent,
825 1852 1190 1925 moenibus
1218 1854 1726 1926 excluserunt?
1755 1853 2099 1924 classibus
2132 1852 2496 1951 insequuti
2522 1851 2760 1923 sunt?

621 1962 1080 2062 corporibuS,
1128 1965 1352 2061 copiis
1378 2017 1396 2049 ,
1452 1962 1718 2060 opibus
1753 1962 2244 2059 depulerunt?
2280 1963 2407 2059 qui
2442 1977 2514 2032 et
2548 1974 2755 2053 vete·

624 2101 777 2147 rem
835 2073 1023 2145 illam
1082 2076 1391 2172 speciem
1425 2069 1454 2115 ⁸
1501 2071 1798 2144 soederis
1842 2074 2185 2143 Marciani
2225 2096 2512 2170 semper
2536 2072 2747 2141 omni

620 2198 822 2256 arce9
852 2185 1219 2257 duxerunt
1253 2185 1721 2269 sanctiorem,
1771 2198 1842 2254 et
1882 2183 2025 2253 hoc
2075 2180 2349 2253 foe'dere
2380 2194 2416 2269 ‚'
2455 2179 2752 2266 Catuli,

622 2307 1060 2391 senatusque
1088 2295 1516 2365 auctoritate
1536 2348 1555 2380 ‚
1592 2318 1668 2364 se
1708 2292 2090 2363 nobiscum
2122 2292 2755 2386 conjunctissimos

620 2428 772 2475 esse
800 2402 1125 2474 arbitrati
1153 2405 1369 2474 sunt?
1404 2428 1720 2500 quorum
1753 2406 2016 2474 moenia
2044 2458 2064 2486 ,
2107 2397 2450 2486 delubra,
2487 2426 2746 2500 agros,

622 2529 704 2582 ut
765 2512 919 2610 ipse
980 2512 1323 2584 Hercules
1366 2515 1708 2585 itinerum
1764 2538 1846 2585 ac
1890 2512 2220 2583 laborum
2264 2536 2609 2599 suorum,
2657 2514 2757 2581 sic

626 2624 931 2718 majores
989 2628 1255 2708 nostri,
1302 2626 1587 2721 imperii
1645 2648 1730 2695 ac
1782 2625 2095 2695 nominis
2155 2622 2408 2721 populi
2467 2621 2755 2693 romani

623 2735 969 2805 terminos
1018 2758 1170 2803 esse
1218 2733 1670 2805 voluerunt?
1717 2739 2098 2806 Testantur
2134 2748 2207 2808 et
2253 2749 2587 2805 mortuos
2629 2757 2756 2803 no·

626 2862 811 2918 stros
847 2850 1349 2945 imperatores,
1380 2873 1692 2945 quorum
1738 2850 1912 2918 vivit
1949 2849 2370 2919 immortalis
2406 2848 2757 2918 memoria

624 2973 697 3030 et
728 2957 950 3056 gloria
971 3013 989 3045 ,
1018 2958 1418 3054 Scipionem,
1448 2962 1703 3030 Brutos
1724 3014 1741 3044 ‚
1776 2960 2210 3044 Horatios¹⁰‚
2249 2960 2533 3046 Cassios
2556 3013 2576 3048 ,
2609 2960 2756 3028 Me-

699 3189 749 3237 6.
790 3189 934 3238 Nihil
960 3205 1062 3237 esse
1087 3201 1473 3240 sacrosanctum.
1510 3189 1648 3237 Nihil

629 3279 988 3316 namnetum
1022 3269 1101 3316 lex
1132 3269 1344 3334 exeipit,
1380 3272 1549 3335 potius
1573 3284 1649 3316 sa·

629 3356 934 3393 emunctam
953 3348 995 3392 si
1021 3346 1144 3409 quid
1171 3358 1295 3394 esset
1311 3384 1326 3406 ,
1355 3349 1406 3394 id
1423 3348 1646 3405 sustulit,

629 3438 780 3486 quum
817 3422 1016 3470 definito
1048 3425 1283 3486 Pompeio
1309 3425 1553 3473 donanda
1577 3427 1648 3470 ci-

632 3500 796 3549 vitatis
835 3511 1123 3562 potestatem
1164 3502 1303 3557 fecit3
1344 3502 1431 3549 sed
1475 3518 1651 3549 coneo-

634 3581 792 3635 datur,
808 3576 913 3641 lege
930 3589 1187 3642 exceptum
1206 3579 1375 3636 unffi
1387 3579 1507 3642 quid
1525 3592 1651 3628 esset

631 3666 1019 3707 norontem:
1047 3656 1169 3719 quid
1189 3655 1329 3704 obest
1346 3655 1443 3704 hoc
1462 3657 1649 3706 Balbo?

634 3741 693 3785 In
742 3737 922 3785 foedere
969 3734 1216 3783 Gaditano
1263 3736 1474 3785 civitatis
1518 3738 1647 3787 nulla
1693 3800 1697 3803 ὓ

637 3816 845 3873 meatim
863 3815 925 3861 de
950 3830 1068 3879 pace
1091 3825 1277 3863 tantum
1295 3829 1489 3865 cautum
1509 3830 1597 3867 est.

707 3911 755 3954 7.
785 3892 1050 3958 Legatione
1069 3894 1190 3957 ipsa.
1212 3898 1418 3960 Legatos
1435 3898 1650 3963 populus

638 3974 908 4024 Gaditanus
952 3975 1157 4022 Romam
1207 3975 1398 4025 miserat
1415 4012 1431 4035 ‚
1479 3988 1648 4027 testem

633 4070 731 4103 suae
764 4053 1025 4101 volumnus
1040 4073 1044 4076 ’
1059 4070 1117 4101 ιο
1151 4054 1407 4119 singularis
1445 4057 1650 4106 benivo-

632 4134 794 4184 lentiae
819 4149 931 4197 erga
953 4133 1157 4182 Balbum
1181 4146 1472 4184 accusatum.

1806 3190 1858 3237 8.
1884 3189 2112 3252 Speciem.
2152 3190 2266 3237 Non
2309 3188 2510 3253 proprie
2557 3186 2755 3244 foedus,

1733 3267 1820 3316 ned
1846 3267 2054 3331 speciem
2081 3266 2311 3323 foederis3
2348 3267 2462 3330 qnia
2492 3261 2630 3313 nullo
2661 3280 2757 3328 pu·
2854 3260 2857 3263 ⁴

1734 3347 1865 3394 blico
1914 3346 2112 3394 vinculo
2161 3346 2414 3410 religionis
2467 3355 2757 3402 teneretur3

1735 3426 1945 3489 ideoque
1971 3423 2200 3473 Gaditani
2241 3435 2353 3488 post
2389 3425 2560 3472 multos
2595 3437 2756 3470 annos

1735 3503 2070 3553 renovandum
2108 3503 2268 3551 foedus
2309 3512 2625 3560 curaverunt,
2659 3503 2755 3548 Le-

1737 3583 1856 3646 pido
1884 3593 1933 3630 et
1970 3583 2146 3632 Catulo
2185 3598 2312 3630 coss.
2342 3592 2400 3630 nt
2434 3581 2602 3647 paullo
2645 3590 2759 3628 nnoe

1738 3662 1923 3709 dietum
1948 3671 2041 3709 est.

1807 3757 1857 3803 9.
1885 3741 2047 3797 Olim,
2079 3741 2257 3788 Mane.
2283 3739 2451 3786 Lamb.
2482 3741 2613 3801 conj.
2634 3755 2759 3798 ara,

1737 3821 1924 3868 Ernest.
1951 3829 2001 3869 et
2028 3819 2088 3867 al.
2118 3819 2458 3883 probantibus.
2487 3822 2538 3868 J.
2558 3823 2623 3866 V.
2649 3822 2706 3867 L.

1814 3915 1891 3948 ιο.
1922 3898 2169 3947 Horatios.
2209 3899 2540 3963 Depravatum
2580 3911 2757 3946 nomen

1740 3989 1823 4025 aut
1848 3991 2258 4043 supervacaneum
2278 3993 2294 4025 .·
2323 3993 2436 4025 nam
2465 3979 2755 4031 Horatium,

1739 4058 1826 4121 qui
1851 4057 2034 4106 bellum
2061 4058 2114 4103 in
2134 4056 2366 4120 Hispania
2391 4059 2592 4126 gesserit
2608 4091 2624 4115 ,
2654 4054 2757 4104 nul·

1737 4135 1838 4183 lum
1856 4135 2069 4184 invenio.
