2994 4778
663 407 1066 476 ORATIO
1116 411 1328 476 PRO
1381 410 1460 475 T.
1491 410 1575 474 A.
1609 406 2038 475 MILONE.
2271 400 2411 500 539

270 525 408 598 ubi
447 528 727 624 equites
779 530 1057 597 romani
1108 526 1242 613 illi,
1279 526 1420 613 illi,
1478 527 1752 622 inquit,
1808 525 1961 596 tui?
2001 524 2128 596 ubi
2170 523 2405 596 studia

268 639 835 735 municipiorum
863 636 892 705 Ρ
926 633 1057 708 ubi
1095 636 1310 741 Italiac
1346 633 1642 708 voces¹³
1670 638 1698 705 Ξ)
1733 635 1863 707 ubi
1900 634 2215 731 denique
2251 649 2408 720 tua,

266 752 371 819 Μ.
400 748 618 833 Tulli,
662 772 827 844 quae
867 746 1196 844 plurimis
1235 745 1374 817 fuit
1410 744 1718 832 auxilio,
1753 770 1886 816 vox
1932 759 2005 815 et
2040 740 2411 814 defensio?

264 858 548 930 mihine
591 882 674 929 ea
711 858 874 942 soli,
922 858 1051 953 qui
1098 880 1235 953 pro
1271 872 1342 928 te
1387 859 1601 928 toties
1641 855 1862 925 morti
1896 850 2098 926 me¹4
2139 852 2400 935 obtuli,

270 968 454 1039 nihil
485 956 726 1066 potest
760 966 1155 1064 opitulari?

370 1084 660 1150 XXXV.
698 1082 847 1150 Nec
874 1101 1044 1148 vero
1074 1074 1226 1146 haec
1247 1087 1297 1161 ¹,
1323 1073 1632 1171 judices,
1663 1090 1904 1171 utego
1933 1097 2162 1161 nunc,
2190 1071 2404 1169 flens,

268 1188 401 1261 sed
448 1188 589 1259 hoc
642 1187 900 1259 eodem
966 1186 1290 1283 loquitur
1342 1184 1587 1270 vultu,
1636 1209 1787 1282 quo
1843 1184 2116 1255 videtis.
2170 1185 2400 1279 Negat

266 1302 467 1371 enim
505 1288 653 1387 se'2,
698 1312 913 1395 negat
962 1298 1259 1394 ingratis
1307 1294 1584 1368 civibus
1618 1294 1904 1381 fecisse,
1950 1290 2160 1391 quae³
2193 1290 2398 1376 fecit;

270 1410 579 1495 timidis,
638 1424 711 1481 et
764 1411 1009 1481 omnia
1064 1405 1808 1504 circumspicientibus
1847 1404 2195 1504 pericula,
2249 1428 2397 1474 non

267 1534 504 1617 negat.
538 1518 830 1590 Plebem
866 1533 938 1590 et
964 1515 1289 1588 infimam
1316 1517 1884 1602 multitudinem,
1911 1540 2096 1613 quae,
2127 1520 2204 1586 P.
2237 1513 2402 1585 Clo·

265 1630 394 1701 dio
420 1628 606 1702 duce
623 1683 644 1717 ,
680 1627 990 1700 fortunis
1024 1628 1274 1698 vestris
1299 1626 1754 1715 imminebat,
1785 1652 1973 1715 eam,
2000 1650 2151 1723 quo
2176 1626 2402 1696 tutior

266 1755 457 1812 esset
496 1740 639 1810 vita
698 1754 980 1825 nostra,
1036 1736 1161 1809 se⁴
1217 1736 1468 1809 secisse
1522 1738 2078 1829 commemorat,
2114 1750 2198 1808 ut
2248 1759 2394 1805 non

255 1848 493 1922 ‚modo
523 1851 788 1920 virtute
827 1848 1177 1935 flecteret,
1211 1847 1337 1919 sed
1370 1848 1582 1918 etiam
1614 1847 1846 1920 tribus
1877 1851 2021 1919 suis
2050 1850 2396 1944 patrimo-

264 1956 457 2029 niis⁵
501 1957 868 2045 deliniret3
907 1983 1042 2030 nec
1080 1959 1324 2042 timet,
1360 1983 1453 2030 ne.
1476 2012 1496 2047 ,
1547 1983 1776 2055 quum
1813 1956 2098 2055 plebem
2135 1980 2396 2028 mune-

261 2067 473 2139 ribus
516 2067 844 2165 placarit,
886 2092 1016 2139 vos
1059 2094 1210 2139 non
1249 2068 1649 2140 conciliarit
1685 2069 1957 2139 meritis
1993 2069 2065 2136 in
2100 2092 2394 2166 rempu-

262 2177 529 2251 blicam
578 2178 1084 2276 singularibus.
1143 2184 1446 2250 Senatus
1495 2203 1661 2276 erga
1716 2204 1792 2250 se
1835 2177 2397 2250 benivolentiam

262 2288 719 2388 temporibus
767 2289 880 2361 his
923 2286 1115 2388 ipsis
1148 2312 1337 2385 saepe
1391 2312 1544 2360 esse
1597 2301 2086 2387 perspectam3
2127 2302 2398 2360 vestras

258 2425 438 2473 vero
489 2415 564 2473 et
614 2417 1020 2474 vestrorum
1078 2400 1416 2471 ordinum
1470 2401 2001 2471 occursationes
2020 2396 2075 2484 ⁶,
2122 2399 2396 2484 studia,

258 2534 670 2598 sermones,
708 2534 1245 2608 quemcumque
1283 2533 1576 2582 cursum
1612 2509 1906 2583 fortuna
1940 2508 2222 2581 dederit
2243 2563 2261 2595 ,
2294 2533 2394 2579 se-

338 2729 425 2777 13.
452 2729 616 2777 Italia
641 2745 811 2778 voees.
844 2728 1093 2778 Clamores
1117 2738 1285 2792 gratu-
1359 2725 1578 2793 secen'e5
1622 2729 1845 2784 Groevius
1865 2764 1882 2790 ,
1912 2725 2122 2793 fecisset
2157 2729 2192 2777 J
2195 2761 2212 2778 .
2235 2729 2298 2777 V.
2339 2732 2391 2777 L.

254 2807 469 2857 lentium
494 2819 545 2856 et
571 2808 796 2858 Ciceroni
825 2807 1046 2855 redeunti
1064 2842 1078 2865 ,
1113 2817 1162 2855 et
1187 2807 1286 2870 Mi-

253 2887 367 2936 loni
396 2903 483 2951 per
506 2903 653 2951 quem
677 2885 739 2936 ab
764 2887 937 2936 exsilio
964 2887 1120 2936 fueret
1145 2903 1284 2936 revo-

257 2978 418 3016 oetufl·

339 3054 421 3102 ιι.
460 3044 613 3093 Morti
633 3060 711 3093 me
735 3044 905 3094 obtuli.
932 3046 1058 3094 Nam
1083 3044 1285 3094 Clodius

255 3124 415 3172 vium
443 3140 598 3173 meam
630 3124 805 3189 saepius
839 3126 1077 3189 appetivit
1095 3158 1110 3183 ,
1146 3124 1283 3189 quod

256 3204 325 3253 de
353 3214 403 3252 te
429 3205 480 3251 iu
505 3204 710 3269 petrium
738 3203 1012 3256 revoc-ndo
1038 3203 1284 3252 decretum

254 3284 388 3331 ferre
410 3283 545 3331 omni
563 3299 656 3347 ope
675 3282 933 3331 adniterer.

333 3363 557 3411 XXXV.
590 3375 634 3411 1.
670 3363 749 3411 Ne
775 3377 898 3410 vero
923 3360 1044 3409 hoee.
1068 3357 1196 3408 'Hae
1221 3358 1283 3408 de

256 3440 469 3490 Milonis
508 3443 779 3491 coust-ntia
814 3440 1053 3488 interserit
1067 3473 1082 3498 ,
1112 3449 1166 3487 ut
1191 3440 1283 3488 hae

256 3521 519 3570 occasione
569 3520 632 3568 sd
688 3519 980 3568 land-udam
1039 3518 1285 3567 bonorum

256 3614 373 3663 erga
397 3600 633 3648 Milonem
654 3598 1032 3648 benivolentiam
1051 3609 1280 3659 nauseat,

256 3678 394 3727 unde
414 3679 541 3729 Milo
572 3680 673 3727 vim
704 3694 897 3728 omnem
917 3678 1064 3742 enimi
1082 3678 1177 3727 sibi
1202 3695 1282 3727 ιι·-

256 3756 426 3807 cessit.

332 3849 388 3885 ει.
425 3837 588 3902 Negat
614 3837 740 3885 enim
765 3853 833 3887 se.
865 3839 982 3887 Non
1009 3839 1141 3885 cives
1167 3853 1282 3887 suos

255 3916 478 3979 ingratos
513 3930 624 3979 erga
660 3932 713 3964 se
742 3916 958 3978 indie-t,
991 3916 1078 3965 sed
1113 3927 1284 3964 cautos

255 3995 408 4042 nimis
424 4030 439 4055 ,
493 3995 734 4058 nimiaque
788 3995 953 4047 Clodii
996 3997 1283 4045 satellitibus

255 4074 535 4123 exterritos.

335 4154 384 4201 3.
426 4157 549 4219 Quae
569 4154 717 4220 feeit.
752 4154 1011 4203 Lambinus
1031 4189 1047 4216 ,
1096 4159 1282 4205 Ernest.

1444 2819 1499 2867 4.
1525 2809 1607 2858 AJ.
1631 2810 1754 2857 male
1776 2809 1966 2857 addunt
1989 2824 2148 2858 suam.
2173 2809 2228 2858 J.
2251 2811 2312 2855 V.
2339 2810 2397 2857 L.

1447 2888 1496 2937 5.
1534 2889 1699 2937 Tribus
1725 2889 1822 2937 suis
1837 2886 2164 2953 patrimoniis.
2190 2888 2397 2936 Consta·

1371 2968 1456 3016 bat
1473 2968 1711 3018 Milouem
1726 2969 1986 3034 pecuniam
2001 2968 2149 3016 fuisse
2167 2966 2391 3030 largitum

1372 3047 1591 3111 populo,
1622 3064 1724 3112 quo
1749 3046 1936 3095 firmius
1960 3048 2177 3096 omnium
2203 3046 2391 3106 snimos

1371 3125 1465 3174 sibi
1484 3127 1779 3176 devinciret:
1803 3129 1879 3189 cuj
1887 3143 1944 3174 us
1964 3127 2077 3174 facti
2091 3137 2148 3174 ut
2159 3125 2391 3174 iuvidiam

1370 3215 1539 3253 orator
1581 3207 1861 3263 imminuat,
1909 3217 2114 3254 testatur
2152 3206 2389 3254 Milonem

1370 3284 1436 3331 its
1462 3284 1642 3350 egisse,
1670 3294 1727 3332 ut
1752 3283 2053 3348 plebeculam
2077 3285 2205 3332 hanc
2231 3287 2389 3334 sortu-

1369 3362 1447 3411 nis
1491 3363 1824 3413 imminentem
1864 3365 2082 3413 omnium
2117 3363 2360 3415 bonorum
2376 3402 2391 3427 ,

1370 3444 1476 3510 ipse
1503 3446 1808 3511 patrimoniis
1833 3448 1934 3494 suis
1961 3458 2210 3511 pascerem
2245 3460 2294 3496 et
2326 3449 2391 3498 its

1371 3526 1546 3575 nititur
1564 3525 1660 3574 hoe
1680 3524 1743 3574 ad
1760 3525 1953 3574 leudem
1971 3528 2075 3588 ejus
2093 3541 2394 3577 convertere.

1371 3607 1484 3654 Tria
1509 3616 1671 3654 nutem
1697 3616 1836 3653 erent
1861 3606 2040 3654 Miloni
2067 3608 2356 3672 patrimonia
2376 3642 2391 3664 ‚

1373 3696 1627 3749 paternum
1653 3700 1804 3732 unum
1821 3719 1835 3743 ,
1861 3685 2064 3734 alterum
2089 3698 2358 3735 maternum
2373 3720 2387 3738 ‚

1373 3767 1664 3828 tertiumque
1686 3766 1865 3824 Annii,
1894 3782 1922 3813 ι
1963 3783 2066 3830 quo
2105 3768 2260 3814 fuerat
2300 3764 2392 3813 sd-

1373 3853 1586 3908 optatus.

1441 3923 1492 3970 6.
1528 3921 1915 3970 ocem-sationes.
1954 3922 2278 3973 salutationes
2306 3926 2395 3974 ob-

1371 4001 1497 4059 vias,
1529 3999 1875 4049 benivolentia
1902 4002 2295 4066 significationes.
2323 4032 2390 4043 --

1370 4083 1639 4128 Sermones.
1679 4081 1782 4142 vQui
1825 4081 1885 4129 de
1918 4082 2107 4130 Milone
2140 4084 2390 4130 circumfe-

1372 4158 1615 4210 rebantur.
