2994 4778
592 460 974 527 ORATIO
1025 459 1227 525 PRO
1274 458 1371 525 M.
1425 456 2015 524 MARCELLO.
2066 457 2079 471 “

2235 451 2367 550 57¹

249 605 525 652 nomen
566 593 769 649 tuum
802 578 1018 675 longe
1052 592 1269 673 atque
1304 576 1474 663 late,
1504 574 1748 647 sedem
1777 574 2108 646 stabilem
2135 590 2208 647 et
2244 577 2376 648 do-

253 691 597 762 micilium
635 704 914 760 certum
965 713 1112 758 non
1159 684 1481 759 habebit.
1527 687 1679 756 Erit
1731 687 1920 756 inter
1963 710 2087 756 eos
2130 687 2384 766 etiam,

250 801 383 897 qui
422 812 830 884 nascentur,
873 798 1056 868 sicut
1093 798 1282 868 inter
1317 820 1449 866 nos
1486 795 1659 882 fuit,
1701 819 1953 892 magna
1997 794 2379 882 dissensi0‚

250 933 484 1006 quum
525 908 641 978 alii
682 906 1016 978 laudibus
1045 906 1132 977 ad
1172 905 1419 977 caelum
1457 930 1571 977 τω
1601 920 1759 975 tuas
1788 919 2018 1001 gestas
2055 901 2382 991 efferent,

242 1020 374 1089 -alii
426 1015 724 1089 fortasse
764 1016 1032 1114 aliquid
1071 1019 1517 1113 requirenw,
1562 1014 1781 1113 idque
1818 1014 1929 1084 vel
1964 1015 2380 1101 maximum,

250 1129 395 1199 nisi
440 1127 613 1199 belli
652 1126 873 1197 civilis
923 1126 1339 1197 incendium
1376 1124 1605 1196 salute
1646 1126 1891 1221 patriae
1933 1125 2379 1209 restinxeris;

252 1253 335 1306 ut
353 1236 529 1307 illud
559 1234 681 1306 fati
705 1234 923 1306 fuisse
951 1236 1298 1321 videatur,
1327 1234 1469 1305 hoc
1493 1234 1793 1305 consilii.
1823 1234 2022 1303 Servi
2051 1234 2269 1330 igitur
2296 1235 2381 1303 iis

250 1350 467 1417 etiam
500 1344 894 1441 judicibus,
933 1347 1061 1442 qui
1098 1344 1340 1415 multis
1369 1359 1532 1442 post
1565 1342 1835 1413 saeculis
1872 1341 1961 1412 de
2008 1358 2079 1411 te
2106 1341 2380 1437 judica-

253 1456 480 1542 bunt,
516 1470 588 1525 et
617 1455 910 1552 quidem
947 1454 1141 1526 haud
1176 1456 1356 1540 scin,
1387 1480 1479 1524 au
1509 1453 2107 1550 incorruptius¹⁰‚
2160 1473 2377 1547 quam

256 1591 415 1637 nos.
441 1568 619 1636 Nam
643 1579 715 1636 et
742 1566 897 1635 sine
917 1590 1192 1649 amore,
1223 1579 1295 1635 et
1322 1566 1473 1634 sine
1499 1562 1891 1661 cupiditate
1913 1572 1997 1648 ¹¹,
2024 1577 2099 1633 et
2132 1583 2381 1632 rursus

246 1678 411 1746 sine
439 1674 645 1762 odie,
687 1689 758 1745 et
792 1677 948 1746 sine
976 1675 1242 1745 invidia
1276 1673 1731 1768 judicabunt.
1774 1673 1856 1742 Id
1889 1686 2128 1743 autem
2161 1672 2377 1742 etiam

250 1787 316 1855 si
350 1800 526 1856 tunc
561 1785 650 1856 ad
687 1799 793 1873 te,
831 1798 912 1855 ut
948 1784 1243 1882 quidam
1276 1783 1452 1855 falso
1484 1792 1846 1879 putantn,
1884 1808 2032 1854 non
2067 1781 2378 1880 pertine-

250 1895 397 1980 bit,
427 1920 623 1966 nunc
659 1911 852 1966 certe
883 1898 1229 1993 pertinet,
1267 1919 1420 1965 esse
1451 1909 1523 1963 te
1552 1892 1768 1963 talem
1787 1945 1806 1974 ‚
1838 1908 1921 1963 ut
1949 1908 2107 1963 tuas
2134 1891 2377 1963 laudes

253 2004 720 2076 obscuratura
747 2005 943 2076 nulla
978 2029 1322 2103 umquam
1362 2005 1450 2075 sit
1488 2000 1778 2073 oblivio,

353 2122 442 2187 X.
476 2118 784 2187 Diversae
809 2115 1213 2186 voluntates
1241 2116 1500 2184 civium
1532 2111 1858 2198 fuerunt,
1885 2110 2380 2205 distractaeque

254 2228 662 2296 sententiae.
712 2229 889 2296 Non.
927 2228 1119 2296 enim
1161 2224 1476 2312 consiliis
1523 2222 1752 2292 solum
1811 2235 1883 2292 et
1924 2219 2213 2304 studiis,
2256 2218 2381 2289 sed

252 2336 471 2407 armis
508 2338 723 2406 etiam
756 2349 829 2406 et
866 2336 1109 2407 castris
1147 2331 1688 2406 dissidebamus.
1727 2335 1894 2401 Erat
1931 2343 2172 2402 autem
2209 2326 2379 2401 obs·

335 2518 385 2565 9.
414 2500 621 2566 Aliquid
642 2502 901 2566 requirent.
924 2504 1031 2565 Qus
1061 2499 1277 2565 pruden-

260 2579 329 2626 tis
365 2580 514 2627 animi
557 2582 631 2629 sui
673 2596 864 2629 sensum
901 2582 1082 2629 evolvit
1101 2615 1114 2639 ,
1142 2581 1278 2644 quasi

261 2658 477 2707 diceret:
507 2660 708 2708 Plurimi
739 2670 867 2707 certe
893 2671 940 2707 te
963 2676 1061 2708 non
1081 2676 1276 2708 servan-

267 2738 345 2784 ‹1ae
372 2737 678 2802 reipublicae,
719 2739 804 2786 sed
830 2738 1107 2786 ambitionis
1139 2754 1278 2786 causa

261 2816 501 2879 Pompeio
519 2816 700 2865 bellum
722 2817 940 2864 intulisse
959 2817 1253 2864 contendent
1266 2851 1280 2875 ,

266 2896 360 2942 nisi
390 2896 543 2959 reipsa
569 2896 822 2943 stabilieris
840 2895 1209 2959 rempublicam,
1231 2906 1280 2942 et

262 2975 391 3022 hauc
427 2974 749 3038 suspicionem
788 2974 941 3022 salute
975 2975 1143 3038 patria
1171 2975 1278 3023 aba·

265 3054 476 3102 terseris.
507 3054 619 3102 Non
646 3053 833 3101 abludit
850 3054 987 3102 locus
1010 3053 1092 3101 ille
1116 3053 1275 3101 Sallu-

262 3134 342 3179 stii
376 3142 498 3180 orat.
519 3148 548 3180 a
578 3132 641 3179 sd
667 3134 903 3182 Caes-rem
932 3132 993 3179 de
1030 3133 1277 3197 republica

262 3209 532 3258 ordinanda
547 3209 662 3267 ,ubi
687 3211 890 3276 patriam
917 3211 981 3258 its
999 3213 1277 3274 loquentem

264 3288 454 3336 inducit
486 3303 499 3336 :
540 3310 562 3331 ι
588 3291 798 3337 Tametsi
830 3290 964 3337 domi
1001 3291 1279 3353 militiaeque

260 3367 494 3432 praeclsrn
519 3367 730 3416 facinora
753 3369 890 3430 egisti
907 3404 923 3429 ‚
952 3380 1107 3417 tamen
1127 3369 1279 3431 gloria

264 3459 350 3495 tus
373 3463 484 3495 cum
519 3448 683 3496 multis
709 3448 917 3496 fortibus
944 3449 1139 3512 aqualis
1167 3459 1237 3496 est
1262 3462 1279 3507 ;

263 3527 306 3573 si
335 3542 451 3574 vero
486 3526 651 3574 urbem
680 3528 972 3592 amplissimo
1000 3528 1195 3575 nomine
1230 3538 1279 3575 et

264 3605 479 3652 maximo
504 3605 708 3669 imperio
724 3622 879 3669 prope
900 3607 998 3665 jam
1017 3606 1078 3653 ab
1103 3621 1278 3653 occasu

265 3684 553 3741 restitueris,
572 3685 683 3747 quis
706 3694 751 3731 te
772 3684 980 3732 clarior?
996 3686 1105 3747 quis
1128 3686 1280 3744 major

266 3762 331 3825 in*
367 3762 505 3809 terris
553 3762 699 3809 fuerit
720 3764 742 3810 Ρ
791 3763 974 3827 quippe
1014 3765 1055 3810 si
1107 3763 1279 3810 morbo

261 3840 388 3899 jam,
421 3852 507 3887 sut
531 3839 631 3887 sato
659 3840 773 3888 huic
811 3842 1016 3905 imperIo
1041 3857 1176 3887 secus
1201 3857 1281 3887 ac-

267 3918 399 3967 cidat
411 3954 426 3978 ,
444 3919 523 3966 cui
545 3918 751 3966 dubium
765 3930 854 3980 est,
871 3921 991 3984 quin
1007 3936 1097 3984 per
1113 3920 1282 3967 orbem

268 4009 504 4045 terrerum
524 3998 721 4045 vastitas
735 4033 752 4059 ,
782 3998 931 4057 bella,
954 3998 1109 4047 cedes
1126 3999 1283 4046 orian-

269 4090 351 4124 tur
367 4080 391 4124 P
418 4078 553 4141 quod
580 4079 621 4125 si
652 4078 738 4125 tibi
770 4078 898 4131 bons
927 4078 1081 4127 libido
1106 4079 1280 4134 fuerit,

268 4157 454 4220 patric,
466 4157 744 4222 parentibus
760 4152 1078 4221 gratificandi,
1088 4168 1281 4222 postero

1365 2518 1584 2570 tempore
1637 2504 1882 2568 republica
1938 2502 2155 2551 restituta
2169 2535 2184 2559 ‚
2215 2492 2380 2565 ¹super

1364 2601 1532 2634 omnes
1562 2585 1784 2632 mortales
1810 2583 1959 2646 glorie
1984 2585 2176 2646 agnita,
2199 2590 2379 2642 tuaque

1364 2665 1508 2713 unius
1527 2681 1655 2712 mous
1671 2664 1764 2709 vita
1786 2662 1962 2710 clarior
1977 2662 2094 2709 erit:
2113 2675 2223 2707 nam
2243 2660 2379 2706 vivo·

1366 2744 1608 2791 interdum
1645 2743 1835 2790 fortuna
1852 2776 1866 2798 ,
1909 2756 2036 2803 saepe
2061 2737 2244 2786 invidia
2271 2738 2384 2783 fati-

1369 2834 1475 2887 gst3
1494 2822 1579 2870 ubi
1597 2822 1753 2869 anima
1774 2830 1958 2867 nature
1978 2820 2118 2867 cessit
2134 2852 2148 2876 ,
2170 2816 2378 2879 demptis

1367 2901 1804 2954 obtrectatoribus,
1844 2900 1948 2964 ipss
1975 2915 2025 2945 se
2054 2899 2206 2944 virtus
2234 2895 2381 2959 magis

1367 2981 1613 3043 magisque
1643 2979 1834 3027 extollit
1851 3004 1897 3024 -.

1441 3074 1517 3104 ιο.
1539 3061 1617 3106 An
1638 3055 1977 3119 incorruptius.
1997 3055 2178 3104 Eadem
2202 3054 2301 3101 sere
2318 3050 2381 3098 sd

1363 3136 1604 3199 Quintum
1625 3137 1818 3183 fratrem
1841 3149 1855 3183 ι
1880 3156 1904 3177 σι
1919 3134 2036 3181 Nou
2070 3142 2142 3181 est
2182 3131 2273 3179 tibi
2305 3129 2383 3177 his

1364 3216 1482 3263 solis
1511 3214 1743 3262 utendum
1773 3211 2211 3262 existimationibus
2237 3226 2294 3259 sc
2308 3211 2388 3270 ju·

1366 3294 1535 3345 (liciis.
1567 3294 1651 3356 qui
1681 3308 1811 3340 nunc
1841 3303 1956 3339 sunt
1984 3291 2234 3338 bominum
2255 3303 2270 3348 ;
2295 3288 2379 3335 sed

1366 3374 1424 3421 iis
1450 3373 1594 3420 etism
1630 3371 1717 3434 qui
1745 3371 1897 3418 futuri
1921 3381 2060 3426 sunu
2091 3382 2379 3433 quanquam

1364 3452 1558 3499 illorum
1585 3451 1676 3497 erit
1706 3451 1862 3495 verius
1879 3449 2121 3509 judicium
2148 3449 2384 3496 obtrecta-

1368 3532 1501 3580 tione
1534 3541 1586 3577 et
1610 3528 1933 3577 malivolentia
1953 3528 2204 3576 liberatum
2229 3549 2274 3577 ¹·-

1444 3626 1462 3655 1
1481 3627 1522 3658 ι.
1562 3608 1673 3655 Sino
1715 3606 1990 3673 cupiditate.
2034 3607 2092 3655 ld
2127 3617 2199 3653 est
2220 3639 2234 3663 ‚
2279 3606 2382 3653 sine

1366 3688 1532 3737 studio
1559 3689 1785 3750 partium.

1446 3783 1524 3814 ια.
1559 3770 1618 3811 Ut
1641 3767 1842 3830 quidam
1865 3762 2007 3829 salso
2027 3772 2220 3827 putant.
2253 3761 2386 3808 Mori

1370 3861 1482 3893 cum
1506 3860 1711 3908 corpore
1730 3846 1935 3893 animam
1959 3843 2227 3890 credentes.
2252 3843 2387 3887 Hanc

1370 3924 1651 3986 opiqunem
1678 3924 1840 3972 Caessr
1865 3923 2115 3977 emiserat,
2149 3935 2298 3984 quum
2327 3917 2388 3967 de

1369 4000 1514 4047 sociis
1545 3999 1767 4048 Catilina
1805 3998 2066 4064 puniendis
2103 4009 2280 4060 egerat.
2310 3995 2387 4044 Cf.

1370 4076 1473 4127 Cic.
1495 4077 1639 4126 Catil.
1666 4080 1752 4135 IV,
1774 4085 1804 4133 4
1821 4112 1836 4136 ‚
1854 4089 1900 4125 et
1920 4077 2112 4126 Sallust.
2130 4076 2247 4124 Bell.
2270 4074 2381 4123 Civ.

1372 4157 1430 4205 51
1442 4192 1455 4205 .
1475 4156 1660 4206 Weisk.
1677 4158 1811 4219 ejicit
1818 4155 1978 4221 salso.
