2994 4778
657 414 798 503 544
1296 420 1393 485 Μ.
1447 419 1525 486 Τ.
1579 419 2144 489 clcERole

650 562 937 619 mecum
971 553 1380 633 temporum
1423 537 1756 608 illorum?
1795 563 1910 609 me
1947 562 2097 609 non
2133 540 2458 636 potuisse
2495 538 2789 610 Milonis

649 649 953 721 salutem
989 648 1179 717 tueri
1214 671 1346 743 per
1375 646 1665 717 eosdem
1687 701 1705 733 ,
1743 672 1875 744 per
1910 673 2098 745 quos
2131 664 2449 720 nostram
2479 648 2604 719 ille
2638 674 2790 720 ser-

647 760 924 830 vasset?
964 761 1056 827 At
1101 759 1176 827 in
1213 781 1358 853 qua
1400 782 1611 827 causa
1650 782 1799 827 non
1840 761 2203 856 potuisse?
2240 785 2399 856 quae
2445 774 2559 831 est
2592 775 2789 857 grata

648 866 1010 964 gentibus.
1058 871 1116 935 A
1151 865 1420 962 quibus
1460 891 1611 937 non
1646 869 2006 962 potuisse?
2041 868 2132 939 ab
2165 871 2288 955 iis,
2321 871 2443 966 qui
2472 871 2787 939 maxime

649 983 726 1050 P.
774 977 1006 1051 Clodii
1058 991 1293 1046 morte
1344 974 1840 1074 acquieruntss.
1894 983 2062 1070 Quo
2114 979 2602 1077 deprecante?
2653 1004 2782 1050 me.

585 1170 590 1171 f
650 1086 1038 1179 Quodnam
1066 1111 1201 1182 ego
1231 1088 1535 1183 concepi
1570 1102 1855 1159 tantum
1882 1089 2152 1173 scelus,
2180 1104 2306 1161 aut
2335 1090 2539 1186 quod
2567 1093 2644 1160 in
2675 1114 2784 1160 me

653 1213 934 1270 tantum
997 1195 1276 1268 facinus
1331 1196 1643 1285 admisi,
1670 1197 1977 1292 judices,
2043 1223 2275 1295 quum
2339 1198 2460 1270 illa
2524 1198 2784 1269 indicia

652 1313 1058 1381 communis
1083 1310 1280 1379 exitii
1307 1308 1637 1404 indagavi
1653 1319 1707 1394 7,
1735 1307 2071 1405 patefeci,
2102 1309 2414 1407 protuli,
2439 1310 2784 1380 exstinxi?

652 1441 906 1489 omnes
937 1423 1012 1489 in
1050 1442 1167 1487 me
1207 1441 1556 1514 meosque
1597 1417 2012 1489 redundant
2052 1444 2143 1490 ex
2186 1417 2389 1490 sonte
2424 1419 2548 1489 illo
2583 1417 2781 1489 dolo·

651 1554 789 1601 res.
830 1528 1025 1619 Quid
1065 1552 1181 1597 me
1226 1522 1614 1598 reducem8
1652 1552 1806 1599 esse
1843 1528 2210 1600 voluistis?
2245 1553 2337 1599 an
2375 1542 2493 1616 ut,
2542 1530 2780 1625 inspe-

650 1655 888 1711 ctante
926 1664 1042 1710 me
1066 1693 1085 1725 ,
1129 1638 1689 1735 expellerentur,
1723 1664 1855 1737 per
1886 1664 2071 1736 quos
2111 1664 2333 1711 essem
2369 1638 2782 1710 restitutus?

650 1749 925 1836 Nolite,
977 1748 1281 1819 obsecro
1339 1773 1467 1820 vos
1491 1803 1513 1837 ‚
1544 1752 1715 1846 pati
1761 1747 1939 1819 mihi
1984 1747 2432 1820 acerbiorem
2471 1748 2779 1818 reditum

651 1883 839 1943 esse,
877 1883 1092 1956 quam
1127 1857 1344 1929 fuerit
1373 1858 1675 1957 illejpse
1706 1857 2076 1930 discessus.
2114 1863 2297 1930 Nam
2332 1858 2460 1955 qui
2490 1879 2779 1953 possum

652 1984 906 2067 putare
945 1994 1059 2040 me
1103 1970 1517 2040 restitutum
1556 1995 1743 2059 esse,
1772 1971 1840 2042 ,si
1890 1968 2300 2040 distrahor9
2343 1968 2437 2039 ab
2477 1970 2603 2053 iis,
2654 1991 2781 2064 per

651 2105 840 2176 quos
875 2083 1249 2151 restitutus
1287 2081 1493 2149 sum?
2712 2165 2720 2172 ·

701 2214 710 2221 ·
745 2193 1136 2260 XXXVIII.
1195 2190 1484 2258 Utinam
1528 2187 1627 2258 dii
1664 2191 2148 2261 immortales¹
2196 2186 2535 2261 fecissent
2568 2190 2777 2287 (pace

651 2313 771 2369 tua
793 2351 812 2385 ‚
843 2300 1107 2397 patria,
1142 2298 1444 2370 dixerim
1464 2324 1485 2386 3
1508 2301 1981 2396 metuo-enim
2006 2353 2025 2388 ,
2060 2324 2153 2371 ne
2182 2299 2527 2370 scelerate
2554 2298 2778 2370 dicam

646 2545 959 2593 conclusione
977 2541 1252 2591 orationum
1267 2543 1532 2592 liberorum
1547 2562 1673 2593 men-
1760 2547 1969 2606 Clodio,
2003 2563 2216 2611 quocum
2252 2564 2426 2597 manus
2461 2565 2595 2614 saepe
2621 2566 2781 2598 conse·

649 2626 830 2672 tionem
852 2623 965 2671 facit
982 2657 997 2682 ‚
1018 2638 1199 2687 eosque
1229 2634 1422 2671 orantes
1447 2624 1671 2683 inducia
1760 2627 1858 2674 ruit
1874 2661 1889 2685 ,
1915 2637 1963 2674 et
1984 2637 2187 2692 propter
2208 2644 2353 2691 quem
2380 2644 2519 2676 nnnc
2546 2646 2658 2678 rens
2679 2641 2780 2677 ante

649 2719 757 2766 quae
798 2720 949 2767 quum
987 2703 1141 2750 facere
1195 2718 1285 2766 pro
1329 2701 1520 2750 Milone
1571 2719 1675 2751 non

651 2792 813 2847 posset
839 2781 950 2829 talia
986 2790 1272 2845 aspernante
1288 2816 1303 2840 ,
1335 2797 1452 2827 snos
1479 2781 1587 2845 ipse
1612 2782 1673 2829 li-

649 2862 792 2910 beros
820 2860 1117 2924 domumque
1143 2858 1394 2924 producit.

717 2944 770 2990 6.
805 2940 1120 3003 Acquierum.
1147 2939 1247 3000 Qui
1277 2954 1514 2986 summam
1539 2939 1672 3002 quie-

648 3035 744 3071 tem
773 3021 937 3070 Clodii
975 3029 1133 3067 morte
1173 3030 1286 3067 sunt
1313 3021 1576 3082 asseqnnti.
1604 3048 1675 3057 —

650 3105 758 3166 Quo
793 3102 1124 3169 deprecante?
1150 3115 1242 3146 me.
1269 3100 1360 3146 Vis
1390 3110 1462 3147 est
1488 3116 1674 3147 summa

648 3183 700 3229 in
731 3182 882 3230 verbo
908 3181 1004 3228 hoc
1026 3197 1152 3239 nno,
1174 3196 1271 3244 quo
1299 3191 1399 3228 tota
1422 3180 1673 3230 Ciceronis

648 3261 748 3305 vita
765 3294 781 3321 ,
806 3276 908 3324 quo
929 3269 1140 3323 quantus
1160 3270 1233 3307 est
1252 3260 1355 3324 ipse
1378 3259 1671 3308 continetur.

649 3340 759 3385 Jam
806 3340 910 3403 ipse
958 3356 1011 3387 se
1055 3342 1246 3388 incusat
1284 3341 1486 3399 Cicero,
1533 3340 1671 3402 qnasi

645 3416 848 3464 Milonis
898 3434 1054 3465 causae
1101 3419 1351 3475 nocuerit,
1401 3419 1539 3482 quasi
1584 3435 1673 3483 per

647 3495 858 3542 Milonis
885 3494 1246 3545 damnationem
1266 3496 1425 3558 ipsum
1445 3497 1671 3544 damnare

647 3573 863 3639 cogitent
882 3572 1092 3632 jndices.
1135 3575 1142 3582 ’

719 3670 766 3714 7.
793 3650 1058 3715 Indagavi.
1085 3653 1142 3697 In
1167 3650 1446 3698 memoriam
1473 3664 1672 3701 revocat

648 3731 869 3781 Catilinae
924 3728 1313 3789 conjurationem
1360 3746 1412 3776 se
1466 3730 1669 3779 consule

645 3825 943 3874 oppressam,
973 3819 1026 3855 ut
1051 3807 1165 3855 inde
1194 3807 1432 3857 Milonem
1455 3809 1668 3858 invisum

646 3906 748 3938 esse
785 3889 1096 3936 demonstret.
1122 3887 1246 3936 Nam
1280 3889 1346 3937 ob
1383 3905 1666 3954 oppressam

646 3967 1031 4028 conjurationem
1056 3983 1084 4013 a
1109 3967 1287 4015 Clodio
1325 3969 1416 4016 fuit
1454 3970 1507 4017 in
1543 3971 1670 4019 exsi-

649 4048 767 4093 lium
799 4046 971 4091 missus
994 4045 1167 4093 Cicero
1183 4081 1196 4102 ‚
1218 4063 1388 4109 quem,
1412 4064 1566 4111 quum
1595 4065 1668 4095 re-

647 4124 810 4176 vocari
835 4123 1022 4172 curavit
1051 4125 1172 4174 Milo
1189 4163 1203 4188 ,
1224 4127 1558 4176 infestissimus
1575 4128 1668 4176 fuit

1756 2705 1943 2765 judices
1970 2707 2170 2755 sistitur.
2186 2708 2297 2756 Nisi
2323 2724 2443 2771 ergo
2465 2709 2642 2757 Cicero
2660 2699 2783 2759 Catiss

1746 2784 1910 2833 ‘linam
1948 2787 2294 2850 oppressisset,
2332 2789 2428 2834 nisi
2459 2805 2487 2833 a
2526 2789 2707 2836 Milone
2731 2789 2780 2834 in

1763 2864 1925 2912 reditu
1961 2877 2087 2914 esset
2117 2865 2340 2926 adjmus,
2372 2883 2477 2914 non
2505 2885 2618 2916 rens
2641 2868 2779 2915 hodie

1763 2943 1888 2991 Milo
1920 2946 1971 2991 in
1994 2945 2185 3005 judicio
2210 2957 2374 2994 staret.

1837 3015 1883 3060 8.
1906 3015 2042 3079 Quid
2055 3032 2131 3063 me
2145 3018 2388 3064 reducem.
2410 3018 2530 3065 Non
2547 3021 2670 3067 tanti
2689 3027 2779 3065 erat

1763 3109 1840 3140 me
1878 3094 1928 3141 in
1973 3096 2176 3158 patriam
2205 3112 2266 3144 ex
2294 3099 2519 3144 omnium
2548 3113 2777 3146 consensu

1762 3176 1999 3231 revocari,
2013 3175 2053 3221 si
2069 3174 2132 3221 ad
2148 3175 2197 3221 id
2213 3192 2365 3223 unum
2388 3178 2579 3225 venisse
2600 3178 2777 3231 videor.

1759 3262 1814 3299 nt
1840 3253 2024 3300 amicos
2047 3255 2245 3301 summis
2272 3256 2411 3302 malis
2434 3255 2648 3304 afflictos
2663 3255 2779 3319 aspi·

1759 3333 1908 3390 ciam,
1927 3333 1966 3378 si
1993 3333 2231 3381 acerbiori
2254 3334 2549 3383 conditione
2566 3347 2641 3384 eet
2663 3335 2778 3383 redi·

1761 3420 1838 3458 tus
1864 3428 2009 3474 quam
2039 3412 2292 3461 discessus.
2311 3415 2639 3464 Discedebam
2660 3417 2781 3463 enim

1759 3506 1786 3536 a
1808 3490 1946 3537 malis
1963 3491 2214 3555 expulsus,
2241 3510 2265 3541 a
2286 3493 2432 3540 bonis
2453 3494 2776 3554 desideratum

1761 3586 1893 3617 nunc
1928 3570 1991 3618 ab
2032 3571 2129 3618 illis
2167 3572 2284 3636 ipsis
2329 3573 2568 3636 expulsos
2603 3577 2783 3623 amicos

1760 3666 1893 3698 meos
1920 3661 1969 3696 et
1995 3661 2261 3698 servatores
2284 3650 2460 3714 video,
2488 3669 2621 3715 quos
2646 3659 2781 3705 incu-

1758 3747 1860 3777 sare
1891 3746 1993 3778 non
2022 3730 2144 3778 libet
2165 3766 2180 3790 ‚
2217 3747 2366 3794 qnnm
2396 3734 2579 3796 populi
2600 3736 2784 3784 romani

1756 3809 2018 3857 consilium
2047 3810 2175 3867 sint,
2205 3822 2255 3859 ct
2281 3811 2566 3875 reipublicae
2588 3817 2783 3862 nomine

1753 3901 1921 3954 agant.

1828 3987 1878 4032 9.
1929 3969 2093 4017 Graev.
2139 3986 2166 4017 e
2209 3970 2365 4029 MSS,
2407 3970 2684 4023 distrahar.
2726 3997 2784 4009 --

1756 4050 1821 4096 Η.
1855 4067 1896 4093 e.
1932 4048 2156 4097 divellor.

1826 4128 2118 4175 xxxvm.
2145 4141 2188 4175 ι.
2221 4125 2419 4175 Utinam
2438 4127 2511 4175 dii
2531 4130 2779 4179 ienmona-
