2994 4778
678 470 776 568 98
1315 466 1411 534 M.
1461 466 1541 532 T.
1594 465 2176 535 clcssnoms

680 592 802 663 His
840 592 916 659 in
958 585 1240 657 theatro
1285 581 1802 686 plaudebatur3
1843 582 1920 654 hi
1956 581 2351 682 suffragiiS,
2391 584 2593 683 quod
2630 610 2806 660 oon·

675 700 1090 780 tendet-ant,
1129 690 1777 789 consequebantur.
1819 698 2096 765 Horum
2137 693 2464 767 homines
2488 720 2806 787 nomen,

672 814 1118 893 orationem,
1169 804 1491 890 vultum,
1547 805 1906 877 incessum
1958 800 2316 875 amabant.
2364 806 2512 894 Qui
2557 821 2809 878 autem

672 916 1234 991 adversabantur
1293 915 1359 983 ei
1411 912 1699 1010 generi,
1757 936 2005 1009 graves
2059 927 2133 984 et
2179 915 2420 1012 magni
2468 913 2810 988 homines

676 1027 1138 1101 habebantur
1173 1048 1189 1090 ε
1234 1021 1361 1092 sed
1410 1019 1745 1092 valebant
1787 1023 1864 1092 in
1911 1035 2164 1093 senatu
2213 1022 2563 1109 multum,
2606 1023 2806 1121 apud

673 1139 911 1211 bonos
966 1127 1200 1204 viros⁸
1265 1131 1711 1227 plurimum;
1775 1125 2218 1201 multitudini
2278 1129 2586 1226 jucundi
2650 1156 2809 1204 non

667 1238 915 1330 erant3
953 1240 1308 1340 suffragiis
1340 1238 1850 1312 offendebatur
1878 1265 2063 1338 saepe
2093 1252 2394 1312 eorum9
2422 1243 2804 1330 voluntas;

673 1357 1005 1455 plausum
1058 1375 1231 1422 vero
1282 1351 1493 1421 etiam
1548 1350 1605 1420 si
1656 1351 1821 1447 quis
1874 1373 2127 1422 eorum
2169 1350 2562 1448 aliquando
2595 1374 2808 1422 acce·

671 1480 914 1564 perat,
955 1487 1048 1533 ne
1085 1459 1264 1557 quid
1298 1468 1765 1559 peccasset¹⁰‚
1808 1458 2376 1555 pertimescebat.
2421 1463 2763 1532 Attamen
2786 1514 2810 1549 ‚

669 1577 728 1645 si
759 1596 905 1670 qua
938 1594 1052 1642 res
1088 1583 1241 1641 erat
1272 1569 1530 1663 major,
1557 1570 1749 1642 idem
1779 1569 1896 1641 ille
1923 1569 2241 1669 populus
2268 1570 2532 1641 horum
2558 1586 2810 1643 aucto-

669 1686 878 1755 ritate
919 1684 1228 1752 maxime
1264 1679 1875 1751 commovebatur.

766 1796 844 1861 L.
880 1794 1091 1861 Nunc
1111 1843 1131 1875 ,
1170 1790 1310 1859 nisi
1342 1812 1460 1860 me
1491 1787 1748 1877 fanin,
1773 1792 1847 1860 in
1887 1814 1977 1860 eo
2006 1801 2194 1859 statu
2231 1788 2481 1861 civitas
2510 1803 2649 1877 est,
2674 1805 2802 1876 ut,

668 1901 727 1969 si
778 1921 1035 1995 operas
1081 1897 1612 1969 conductorum
1660 1899 2088 1987 removeris,
2156 1921 2410 1970 omnes
2461 1899 2653 1971 idem
2706 1900 2806 1972 de

673 2007 1048 2105 republica
1087 1998 1369 2079 sensuri
1418 2032 1575 2080 esse
1618 2007 2019 2079 videantur.
2086 2011 2370 2079 Etenim
2406 2008 2639 2080 tribus
2685 2010 2803 2082 lo·

669 2120 813 2190 cis'
877 2115 1258 2214 significari
1315 2119 1622 2188 maxime
1670 2117 1921 2215 populi
1984 2120 2265 2189 romani
2320 2116 2667 2212 judicium
2712 2142 2805 2193 ac

671 2228 1004 2299 voluntas
1038 2241 1310 2324 potest,
1354 2228 1743 2313 concione,
1778 2226 2121 2313 comitiis,
2155 2225 2492 2299 ludorum
2529 2226 2805 2324 gladia-

669 2354 1059 2435 torumque
1096 2360 1460 2410 consessu.
1506 2338 1684 2425 Quae
1727 2337 1983 2408 concio
2019 2334 2159 2406 fuit
2194 2360 2326 2434 per
2362 2336 2498 2409 hos
2534 2362 2803 2427 annos,

667 2472 834 2547 quae
872 2446 1170 2545 quidem
1220 2461 1407 2518 esset
1431 2469 1600 2517 ,non
1640 2444 2042 2532 conducta,
2082 2445 2209 2520 sed
2250 2467 2459 2532 vera,
2511 2449 2587 2517 in
2648 2472 2803 2545 qua

668 2598 928 2664 populares
951 2598 1081 2645 cives
1100 2595 1509 2660 inpediebatur,
1533 2611 1693 2660 popu-
1774 2594 1964 2660 proditi
1992 2605 2211 2653 senatus,
2242 2606 2293 2644 et
2323 2596 2617 2661 posthabitn
2641 2599 2806 2662 gravi·

668 2678 747 2726 lus
789 2677 855 2725 ad
895 2676 1275 2725 benivolentiam
1326 2673 1691 2739 significandam
1776 2677 1888 2724 tatis
1928 2674 2101 2740 populi
2150 2674 2419 2724 commodis
2470 2676 2664 2741 plausus
2716 2678 2803 2727 ine

667 2756 891 2822 plausum
927 2755 1069 2804 dabat
1093 2767 1109 2802 ε
1147 2753 1285 2816 quod
1320 2763 1479 2799 autem
1518 2752 1693 2800 Cicero
1777 2771 1965 2818 semper
1982 2754 2191 2801 daretur.
2217 2753 2440 2802 Ceterum
2460 2754 2711 2819 ingeniose
2734 2757 2805 2805 ad

671 2835 822 2894 dixit,
850 2855 874 2877 ι
895 2835 927 2882 J
931 2825 1102 2881 udiciis
1126 2843 1274 2896 atque
1297 2831 1433 2878 omni
1450 2829 1691 2894 significa·
1777 2834 1901 2882 illud
1924 2833 2184 2880 Phocionis
2198 2832 2400 2880 verbum
2416 2834 2662 2892 alluditur,
2685 2837 2803 2900 qui,

668 2914 805 2960 tione
814 2933 840 2954 ι·
850 2947 865 2969 ,
886 2911 1107 2975 proxime
1120 2926 1170 2958 se
1189 2910 1292 2975 ipse
1305 2913 1527 2975 exponit,
1540 2926 1690 2976 quun

667 2990 844 3047 insert,
868 3011 896 3031 ιι
916 2989 1006 3037 111³
1035 2989 1089 3037 in
1115 2988 1305 3038 theatro
1331 2989 1685 3054 plaudebatnr:

667 3068 720 3116 hi
736 3068 976 3132 suffragiis
988 3101 1003 3125 ‚
1019 3067 1157 3133 quod
1175 3067 1525 3116 contenderant
1537 3105 1552 3129 ,
1570 3085 1690 3116 con·

667 3147 992 3213 tequebfluttr
1007 3168 1050 3194 »-

739 3228 787 3277 8.
822 3225 973 3292 Apud
1007 3227 1155 3277 bonos
1177 3227 1336 3277 viros.
1367 3227 1636 3292 Distingnit
1659 3241 1688 3275 a

666 3316 836 3353 senatu
852 3305 1017 3354 bonos
1034 3306 1192 3363 viros;
1209 3315 1265 3353 ut
1278 3304 1530 3364 ostendat,
1542 3306 1688 3354 etiam

565 3373 574 3379 ’
666 3383 719 3429 in
750 3381 941 3446 populo
966 3382 1140 3446 fuisse,
1169 3383 1254 3445 qui
1289 3394 1422 3431 recte
1451 3382 1515 3430 de
1538 3399 1686 3447 repu-

669 3459 794 3508 blica
817 3458 1070 3508 sentirent.

735 3553 787 3599 9.
851 3534 1114 3602 Suffiagiis
1162 3533 1511 3599 effindebant·
1555 3554 1687 3604 ιαμ

663 3631 827 3664 eorum
857 3615 1111 3663 voluntas.
1147 3615 1313 3677 Quum
1342 3624 1429 3662 aut
1453 3615 1576 3678 ipsi,
1600 3630 1685 3667 ant

666 3710 835 3742 eorum
875 3693 1172 3757 propinqui,
1217 3704 1301 3741 aut
1335 3693 1508 3752 amici,
1532 3697 1685 3762 magi..

662 3784 863 3821 stratum
883 3782 1101 3836 petentes
1113 3806 1129 3833 ‚
1147 3773 1385 3837 repulsam
1404 3773 1640 3827 ferebant.

739 3868 820 3899 xo.
860 3852 939 3898 Ne
970 3850 1091 3915 quid
1107 3865 1370 3917 peccasset.
1410 3854 1554 3903 Adeo
1590 3857 1684 3906 illis

659 3946 829 3994 parum
855 3931 1114 3994 populares
1139 3931 1335 3996 plausus
1365 3935 1474 3980 noti
1507 3946 1645 3983 eraut
1662 3969 1679 3995 ,

658 4020 743 4068 ut,
772 4011 858 4072 qui
883 4024 970 4057 eos
998 4011 1186 4074 patricii
1216 4012 1514 4076 acciperent,
1540 4030 1677 4063 vere·

660 4098 840 4145 rentur,
862 4102 924 4134 ne
945 4088 1112 4149 quain
1135 4103 1186 4135 re
1204 4099 1372 4137 eontra
1392 4092 1469 4137 sui
1489 4091 1678 4139 ordinis

653 4166 936 4230 dignitatem
951 4166 1190 4228 fecissent,
1199 4167 1334 4231 quasi
1351 4184 1444 4233 pro
1459 4170 1679 4218 mercede

1779 2927 1930 2975 quum
1947 2913 2042 2975 ipsi
2064 2911 2125 2959 ab
2144 2911 2372 2964 omnibus
2389 2912 2717 2976 plauderetur,
2734 2915 2805 2968 ad

1776 2990 1956 3038 amieos
1992 3005 2252 3038 conversus
2266 3025 2282 3050 ,
2320 3006 2383 3038 an
2419 2991 2606 3056 aliquid
2648 2993 2763 3042 mli
2782 3026 2805 3056 ,

1774 3068 1934 3132 inquit
1951 3103 1966 3127 ,
1986 3068 2266 3133 imprudens
2291 3069 2527 3133 loquutus
2551 3066 2692 3118 sum?

1845 3150 1902 3198 L.
1954 3163 1997 3195 x.
2031 3145 2148 3195 Nisi
2168 3162 2244 3194 me
2251 3145 2418 3212 fallit.
2458 3148 2547 3196 111-
2574 3148 2803 3211 locutio,

1773 3242 1869 3291 qua
1903 3225 2105 3274 verbnm
2150 3224 2353 3289 aliquod
2389 3226 2804 3291 subintelligitur,

1772 3322 1874 3354 non
1916 3307 2061 3354 semel
2091 3305 2224 3370 apud
2255 3315 2479 3354 nostrum
2516 3319 2803 3372 usurpatur.

1775 3382 1919 3432 Unde
1954 3385 2129 3432 mirum
2169 3395 2242 3433 est
2286 3400 2465 3433 novam
2503 3385 2717 3437 hanella.
2758 3388 2799 3437 l.

1773 3462 2049 3511 Ernestinm
2075 3464 2316 3528 putavisse
2334 3498 2350 3525 ,
2379 3466 2467 3529 qui
2492 3476 2651 3514 tamen
2672 3466 2803 3515 dno·

1772 3540 1864 3589 bus
1900 3541 2006 3590 aliis
2045 3542 2168 3590 loeis
2208 3557 2301 3606 pro
2341 3544 2514 3593 usitata
2552 3544 2802 3595 tabuerit.

1771 3620 1957 3670 Confer
1974 3621 2035 3670 ad
2054 3624 2161 3671 Διὶ.
2183 3623 2325 3683 XIV,
2359 3639 2419 3671 ta
2439 3639 2458 3688 ς
2480 3624 2545 3672 ad
2564 3625 2680 3674 Div.
2698 3627 2798 3684 lv,

1775 3714 1803 3747 a
1820 3733 1835 3757 ,
1862 3713 1912 3748 et
1931 3716 2024 3764 pro
2049 3701 2171 3750 Coel.
2197 3715 2277 3767 ¹9·

1842 3795 1899 3829 a.
1936 3779 2098 3829 Tribus
2121 3780 2260 3830 Iocis.
2284 3783 2345 3830 In
2369 3782 2509 3840 soro,
2538 3780 2588 3827 in
2615 3796 2797 3846 eampo

1769 3859 1950 3907 Martio
1968 3893 1982 3917 ‚
2032 3859 2086 3907 in
2133 3859 2355 3922 theatro3
2399 3860 2452 3908 in
2504 3859 2617 3907 foro
2663 3863 2794 3909 enin

1769 3940 2029 3986 conciones
2057 3938 2378 4000 habebantur,
2406 3955 2580 3988 munus
2609 3937 2794 4002 gladia·

1764 4016 1943 4064 torium
1960 4015 2181 4073 dabatur,
2195 4017 2300 4064 ludi
2312 4017 2558 4066 interdum
2577 4016 2790 4065 fiebant:

1764 4089 1817 4141 in
1848 4110 2020 4160 campo
2057 4095 2285 4158 comitia,
2325 4106 2376 4145 et
2411 4098 2702 4155 conciones,
2735 4095 2793 4146 in

1766 4171 1952 4222 theatro
1979 4173 2099 4224 ludi.
