2994 4778
617 386 1021 453 ORATIO.
1061 387 1261 453 PRO
1312 388 1389 452 T.
1430 388 1512 452 A.
1569 382 1997 452 MILONE.
2230 377 2367 450 505

234 505 465 576 nendi
513 504 709 574 nulla
759 502 1094 591 facultas,
1136 505 1449 575 exeundi
1492 529 1643 575 non
1680 527 1891 574 causa
1927 500 2200 590 solum,
2242 503 2365 573 sed

231 618 455 686 etiam
489 615 872 686 necessitas
914 612 1070 685 fuit.

334 725 567 817 Quid,
605 730 699 814 si,
740 741 820 796 ut
854 726 970 795 ille
1000 726 1238 812 scivit,
1275 725 1622 796 Milonem
1652 722 1808 794 fore
1838 747 1924 794 eo
1968 721 2086 793 die
2113 723 2189 791 in
2216 725 2367 805 via,

228 835 337 905 sic
367 834 702 905 Clodium
732 834 906 905 Milo
937 860 1029 904 ne
1057 836 1401 931 suspicari
1422 834 1719 931 quidem
1748 832 2029 930 potuit?
2052 833 2368 903 Primum

228 971 517 1041 quaem,
552 947 680 1041 qui
719 946 899 1016 scire
929 946 1248 1041 potuerit
1269 943 1336 1015 ⁵:
1385 945 1589 1042 quod
1621 968 1747 1014 vos
1775 943 1969 1014 idem
2003 943 2076 1011 in
2117 940 2372 1012 Clodio

228 1080 560 1150 quaere1·e
598 1081 748 1124 nou
790 1056 1104 1151 potestis.
1147 1059 1242 1126 Ut
1281 1057 1473 1126 enim
1515 1057 1881 1126 neminem
1927 1054 2147 1124 alium
2173 1105 2193 1139 ‚
2233 1051 2369 1121 nisi

228 1169 312 1233 T.
357 1166 676 1234 Patinam
695 1161 753 1249 ὃ,
805 1162 1433 1236 familiarissimum
1482 1190 1737 1253 suum,
1791 1177 2146 1261 rogasset,
2189 1163 2370 1232 scire

148 1360 155 1363 J
229 1277 518 1372 potuit,
548 1275 671 1344 illo
711 1275 873 1370 ipso
900 1273 1016 1345 die
1060 1278 1362 1346 Lanuvii
1391 1300 1432 1346 a
1469 1276 1819 1348 dictatore
1856 1273 2127 1345 Milone
2161 1270 2371 1369 prodi

232 1385 594 1453 flaminem
627 1407 914 1454 necesse
942 1409 1117 1455 esse.
1146 1384 1284 1457 Sed
1313 1400 1519 1459 eraut
1549 1387 1893 1485 permulti
1923 1385 2069 1468 alii,
2099 1408 2188 1454 ex
2215 1385 2372 1478 qui-

233 1488 376 1564 bus
413 1494 484 1564 id
524 1492 854 1565 facillime
880 1496 1059 1566 scire
1092 1511 1371 1592 posset,
1411 1521 1666 1567 omnes
1696 1496 1967 1569 sciiicet
1996 1491 2366 1565 Lanuvini.

229 1603 413 1673 Milo
448 1602 541 1672 de
568 1602 803 1673 Clodii
827 1603 1064 1675 reditu
1097 1603 1289 1676 unde
1318 1607 1742 1703 quaesivitv?
1778 1605 2151 1695 Quaesierit
2179 1624 2369 1672 sane.

232 1711 530 1799 Videte,
568 1711 744 1808 quid
784 1711 989 1784 vobis
1016 1713 1290 1810 largiar.
1335 1720 1629 1786 Servum
1672 1716 1886 1785 etiam
1909 1768 1932 1799 2
1967 1726 2048 1782 ut
2083 1711 2329 1781 Arrius
2352 1762 2372 1791 ‚

234 1849 443 1894 meus
495 1831 795 1908 amicu5‚
852 1821 1076 1904 dixit,
1128 1816 1606 1921 corruperit8.
1660 1825 1905 1921 Legite
1961 1813 2370 1892 testimonia

229 1935 529 2005 testium
578 1946 1003 2003 vestrorum.
1048 1935 1246 2003 Dixit
1303 1939 1380 2007 C.
1426 1935 1826 2019 Cassinius‚
1879 1942 2367 2029 cognomento

228 2043 477 2129 Scoia‚
534 2047 978 2113 Inter-amnas
999 2054 1077 2124 9,ν
1112 2042 1703 2116 familiarissimus
1755 2058 1826 2121 et
1881 2041 2072 2113 idem
2128 2061 2370 2110 comes

230 2160 304 2225 Ρ.
338 2151 612 2238 Clodii,
642 2153 847 2247 cujus
869 2152 1301 2250 jampridem
1328 2155 1745 2225 testimonio
1794 2151 2090 2226 Clodius
2116 2149 2363 2221 eadem

230 2267 416 2337 hora
472 2269 900 2334 Interamnae
950 2262 1182 2334 fuerat
1233 2278 1303 2334 et
1347 2269 1697 2349 Romae¹⁰‚
1743 2267 1815 2332 P.
1870 2261 2201 2333 Clodium
2240 2259 2364 2329 illo

220 2376 351 2449 die
400 2377 475 2446 in
513 2372 865 2446 Albano¹¹
909 2399 1329 2446 mansurum
1369 2373 1628 2459 fuisse;
1663 2372 1788 2446 sed
1828 2371 2071 2445 subito
2106 2372 2172 2443 ei
2213 2396 2366 2456 esse

222 2657 227 2661 ,
306 2608 358 2655 5.
386 2604 485 2669 Qui
514 2606 635 2652 scire
667 2607 900 2672 potuerit.
943 2608 1080 2654 Patet
1124 2615 1253 2653 certe

228 2687 377 2734 illum
408 2684 604 2732 insidias
640 2685 872 2733 struxisse
891 2720 905 2743 ,
947 2684 1032 2749 qui
1058 2684 1256 2733 alterius

225 2764 583 2830 profectionem
604 2765 853 2827 cognovit.
881 2763 1033 2827 Atqui
1052 2763 1255 2814 Clodiae

228 2845 418 2892 Miloni
456 2843 546 2888 iter
596 2841 738 2903 plane
792 2842 1110 2889 necessarium
1153 2841 1257 2887 fore

227 2922 449 2980 sciebatg
472 2937 571 2968 non
590 2921 658 2968 ita
677 2932 834 2969 antem
858 2922 917 2969 de
937 2920 1122 2968 Milone
1148 2937 1258 2984 erga

228 3001 487 3058 Clodium3
508 3015 624 3063 ergo
646 2998 800 3063 liquet
820 2999 1018 3047 insidias
1032 3017 1058 3047 a
1082 2999 1256 3047 Clodio

230 3080 420 3128 Miloni
446 3091 671 3127 structas.

306 3160 361 3207 6.
377 3161 432 3206 Τ.
452 3159 702 3205 patinam.
721 3159 941 3206 Lanuvio
963 3174 1075 3205 sane
1091 3159 1258 3205 oriun-

228 3239 376 3295 dum,
418 3239 504 3303 qui
548 3239 611 3286 ita
649 3239 851 3284 Lanuvii
892 3238 1116 3286 instituta
1152 3235 1253 3284 cal-

228 3321 372 3367 leret.

306 3415 353 3458 7.
386 3398 525 3464 U'3‘l‘
548 3396 785 3459 qua-sivit.
801 3396 915 3443 Non
942 3395 1164 3459 qnaesivit
1192 3393 1254 3443 de

230 3477 394 3525 reditu
425 3476 587 3523 Clodii
616 3476 769 3534 Milo,
791 3486 839 3522 et
879 3476 920 3521 si
957 3473 1252 3537 quaesiisset,

230 3574 335 3604 uon
358 3567 486 3603 certe
507 3556 630 3602 scire
659 3555 914 3618 potuisset,
942 3564 994 3600 ut
1014 3552 1258 3616 sequenti-

231 3638 325 3684 bu·
347 3634 714 3699 comprobatur.

307 3719 358 3764 8.
401 3714 690 3779 Corruperit.
728 3716 797 3761 At
832 3711 955 3758 nihil
985 3711 1100 3760 inde
1134 3712 1256 3760 scire

231 3797 396 3861 potnit
411 3830 426 3855 ,
448 3795 538 3841 nisi
570 3793 798 3843 Clodium
814 3808 873 3838 eo
889 3790 968 3838 die
997 3792 1045 3837 in
1064 3789 1256 3839 Albano

231 3891 536 3932 mansur-unu
558 3872 694 3938 qnod
714 3872 857 3919 etiam
877 3870 1081 3919 Milonis
1100 3885 1256 3918 canaae

232 3957 378 4004 favet.

303 4051 352 4097 9.
373 4037 714 4083 Inter-amnas.
735 4033 803 4080 Η.
816 4047 858 4078 e.
875 4030 935 4078 ab
953 4029 1257 4086 Inter-amnis,

233 4115 350 4163 urbe
372 4113 605 4161 Umbriae.

1424 2621 1500 2653 ιο.
1547 2607 1729 2652 Fuerat
1772 2616 1822 2649 ee
1865 2605 2049 2651 Romoe.
2092 2603 2186 2649 Hic
2230 2599 2366 2648 testis

1343 2685 1488 2733 fidem
1515 2698 1681 2734 orator
1703 2685 1874 2733 elevat.
1902 2686 2064 2746 Quum
2094 2682 2221 2730 enim
2251 2679 2363 2728 Clo·

1345 2764 1453 2813 dius
1472 2776 1794 2823 accusaretur,
1817 2762 1954 2826 qnod
1974 2764 2123 2809 Bone
2145 2761 2259 2807 Deae
2294 2774 2366 2805 sa·

1345 2859 1425 2891 cra
1463 2843 1746 2908 polluisset,
1782 2841 2039 2890 contendit
2081 2837 2366 2888 Interamnia

1346 2940 1396 2969 ue
1420 2923 1567 2972 fuisse
1589 2923 1686 2971 hoc-
1709 2925 1818 2987 ipeo
1847 2922 1940 2970 die.
1962 2923 2137 2970 Cicero
2162 2922 2213 2966 in
2235 2919 2368 2967 testi-

1347 3003 1567 3050 monium
1594 3014 1795 3050 vocatus
1813 3039 1829 3064 ,
1870 3003 1935 3049 ait
1971 3001 2068 3048 sibi
2097 2998 2366 3047 occnrrIsse

1340 3082 1576 3139 ⁴Clodium
1606 3093 1699 3129 tres
1721 3081 1866 3127 horas
1896 3090 2007 3128 ante
2035 3095 2182 3142 quam
2216 3078 2365 3125 sacri·

1343 3160 1454 3207 ficia
1476 3158 1667 3208 fierent.
1688 3159 1935 3216 Causinius
1955 3169 2116 3206 antem
2146 3157 2333 3204 dixerat
2351 3190 2366 3211 ‚

1344 3237 1572 3286 Clodium
1600 3241 1900 3284 Inter-amnas
1930 3236 2026 3284 hoc
2059 3235 2135 3292 die,
2159 3236 2362 3283 venisse.

1343 3320 1629 3365 Interamnae
1670 3303 1831 3363 nutem
1877 3318 2034 3364 Roma
2088 3314 2367 3378 quindecim

1342 3395 1556 3443 millibus
1578 3395 1834 3444 distabant.
1867 3396 2020 3458 Atqui
2043 3406 2231 3458 poterat
2252 3410 2366 3444 sune

1339 3475 1438 3523 hoc
1472 3475 1565 3522 iter
1610 3476 1811 3525 Clodius
1854 3474 1999 3522 unius
2039 3485 2125 3521 ant
2167 3472 2364 3521 alterius

1342 3555 1480 3616 horae
1519 3557 1677 3620 spatio
1714 3554 1916 3603 emetiri.
1956 3558 2024 3601 At
2050 3564 2216 3601 orator
2249 3552 2303 3600 h.
2331 3551 2370 3598 l.

1344 3635 1492 3683 verba
1519 3635 1625 3692 illa,
1668 3636 1836 3684 eadem
1864 3634 2009 3690 hom,
2037 3633 2236 3682 adhibet
2263 3647 2368 3700 ora·

1345 3715 1469 3761 toria
1482 3714 1677 3763 licentia
1696 3731 1803 3779 quae
1824 3715 1951 3762 diem
1967 3724 2208 3776 tamquam
2221 3725 2367 3757 unam

1344 3793 1512 3839 horam
1541 3795 1777 3841 intuetur.
1809 3795 1870 3840 Et
1900 3793 2225 3857 suspicionem
2258 3804 2368 3852 grn-

1345 3869 1591 3917 vissimam
1619 3870 1678 3918 de
1705 3870 1803 3918 fide
1829 3871 1972 3932 hujus
1995 3870 2127 3918 testis
2152 3869 2204 3915 in
2233 3883 2369 3936 inen-

1347 3959 1442 3996 tem
1467 3949 1688 4009 judicum
1714 3949 1920 4000 inducit.

1426 4043 1445 4073 1
1462 4044 1503 4087 5.
1543 4031 1600 4074 In
1631 4029 1841 4077 Albano.
1868 4029 1995 4077 Villa
2028 4027 2191 4083 Clodii
2213 4042 2369 4090 prope

1349 4106 1540 4155 Albam.
