2994 4778
627 380 765 453 506
1264 385 1360 451 M.
1415 386 1492 452 Τ.
1550 383 2117 453 CICERONIS

621 505 1056 585 nuntiatum,
1088 508 1362 599 Cyrum
1391 505 1861 577 architectum
1895 528 2050 574 esse
2083 517 2491 586 mortuum3
2522 505 2770 597 itaque

623 620 926 685 Romam
996 628 1297 712 repente
1370 616 1829 686 constituisse
1903 610 2274 710 proficisci.
2362 612 2569 680 Dixit
2628 611 2769 680 hoc

622 748 866 796 comes
907 725 1079 794 item
1124 729 1200 794 P.
1241 723 1513 808 Clodii,
1549 728 1627 795 C.
1675 722 2079 795 Clodius¹².
2554 736 2557 739 ’

718 837 976 907 XVIII.
1026 833 1318 920 Videte,
1347 834 1662 928 judice3‚
1708 847 1997 931 quantae
2029 855 2145 902 res
2181 829 2293 900 his
2334 829 2769 900 testimoniis

626 945 767 1016 sint
798 943 1166 1015 confectae.
1214 947 1534 1017 Primum
1572 959 1767 1017 certe
1813 942 2161 1017 liberatur
2195 941 2444 1025 Milo¹‚
2480 963 2637 1048 non
2683 966 2766 1009 eo

624 1052 926 1125 consilio
955 1052 1321 1151 profectus
1366 1078 1521 1127 esse
1543 1109 1563 1142 ‚
1602 1069 1686 1125 ut
1726 1052 2182 1123 insidiaretur
2207 1053 2284 1120 in
2313 1051 2427 1119 via
2456 1048 2720 1119 Clodio
2751 1076 2766 1116 ε

626 1162 905 1258 quippe
955 1164 1084 1259 qui
1142 1166 1208 1235 ei
1280 1162 1543 1236 obvius
1609 1161 1897 1234 futurus
1968 1162 2274 1232 omuino
2343 1171 2539 1230 non²
2591 1173 2761 1228 erat.

625 1272 906 1343 Deinde
936 1274 1135 1369 (non
1159 1275 1353 1345 enim
1380 1273 1619 1361 vide0‚
1641 1299 1772 1345 cur
1790 1298 1942 1344 non
1961 1296 2206 1344 meum
2235 1294 2537 1368 quoque
2559 1292 2762 1365 agam

628 1381 1094 1483 negotium3)
1139 1384 1374 1472 facitis,
1410 1384 1721 1480 judices,
1764 1383 2019 1469 fuisse,
2067 1385 2196 1479 qui
2256 1383 2332 1450 in
2374 1380 2509 1450 hac
2552 1403 2764 1479 roga·

629 1495 828 1579 tione
869 1494 1238 1565 suadenda
1284 1496 1677 1583 dicerent'*‚
1720 1496 2009 1567 Milonis
2046 1518 2265 1563 manu
2303 1490 2569 1562 caedem
2609 1515 2765 1560 esse

627 1602 922 1691 factam,
972 1604 1273 1675 consilio
1311 1630 1486 1676 vero
1543 1608 1836 1700 majoris
1888 1605 2213 1700 alicujus,
2255 1602 2608 1673 Videlicet
2650 1626 2765 1670 me

633 1711 982 1783 latronem
1035 1737 1117 1784 ac
1154 1716 1487 1785 sicarium
1540 1714 1800 1811 abjecti
1839 1715 2171 1786 homines
2210 1727 2281 1783 et
2336 1710 2600 1810 perditi
2639 1708 2761 1779 de-

629 1819 1061 1893 scribebant.
1101 1828 1352 1896 Jacent
1393 1829 1546 1895 suis
1590 1824 1942 1897 testibus⁵
1978 1826 2058 1911 ii,
2099 1824 2226 1921 qui
2264 1821 2601 1894 Clodium
2642 1845 2764 1889 ne-

628 1946 802 2027 gant
843 1956 932 2002 eo
979 1933 1096 2004 die
1148 1939 1485 2023 Romam,
1533 1937 1666 2006 nisi
1718 1936 1808 2006 de
1860 1933 2094 2032 Cyro⁶
2144 1934 2498 2020 audisset,
2553 1930 2764 2001 fuisse

627 2034 1055 2113 rediturum.
1113 2047 1527 2141 Respiravi‚
1586 2046 1930 2117 liberatus
1987 2069 2145 2116 sum
2201 2071 2218 2114 ε
2270 2068 2423 2113 non
2480 2066 2762 2122 vereor,

629 2176 757 2241 ne,
809 2154 1013 2251 quod
1058 2179 1150 2225 ne
1205 2156 1552 2255 suspicari
1605 2156 1899 2255 quidem
1942 2158 2348 2254 potuerim,
2396 2153 2639 2225 videar
2692 2151 2759 2220 id

631 2264 1003 2359 cogitasse.
2166 2282 2167 2285 ’

723 2376 937 2447 Nunc
974 2401 1366 2475 persequar
1393 2393 1653 2450 cetera.
1681 2381 1860 2452 Nam
1889 2377 2212 2449 occurrit
2234 2374 2413 2446 illud
2433 2385 2459 2430 ⁷
2494 2402 2513 2444 ε
2551 2376 2767 2473 Igitur

709 2629 792 2662 ia.
820 2612 870 2660 C.
901 2608 1113 2661 Clodius.
1139 2611 1240 2675 Qui
1266 2627 1384 2659 vero
1412 2628 1567 2675 quum
1594 2612 1658 2659 sit

631 2693 687 2739 P.
713 2690 875 2740 Clodii
896 2692 1065 2749 stater,
1091 2701 1146 2738 ut
1165 2691 1410 2739 Asconius
1430 2701 1655 2753 testatur,

1740 2610 1943 2659 lustinm
1973 2607 2244 2674 significan
2285 2610 2432 2675 primi
2460 2610 2596 2658 enim
2622 2611 2766 2672 legem

1740 2689 1991 2753 Pompeii,
2024 2706 2120 2754 qua
2160 2706 2288 2737 nova
2337 2689 2400 2737 de
2433 2689 2573 2737 caede
2612 2690 2765 2739 Clodii

631 2766 812 2817 nullam
833 2768 1009 2817 habere
1029 2770 1366 2818 auctoritatem
1399 2770 1453 2817 iu
1484 2770 1576 2818 hac
1608 2786 1660 2818 re

632 2858 815 2911 potest.

701 2928 895 2976 XVHI.
923 2941 968 2975 1.
993 2926 1248 2975 Liberaem
1264 2928 1401 2978 Milo.
1422 2930 1543 2977 Non
1562 2929 1660 2976 nsi·

635 3016 731 3053 tata
751 3004 832 3053 illa
853 3004 1049 3053 dicendi
1075 3006 1220 3064 ratio,
1238 3006 1521 3067 «liberatur,
1547 3023 1660 3072 pro-

635 3086 789 3133 sectus
807 3100 909 3133 esse
923 3105 945 3127 ι
967 3099 979 3133 :
999 3085 1370 3150 intelligendum
1388 3098 1462 3135 est
1474 3124 1489 3147 ,
1524 3104 1552 3136 a
1584 3103 1662 3134 su·

633 3164 855 3227 spicione
882 3163 1172 3223 absolvitur,
1208 3166 1661 3232 demonstraturque

633 3259 744 3289 eum
770 3258 874 3291 non
900 3260 1001 3293 esse
1024 3246 1325 3309 profectum.

706 3336 756 3369 a.
781 3324 990 3372 Omnino
1008 3339 1109 3372 mm
1131 3336 1254 3373 emt.
1269 3326 1460 3374 Etenim
1482 3325 1523 3372 si
1546 3326 1659 3375 Clo·

637 3399 774 3459 «nm,
800 3413 858 3450 ut
879 3404 1199 3452 coustitutum
1228 3416 1359 3460 erat,
1385 3404 1436 3450 ln
1465 3404 1662 3452 Albano

639 3479 916 3538 mansisset,
966 3496 1071 3528 non
1109 3483 1154 3529 ei
1188 3482 1315 3529 Milo
1354 3481 1550 3529 obviam
1590 3483 1661 3530 ire

636 3555 739 3606 ullo
759 3556 910 3604 modo
929 3559 1181 3607 voluisset.
1214 3559 1330 3622 Non
1360 3559 1509 3621 igitur
1540 3547 1660 3608 insi·

634 3637 739 3686 dias
754 3635 828 3684 illi
844 3638 1192 3700 struxit,quem
1213 3637 1369 3684 Roma
1382 3638 1659 3700 profectum

636 3715 909 3774 nesciebat,
942 3727 992 3764 et
1030 3715 1081 3762 in
1124 3730 1270 3780 quem
1305 3715 1522 3765 incidere
1557 3734 1660 3768 non

641 3806 849 3861 poterat.
967 3793 994 3800 ”

712 3873 760 3924 3.
789 3877 945 3939 Agant
967 3873 1239 3938 negotium.
1255 3877 1418 3940 Quare
1437 3892 1539 3925 non
1561 3877 1662 3925 obi-

641 3970 714 4007 ter
730 3954 944 4003 refellam
969 3969 1080 4013 eos,
1102 3956 1188 4019 qui
1212 3972 1287 4004 me
1317 3955 1466 4005 caedis
1492 3973 1651 4007 suaso·

643 4052 740 4085 rem
766 4035 1003 4082 incusant.
1513 4042 1535 4071 ⁶

710 4127 757 4174 4.
784 4112 1022 4164 Dicerem.
1058 4117 1124 4177 Q.
1156 4116 1437 4181 Pompeium
1467 4127 1514 4163 et
1552 4117 1656 4165 Sal-

1741 2772 1948 2834 quaestio
1965 2770 2155 2819 decreta
2174 2782 2269 2831 est,
2284 2770 2473 2835 populo
2492 2782 2761 2824 suaserunt,

1742 2859 1790 2897 et
1817 2850 1979 2914 palam
2005 2851 2217 2915 professi
2240 2863 2379 2908 sunt,
2400 2866 2545 2898 manu
2564 2849 2766 2896 Milonis

1743 2930 1959 2977 occisum
1986 2945 2089 2977 esse
2125 2930 2386 2988 Clodium,
2421 2930 2504 2977 sed
2537 2930 2765 2977 suadente

1743 3008 1910 3072 aliquo
1936 3008 2145 3068 majore3
2174 3009 2289 3058 satis
2315 3021 2483 3073 aperte
2513 3008 2594 3056 his
2616 3008 2764 3056 verbis

1743 3086 2027 3135 Ciceronem
2050 3087 2331 3135 indicaturi.

1822 3165 1873 3212 5.
1903 3168 2083 3212 Iacent
2100 3166 2196 3214 suis
2221 3164 2434 3215 testibus.
2457 3164 2764 3214 Reselluntur

1743 3244 1844 3293 suis
1868 3245 2106 3294 testibus:
2136 3262 2249 3294 nam
2284 3248 2325 3293 si
2352 3245 2568 3294 Clodius
2584 3279 2601 3304 ,
2626 3255 2675 3293 ut
2699 3241 2763 3289 illi

1742 3325 1907 3380 aiunt,
1927 3326 2021 3371 nisi
2051 3324 2112 3372 de
2131 3327 2251 3390 Cyri
2269 3324 2529 3372 architecti
2551 3335 2704 3372 morte
2723 3322 2764 3368 ei

1743 3404 2023 3453 nuntiatum
2044 3405 2236 3462 fuisset,
2267 3405 2477 3451 Romam
2502 3420 2565 3452 eo
2591 3402 2671 3450 die
2700 3416 2767 3447 re-

1744 3481 1935 3531 diturus
1967 3499 2071 3530 nou
2104 3482 2230 3530 fuit:
2273 3483 2384 3546 quis
2411 3499 2528 3529 meo
2562 3479 2768 3529 consilio

1742 3560 1927 3609 cedem
1950 3576 2054 3608 esse
2081 3561 2255 3609 saetam
2277 3559 2409 3608 dicat
2425 3595 2439 3617 ,
2468 3577 2627 3624 quum
2654 3559 2765 3606 cto·

1743 3639 1879 3687 dium
1899 3655 1959 3688 eo
1993 3639 2072 3687 die
2096 3642 2301 3687 Romam
2329 3639 2609 3687 rediturum
2645 3655 2766 3694 esse,

1742 3734 1804 3766 ne
1831 3719 2065 3782 suspicari
2090 3719 2287 3783 quidem
2315 3721 2588 3784 potuerim.

1814 3798 1865 3847 6.
1880 3797 1958 3844 De
1976 3797 2119 3859 Ost-o.
2134 3799 2332 3845 Graeous
2349 3798 2444 3845 suit
2460 3797 2771 3852 architectus,

1743 3877 1917 3924 studiis
1938 3877 2288 3924 mathematicis
2311 3875 2453 3924 valde
2480 3876 2726 3924 eruditus.
2796 3854 2808 3877 ⁸

1818 3974 1867 4017 7.
1905 3957 2128 4005 Occurrit
2151 3956 2287 4005 illud.
2316 3957 2442 4018 Quae
2465 3955 2528 4002 ab
2550 3956 2768 4003 adversa-

1748 4036 1832 4082 riis
1868 4033 2017 4096 objici
2056 4048 2284 4101 possent,
2319 4036 2564 4098 antecepit
2602 4051 2660 4082 sc
2699 4036 2769 4081 di·

1747 4115 1863 4163 luit:
1894 4116 2187 4164 demonstrat
2207 4115 2332 4163 enim
2353 4112 2466 4162 ficta
2484 4113 2594 4163 hoec
2614 4116 2768 4163 onmia
