2994 4778
666 380 1060 450 ORATIO
1114 382 1323 452 PRO
1369 386 1453 473 Q.
1507 381 1976 455 LIGARIO.
2246 382 2389 482 599

251 518 442 573 tuos,
467 499 779 571 Videsne
803 502 1022 598 igitur
1047 502 1246 575 hunc
1279 505 1742 603 splendorem
1763 517 1851 591 ¹⁰,
1888 530 2179 578 omnem
2207 508 2396 580 hanc

250 611 746 682 Brocchorum
776 611 1110 698 domum,
1140 611 1336 684 hunc
1359 617 1436 684 L.
1467 617 1854 700 Marcium,
1887 619 1963 685 C.
1992 603 2394 698 Caesetiuni‚

252 728 340 794 L.
392 719 863 796 Corfidium¹¹
886 775 906 807 ‚
948 722 1169 793 hosce
1204 749 1459 796 omnes
1503 725 1783 821 equites
1834 748 2234 810 romanos‚-
2264 729 2393 821 qui

253 833 524 905 adsunt
566 847 764 904 veste
815 848 1120 922 mutata,
1171 859 1321 905 non
1366 836 1602 906 solum
1647 849 1861 907 notos
1913 833 2083 922 tibi,
2135 859 2390 905 verum

254 944 474 1012 etiam
512 938 859 1038 probatos
891 944 1112 1030 virm,
1160 959 1398 1016 tecum
1437 943 1655 1017 fuisse
1680 946 1786 1015 ¹²?
1821 950 2060 1041 Atque
2101 944 2212 1015 his
2256 946 2392 1016 ira·

254 1050 663 1135 scebamur,
707 1051 843 1124 hos
891 1054 1482 1152 requirebamus,
1530 1070 1602 1126 et
1642 1055 1758 1126 his
1796 1053 2131 1124 nonnulli
2173 1057 2391 1127 etiam

256 1161 739 1234 minabamur.
770 1168 1127 1236 Conserva
1155 1167 1373 1263 igitur
1398 1169 1543 1237 tuis
1570 1190 1739 1237 suos
1765 1163 1824 1208 13
1848 1192 1867 1252 ;
1902 1179 2016 1252 ut,
2046 1168 2389 1261 quemad·
2427 1223 2438 1232 ,

256 1269 560 1342 modum
599 1286 832 1343 cetera
857 1328 875 1358 ‚
915 1299 1076 1370 quae
1119 1275 1309 1346 dicta
1349 1290 1520 1346 sunt
1560 1300 1600 1346 a
1643 1289 1750 1361 te,
1787 1277 1892 1345 sic
1924 1273 2065 1346 hoc
2113 1280 2392 1350 verissi—
2425 1331 2428 1332 ν
2505 1287 2508 1296 “

258 1406 465 1452 mum
489 1384 551 1431 ¹⁴
596 1387 1024 1479 reperiatur.

354 1495 512 1562 XII.
565 1492 782 1582 Quod
846 1496 906 1564 si
961 1497 1252 1592 penitus
1306 1496 1711 1591 perspicere
1784 1507 2056 1591 posses
2090 1519 2389 1566 concor-

258 1599 453 1671 diam
474 1604 946 1699 Ligariorum,
966 1629 1220 1676 omnes
1241 1603 1495 1676 fratres
1520 1619 1759 1676 tecum
1780 1605 2136 1701 judicares
2155 1603 2393 1676 fuisse.

258 1715 369 1782 An
399 1727 639 1810 potest
666 1716 1053 1811 quisquam
1082 1714 1451 1804 dubitare,
1483 1718 1666 1812 quin
1688 1769 1709 1802 ‚
1743 1717 1802 1786 si
1842 1719 1930 1806 Q.
1964 1715 2284 1812 Ligarius
2318 1717 2393 1786 in

254 1821 460 1892 Italia
487 1846 637 1893 esse
669 1826 1056 1920 potuisset,
1092 1828 1168 1896 in
1204 1825 1454 1900 eadem
1483 1827 1836 1898 sententia
1859 1837 1878 1869 ¹
1918 1825 2207 1897 futurus
2235 1825 2393 1896 iue-

257 1933 383 2017 rit‚
423 1933 497 2001 in
533 1957 677 2028 qua
711 1930 964 2006 fratres
999 1934 1340 2008 fuerunt?
1373 1936 1555 2028 Quis
1588 1950 1736 2018 est,
1777 1939 1908 2031 qui
1934 1934 2197 2005 horum
2228 1955 2395 2005 con-

259 2066 555 2112 sensum
576 2047 1096 2140 conspirantem
1119 2062 1192 2118 et
1219 2071 1423 2145 paene
1452 2045 1909 2130 conflatum,
1892 2070 1966 2114 ιη
2001 2043 2134 2114 hac
2162 2069 2393 2141 prope

262 2155 667 2253 aequalitate
698 2155 1086 2243 fraterna²‚
1126 2184 1279 2230 non
1322 2161 1641 2245 noverit,
1681 2161 1809 2255 qui
1848 2157 1990 2228 hoc
2035 2182 2186 2227 non
2232 2182 2393 2229 sen-

262 2269 432 2347 tiat,
466 2265 753 2363 quidvis
786 2271 989 2365 prius
1010 2265 1348 2340 futurum
1388 2266 1642 2355 fuisse,
1673 2291 1898 2364 quam
1924 2281 2007 2338 ut
2034 2247 2109 2338 hi
2141 2264 2397 2338 fratres

262 2375 576 2447 diversas
617 2379 1006 2450 sententias
1043 2375 1514 2476 fortunasque
1557 2377 2082 2487 sequerentur?
2119 2377 2394 2448 Volun

263 2501 407 2558 tate
441 2489 661 2584 igitur
698 2513 952 2561 omnes
996 2505 1234 2562 tecum
1279 2488 1623 2561 fuerunt:
1673 2479 2147 2583 tempestate3
2189 2478 2396 2558 abre-

262 2611 431 2694 ptus
468 2612 577 2668 est
603 2623 828 2669 unus·
812 2654 831 2684 ‚
867 2602 1030 2697 qui,
1067 2603 1125 2671 si
1152 2600 1456 2672 consilio
1480 2599 1554 2670 id
1582 2597 1902 2680 fecisset
1928 2612 2116 2669 esset
2140 2621 2393 2668 eorum

261 2704 542 2795 similis,
586 2734 773 2805 quos
819 2725 899 2780 tu
944 2726 1186 2781 tamen
1229 2710 1461 2781 salvos
1508 2734 1661 2780 esse
1697 2707 2008 2778 voluisti.

358 2817 498 2889 Sed
525 2820 736 2891 ierit4
785 2818 878 2891 ad
929 2818 1235 2907 bellum;
1291 2819 1698 2891 discesserit
1737 2842 1888 2888 non
1922 2841 1964 2887 a
2014 2831 2085 2886 te
2124 2815 2398 2897 solum,

1367 3022 1417 3059 te
1444 3021 1688 3073 tamquam
1707 3020 1817 3057 tuos
1844 3008 2142 3068 habiturum,
2158 3002 2246 3071 qui
2262 3024 2390 3054 con-

1370 3100 1443 3137 tr·
1472 3099 1522 3136 te
1558 3103 1666 3136 non
1691 3086 2066 3151 pugnaverint.

220 3082 223 3087 .
335 3025 416 3058 10.
435 3010 575 3056 Hunc
592 3010 909 3074 splendorem.
936 3011 1280 3076 Splendidissi-

260 3106 368 3139 mos
395 3090 526 3139 cives
550 3100 600 3139 et
623 3091 1018 3155 spectatissimos.

337 3186 418 3217 ιι.
456 3169 539 3218 ΑΙ.
580 3170 736 3229 MSS,
780 3168 1102 3237 cor-aeficium.
1138 3169 1282 3219 Certe

262 3248 419 3296 voluit
452 3247 673 3307 Tullius,
709 3246 772 3295 ad
810 3248 962 3296 Attio.
1000 3246 1157 3306 xm,
1186 3253 1280 3305 44,

263 3325 466 3394 cofidin·
483 3341 664 3375 nomen
690 3343 752 3373 ex
786 3326 879 3375 hnc
904 3325 1124 3374 oratione
1148 3324 1276 3374 toni.

260 3408 311 3455 J.
328 3408 391 3454 V.
417 3408 467 3452 1..
488 3433 559 3442 —
583 3410 722 3454 Veste
737 3410 944 3454 mamea.
966 3403 1212 3453 sordidati
1232 3412 1283 3450 et

198 3476 208 3487 ⁶
262 3486 528 3533 summissis
554 3472 768 3550 capillis.

340 3582 420 3615 η.
449 3569 625 3614 Tecum
648 3565 829 3630 finisse.
868 3568 1108 3629 Suscepto
1150 3563 1281 3612 enlm

262 3646 395 3693 bello
431 3646 565 3692 civili
607 3646 780 3693 Romoe
824 3655 1171 3692 remanserunt.
1212 3643 1283 3690 Ut

261 3723 483 3786 superins
518 3724 702 3771 dictum
715 3758 730 3780 ,
751 3738 836 3771 eos
860 3723 1021 3772 Caesar
1038 3733 1281 3786 tamquam

262 3818 378 3849 suos
400 3800 624 3849 babebat.

340 3882 420 3929 13.
454 3879 566 3927 Tuis
591 3896 720 3928 suos.
749 3880 849 3942 Qui
877 3880 1007 3940 tuis,
1046 3879 1125 3926 vel
1165 3890 1283 3925 oon·

280 3960 605 4023 augustulum,
629 3959 706 4005 vel
728 3958 955 4017 amicitis,
973 3958 1051 4006 vel
1073 3952 1283 4005 bealve-

266 4040 415 4088 lentis
435 4049 548 4088 sunt
568 4037 838 4099 conjuncti.

344 4121 419 4178 ¹4·
449 4119 554 4166 Hoc
577 4116 902 4166 verissimum.
934 4119 1050 4179 Quo
1079 4116 1247 4165 dixisti
1270 4149 1286 4174 ,

1440 3168 1568 3215 xn.
1590 3181 1637 3215 ι.
1659 3165 1851 3213 Eadem
1879 3164 2133 3213 macentia.
2172 3166 2231 3211 ln
2257 3164 2393 3211 Italia

1368 3246 1477 3295 scil.
1503 3243 1804 3293 remanendi.

1436 3341 1485 3373 a.
1500 3321 2071 3388 AEqualitde'efraoerna.
2095 3325 2240 3371 Pares
2257 3335 2396 3370 erant

1371 3416 1469 3453 tres
1486 3403 1747 3452 minan-es
1767 3437 1782 3460 ,
1817 3402 2087 3466 dignit-w,
2130 3403 2326 3450 ἔοι-ιω·
2348 3413 2396 3449 οι

1371 3484 1623 3547 equitat-23
1650 3480 1760 3546 quae
1796 3480 1994 3545 quidem
2032 3482 2196 3529 omnia
2229 3480 2399 3529 firmis·

1371 3565 1490 3612 sima
1514 3557 1630 3611 sunt
1647 3562 1876 3610 amicitia
1897 3561 2108 3610 vincda.

1443 3646 1494 3692 3.
1555 3646 1866 3708 Tempestate.
1915 3643 2136 3690 Adversa
2198 3641 2393 3687 fortuna

1370 3721 1650 3787 prohibuit,
1672 3723 1794 3785 quin
1821 3721 2019 3769 domum
2047 3719 2256 3775 reali-*eu
2283 3732 2397 3765 nam

1371 3801 1629 3864 repentino
1653 3798 1784 3846 bello
1800 3814 2077 3863 oppressus,
2093 3810 2246 3860 quum
2274 3794 2398 3843 nihil

1372 3878 1468 3927 tale
1488 3877 1727 3940 cogitaret
1743 3912 1762 3935 ,
1797 3893 1898 3925 non
1931 3876 2097 3940 potuit
2131 3876 2195 3923 sd
2231 3877 2404 3924 stau-e·

1373 3972 1487 4013 suos
1513 3956 1705 4004 reverti.

1447 4041 1496 4090 4.
1518 4034 1617 4081 Sed
1639 4034 1767 4082 ierit.
1783 4036 1980 4091 Orator,
2002 4033 2089 4096 qni
2124 4048 2281 4081 causo
2299 4046 2400 4081 sne

1375 4116 1609 4163 Caesarem
1640 4114 1736 4173 jam
1775 4113 1932 4160 multo
1966 4113 2129 4161 minus
2154 4114 2397 4161 insensum
