2994 4778
576 445 961 514 ORATIO
1010 447 1214 515 PRO
1266 447 1342 515 C.
1384 449 1468 514 R.
1522 446 2027 515 POSTUMO.
2210 438 2355 536 459

221 570 449 641 unius
488 572 695 640 amici
750 584 1239 640 conservatam
1294 571 1560 641 auxilio
1604 586 1676 641 et
1721 567 1888 639 fide.
1942 566 2137 641 Nihil
2180 566 2353 639 huic

214 680 414 776 eripi
468 693 737 776 potest,
792 692 1049 776 praeter
1089 678 1228 750 hoc
1268 680 1727 751 simulacrum
1770 679 2086 776 pristinae
2122 677 2353 773 digni-

213 791 429 874 tatiS,
474 787 667 885 quod
719 793 950 860 Caesar
983 788 1182 863 solus
1215 804 1459 860 tuetur
1491 805 1566 861 et
1590 791 1948 861 sustinet:
2001 812 2161 885 quae
2196 789 2351 884 qui·

212 888 439 969 dem⁵
445 952 464 983 ,
501 900 574 968 in
611 898 1028 968 miserrimis
1053 898 1308 985 rebus,
1345 899 1517 970 huic
1551 914 1794 971 tamen
1832 896 2217 969 tribuenda
2244 910 2359 968 est

211 1012 555 1079 maxima.
594 1010 745 1080 Nisi
774 1033 943 1079 vero
990 1008 1129 1079 hoc
1162 1009 1506 1081 mediocri
1545 1011 1804 1080 virtute
1843 1006 2030 1079 effici
2075 1020 2344 1105 potest,

213 1133 303 1188 ut
341 1134 582 1189 tantus
610 1118 727 1189 ille
764 1119 870 1187 vir
895 1120 1075 1188 tanti
1103 1116 1320 1189 ducat
1352 1113 2007 1209 hunc,‚afflictum⁶
2044 1141 2342 1214 praeser-

213 1231 353 1299 tim
397 1243 476 1299 et
515 1226 922 1315 absentem,
971 1243 1041 1299 et
1082 1229 1158 1298 in
1199 1243 1395 1299 tanta
1447 1227 1741 1300 fortuna
1779 1254 1938 1315 sua,
1982 1242 2066 1298 ut
2115 1227 2347 1299 aliena

211 1341 579 1436 respicere
627 1363 966 1435 magnum
1012 1342 1138 1424 sit;
1180 1351 1377 1409 tanta
1426 1342 1949 1436 occupatione7
2002 1339 2344 1407 maxima-

213 1473 384 1519 rum
419 1473 664 1519 rerum
686 1502 706 1536 ,
752 1472 933 1545 quas
976 1449 1158 1545 gerit
1193 1462 1411 1547 atque
1453 1452 1702 1545 gessit,
1739 1463 1825 1518 ut
1871 1446 1984 1518 vel
2019 1445 2346 1518 oblivisci

215 1558 531 1629 aliorum
571 1566 718 1630 non
771 1560 862 1629 sit
901 1560 1199 1643 mirum,
1246 1558 1400 1643 vel,
1452 1558 1508 1630 si
1546 1557 1990 1643 meminerit,
2035 1554 2342 1627 oblitum

212 1695 407 1753 esse,
455 1668 658 1740 facile
701 1673 927 1765 possit
965 1668 1278 1766 probare
1292 1662 1344 1737 ⁸.

311 1778 578 1849 Multas
613 1779 945 1875 equidem
980 1781 1059 1849 C.
1101 1779 1390 1849 Caesaris
1419 1779 1754 1865 virtutes,
1792 1800 2085 1873 magnas
2117 1778 2349 1847 incre-

211 1888 625 1985 dibilesque
658 1890 984 1985 cognovi.
1033 1888 1174 1960 Sed
1210 1904 1378 1960 sunt
1421 1904 1675 1959 ceterae
1709 1888 2101 1983 majoribus
2138 1888 2342 1982 quasi

212 1999 518 2071 theatris
549 2000 968 2096 propositae,
1009 2013 1077 2069 et
1107 2022 1309 2095 paene
1347 1998 1735 2095 populares
1766 2026 1781 2068 :
1825 1999 2071 2068 castris
2098 1994 2347 2067 locum

213 2133 508 2207 capere,
541 2113 931 2180 exercitum
957 2110 1346 2194 instruere,
1385 2133 1801 2205 expugnare
1829 2105 2084 2192 urbeS,
2119 2107 2345 2176 aciem

213 2221 534 2291 hostium
577 2218 992 2316 profligare3
1038 2218 1226 2289 hanc
1269 2220 1414 2289 vim
1456 2217 1803 2314 frigorum
1842 2217 2342 2312 hiememque,

211 2354 439 2427 quam
498 2353 632 2400 nos
685 2330 800 2399 vix
850 2328 1074 2423 hujus
1124 2326 1323 2398 urbis
1373 2330 1579 2400 tectis
1627 2329 2099 2414 sustinemus,
2150 2327 2338 2400 exci-

209 2465 427 2539 pere;
463 2440 575 2510 his
612 2440 785 2537 ipsis
826 2438 1080 2509 diebus
1127 2438 1408 2509 hostem
1447 2441 1823 2535 persequi,
1868 2452 2062 2520 tum,
2109 2455 2343 2532 quum

208 2554 433 2620 etiam
473 2548 638 2622 feroe
675 2547 986 2619 latibulis
1018 2572 1092 2618 se
1120 2563 1365 2645 tegant
1386 2604 1404 2634 ,
1448 2564 1668 2644 atque
1701 2548 1943 2617 omnia
1973 2545 2162 2617 bella
2179 2547 2342 2640 jure

207 2660 538 2757 gentium
587 2658 1121 2754 conquiescant.
1169 2663 1350 2729 Sunt
1387 2683 1470 2729 ea
1515 2658 1808 2754 quidem
1848 2680 2098 2752 magna
2132 2684 2147 2725 ε
2181 2655 2349 2750 quis

210 2769 482 2865 negat?
517 2767 641 2839 sed
679 2768 957 2864 magnis
999 2769 1296 2839 excitata
1344 2784 1512 2839 sunt
1552 2769 1899 2865 praemiis9
1940 2766 2025 2835 ad
2068 2788 2341 2834 memo-

207 2880 396 2948 riam
423 2877 800 2947 hominum
826 2880 1352 2975 sempiternam.
1380 2883 1551 2971 Quo
1575 2882 1814 2950 minus
1843 2874 2343 2947 admirandum

210 3003 363 3072 est,
400 3013 566 3058 eum
599 2975 829 3058 facere
862 2986 1002 3070 ina,
1024 2990 1151 3083 qui
1188 2990 1795 3060 immortalitatem
1828 2986 2342 3081 concupiverit.

313 3103 504 3168 XVI.
576 3103 741 3170 Haec
801 3099 979 3167 mira
1052 3098 1250 3169 laus¹
1323 3114 1459 3184 est,
1524 3123 1684 3199 quae
1754 3124 1902 3167 nou
1962 3111 2338 3193 poetarum

213 3321 264 3365 in
283 3316 543 3364 Rabirium
564 3314 789 3363 voluntas
802 3325 946 3378 atque
963 3315 1239 3374 auctoritas,

217 3394 457 3448 nonnihil
489 3393 623 3458 apud
672 3393 870 3441 illorum
918 3393 1106 3441 animos
1145 3410 1243 3442 mo-

212 3475 366 3523 menti
385 3473 618 3522 habuisse
642 3473 878 3521 videatur.

285 3555 336 3602 5.
370 3556 495 3616 Quat
518 3551 735 3614 quidem.
762 3551 977 3602 subaud.
1004 3551 1242 3615 dignitas,

212 3634 330 3695 quia
364 3630 633 3679 inferendis
669 3632 854 3694 magnis
897 3630 1246 3680 calamitatibus

213 3713 396 3762 elarius
425 3711 627 3759 eminet.

285 3793 336 3840 6.
378 3789 657 3856 Afflictum.
691 3788 772 3840 Al.
802 3800 852 3835 et
884 3788 1138 3856 afflictum.
1174 3816 1244 3826 -—

213 3874 279 3917 Ee
300 3872 576 3918 absentem.
599 3870 645 3916 A
673 3868 856 3918 Caesare
878 3868 1131 3926 videlicet,
1159 3869 1245 3930 qui

213 3963 317 3998 tum
343 3961 454 3997 erat
482 3963 598 3996 cum
626 3947 831 4010 imperio
855 3947 905 3994 iu
933 3947 1103 3995 Gallia.

288 4049 337 4089 7.
372 4026 729 4091 Occupatione.
760 4025 843 4074 Al.
873 4025 1245 4090 oppugnatione.

287 4112 338 4159 8.
386 4108 628 4155 Probare.
669 4107 777 4154 Hoc
805 4104 918 4152 loco
955 4106 1076 4153 nihil
1110 4105 1246 4153 aliud

211 4201 283 4238 est
298 4224 314 4248 ,
342 4203 492 4251 quam
514 4183 712 4235 efficere
734 4196 787 4232 ut
806 4183 1015 4247 probum
1039 4196 1244 4232 rectum·

1329 3332 1424 3379 que
1451 3315 1638 3378 aliquid
1673 3315 1906 3363 videatur.
1937 3315 2043 3376 Erit
2067 3314 2214 3377 igitur
2236 3331 2344 3363 sen-

1328 3411 1440 3443 sus:
1469 3398 1622 3444 Tanta
1656 3406 1769 3443 sunt
1805 3396 1861 3443 C.
1896 3396 2095 3442 Caesaris
2120 3396 2343 3458 negotia,

1330 3486 1386 3524 ut
1419 3475 1462 3523 si
1484 3476 1750 3524 amicorum
1782 3474 2051 3522 absentium
2086 3474 2341 3524 oblivisca-

1332 3565 1430 3612 tur,
1462 3555 1649 3602 nemini
1680 3556 1857 3602 mirum
1878 3553 2027 3608 videri
2054 3554 2252 3612 debean
2276 3555 2352 3604 sin

1331 3646 1488 3682 autem
1516 3635 1808 3691 meminerit,
1829 3645 1879 3681 et
1897 3651 1946 3681 se
1966 3644 2125 3681 tamen
2140 3633 2347 3682 oblitum

1331 3730 1433 3762 esse
1470 3715 1588 3762 velit
1622 3709 1871 3771 simulire,
1908 3713 2170 3777 improbari
2203 3731 2231 3761 a
2266 3729 2350 3760 ne·

1331 3793 1459 3842 mine
1480 3793 1584 3856 ejus
1610 3792 1796 3839 oblivio
1815 3793 1987 3856 possit.

1402 3887 1450 3932 9.
1489 3871 1726 3918 Excieam
1766 3881 1884 3917 seme
1910 3869 2142 3933 proemiis.
2188 3870 2358 3917 Virtus

1333 3959 1387 3995 ut
1421 3964 1543 4012 pura
1567 3961 1777 4005 maneat,
1801 3949 1949 3996 nullis
1978 3949 2189 4012 praemiis
2212 3947 2357 3996 debet

1333 4029 1561 4085 excitari,
1600 4027 1685 4075 sed
1712 4044 1856 4075 uuam
1888 4038 2104 4091 spectare
2131 4027 2359 4074 honesta·

1335 4118 1448 4155 tem.

1407 4186 1549 4232 XVI.
1587 4200 1626 4230 ι.
1666 4184 1790 4232 Mira
1823 4185 1944 4231 laus.
1977 4183 2209 4229 Pau-icius
2238 4197 2358 4228 con-
