2994 4778
734 420 1118 488 ORATIO
1169 421 1368 489 PRO
1419 423 1493 489 P.
1546 422 1938 491 SEXTIO.
2301 424 2387 494 85

265 541 449 612 illius
492 540 616 610 sui
661 538 914 635 judicii
960 540 1491 638 turpitudinem
1533 541 1976 640 desperabat.
2028 547 2207 615 Ecce
2260 544 2391 616 tibi

272 650 508 721 consul
533 647 594 737 ⁵,
635 665 929 747 praetor,
977 648 1311 723 tribunus
1359 649 1636 748 plebis,
1681 675 1866 721 nova
1910 656 2077 722 novi
2114 656 2392 750 generis

272 760 488 830 edicta
522 774 1004 856 proponunt:
1032 763 1141 830 Ne
1168 784 1334 831 reus
1365 759 1549 831 adsit
1562 756 1617 847 ⁶,
1647 784 1742 831 ne
1770 763 2051 843 citetur,
2082 786 2172 832 ne
2200 788 2391 860 quae·

263 885 456 940 ratur
476 881 537 957 7,
570 894 667 940 ne
697 870 1142 940 mentionem
1172 874 1473 940 omnino
1508 870 1845 966 cuiquam
1882 868 2201 964 judicum
2226 926 2245 959 ,
2272 888 2394 945 aut

251 979 741 1072 judiciorum,
790 980 1021 1051 facere
1072 977 1303 1050 liceat.
1357 978 1554 1068 Quid
1597 993 1837 1076 ageret
1881 981 1991 1049 vir
2033 979 2123 1048 ad
2171 981 2394 1052 virtu-

259 1103 446 1173 tem,
488 1087 953 1185 dignitatem,
999 1089 1297 1184 gloriam
1329 1104 1580 1176 natus,
1625 1092 1694 1158 vi
1734 1088 2243 1173 sceleratorum
2276 1090 2398 1161 ho-

262 1201 543 1268 minum
605 1196 1072 1269 corroborata
1101 1195 1157 1285 ⁸,
1227 1198 1507 1295 legibus
1561 1196 1991 1295 judiciisque
2050 1198 2400 1269 sublatis?

260 1310 600 1380 Cervices
641 1307 981 1378 tribunus
1021 1308 1250 1404 plebis
1283 1310 1599 1406 privato,
1640 1309 2263 1405 praestantissimus
2293 1311 2401 1379 vir

263 1418 849 1516 profligatissimo
905 1418 1180 1488 homini
1232 1418 1482 1489 daret?
1529 1442 1622 1487 an
1672 1443 1955 1489 causam
1995 1435 2397 1517 susceptam

261 1525 667 1623 affligeret?
711 1551 800 1596 an
838 1551 913 1597 se
950 1527 1149 1597 domi
1189 1526 1639 1598 contineret?
1673 1530 1760 1596 Et
1797 1528 1984 1598 vinci
2022 1542 2234 1625 turpe
2266 1554 2396 1627 pu-

262 1638 480 1722 tavit,
531 1649 609 1706 et
662 1635 1033 1706 deterreri.
1092 1638 1324 1705 Etiam
1377 1660 1416 1706 e
1468 1634 1842 1732 republica
1887 1636 2230 1724 credidit,
2277 1653 2393 1722 ut,

264 1747 613 1842 quoniam
662 1744 798 1816 sibi
838 1746 913 1814 in
955 1745 1153 1815 illurn
1206 1744 1488 1842 legibus
1541 1748 1646 1816 uti
1692 1770 1839 1816 non
1880 1745 2160 1835 liceret,
2202 1748 2391 1818 illius

263 1860 407 1925 vim
449 1880 697 1952 neque
728 1857 801 1924 in
839 1879 1007 1943 su0‚
1043 1879 1281 1953 neque
1314 1857 1388 1925 in
1425 1854 1839 1953 reipublicae
1871 1856 2196 1955 periculo
2234 1883 2392 1955 per·

261 1971 693 2037 timesceret.

351 2080 574 2147 XLII.
615 2075 1004 2167 Quomodo
1036 2078 1256 2173 igitur
1286 2074 1426 2146 hoc
1457 2077 1532 2144 in
1570 2099 1830 2171 genere
1858 2074 2163 2171 praesidii
2191 2099 2389 2146 com-

260 2189 518 2283 parati¹
548 2210 840 2257 accusas
865 2189 1217 2267 Sextium,
1254 2209 1483 2282 quum
1517 2183 1704 2255 idem
1737 2184 1983 2255 laudes
2003 2185 2391 2256 Milonem?

261 2300 409 2381 An,
455 2297 589 2394 qui
635 2319 764 2366 sua
814 2309 1000 2366 tecta
1054 2292 1412 2383 defendit;
1463 2298 1592 2391 qui
1639 2293 1731 2364 ab
1769 2298 1939 2382 aris,
1987 2292 2207 2380 foci3‚
2252 2292 2388 2366 fer-

264 2431 425 2476 rum
471 2407 983 2503 flammamque
1034 2406 1366 2505 depellit;
1417 2407 1546 2502 qui
1592 2404 1727 2476 sibi
1777 2405 1989 2477 licere
2034 2406 2190 2478 vult
2228 2421 2385 2477 tuto

268 2541 427 2587 esse
477 2521 553 2587 in
607 2516 814 2604 foro,
870 2523 944 2587 in
995 2517 1312 2615 templo,
1362 2518 1440 2586 in
1491 2517 1727 2601 curia3
1772 2517 1899 2612 qui
1949 2518 2105 2587 vitae
2146 2517 2383 2612 praesi-

260 2626 462 2697 dium
488 2637 945 2726 comparat²;
978 2629 1100 2723 qui
1129 2625 1582 2712 vulneribus»,
1618 2650 1779 2723 quae
1807 2629 2033 2696 cernit
2060 2623 2384 2720 quotidie

257 2750 412 2807 toto
451 2761 796 2835 corpore,
833 2751 1171 2807 monetur
1194 2734 1246 2822 3,
1280 2751 1358 2806 ut
1384 2735 1626 2832 aliquo
1665 2733 1995 2831 praesidio
2029 2747 2241 2830 caput
2262 2787 2280 2819 ‚
2311 2749 2379 2804 et

256 2849 612 2934 cerviceS,
664 2862 736 2918 et
779 2847 1154 2945 jugulum,
1204 2870 1284 2916 ac
1326 2846 1545 2916 latera
1597 2860 1894 2932 tutetur,
1933 2843 2131 2914 hunc
2174 2842 2265 2914 de
2313 2846 2401 2912 vi·

252 2954 736 3026 accusandum
781 2957 1037 3053 putas?

349 3066 544 3153 Quis
584 3066 773 3133 enirn
807 3080 1164 3150 vestrum,
1201 3063 1513 3157 judices,
1549 3066 1871 3161 ignorat,
1913 3065 2008 3133 ita
2052 3076 2378 3132 naturam

248 3197 506 3244 rerum
569 3173 806 3244 tulisse
831 3229 851 3262 ,
906 3189 989 3245 ut
1040 3172 1359 3270 quodam
1411 3187 1740 3270 tempore
1790 3171 2162 3256 homineS,
2207 3193 2384 3239 non-

315 3361 372 3409 5.
408 3358 615 3416 consue,
636 3370 842 3423 prator,
874 3359 1086 3408 tribunus
1105 3356 1275 3421 plebis.
1359 3358 1522 3407 Ionem
1537 3366 1934 3421 spectant3quem
1947 3355 2174 3403 laudabat
2187 3370 2380 3403 accun-

250 3437 478 3487 uuella
491 3472 509 3496 ‚
533 3439 749 3502 Appius,
772 3441 1018 3486 Serranus.
1360 3447 1441 3485 tor
1451 3436 1630 3498 Sextii3
1647 3435 1893 3500 sequentia
1905 3434 1969 3483 ad
1983 3435 2199 3483 Sextium
2216 3435 2376 3498 ipsum

315 3520 372 3566 6.
399 3518 483 3565 Ne
504 3533 621 3563 reus
638 3516 786 3566 adsit.
816 3519 891 3566 Ne
910 3517 1114 3566 Clodius
1132 3532 1274 3564 accu-
1358 3517 1616 3582 pertinent.
1659 3516 1945 3565 Felicissimo
1996 3517 2162 3578 itaque
2213 3514 2378 3562 locum

253 3608 377 3645 ntus
397 3613 427 3643 a
450 3596 645 3643 Milone
666 3596 840 3657 judicii
868 3595 995 3644 diem
1021 3595 1165 3644 obeat
1181 3632 1196 3657 ,
1223 3605 1273 3643 et
1357 3596 1488 3644 hunc
1524 3595 1746 3643 distinxit
1780 3612 1836 3644 ac
1872 3594 2080 3644 restituit
2117 3593 2379 3641 tolleman·

257 3674 505 3740 sejudicio
526 3675 682 3725 sistat.
1359 3673 1477 3734 dus,
1511 3675 1601 3723 cui‘
1625 3691 1716 3722 no·
1749 3675 1893 3738 plane
1932 3672 2132 3730 omnino
2156 3671 2377 3735 adstipu-

326 3770 371 3808 7.
402 3754 479 3800 Ne
506 3764 778 3816 quaeraeur.
809 3753 882 3800 Ne
908 3768 983 3800 res
1010 3753 1063 3801 in
1082 3752 1271 3814 judicio
1357 3755 1528 3803 lamur.

263 3844 588 3893 cosme-tur.
1432 3850 1483 3883 α.
1514 3832 1638 3882 Vieoe
1656 3832 1941 3896 pra-sidium
1979 3841 2246 3894 comparat.
2273 3831 2379 3878 Lal-

333 3909 377 3955 8.
431 3910 768 3959 corroborata.
821 3910 894 3956 Ex
941 3910 1226 3974 impunitate
1253 3925 1266 3959 ε
1360 3912 1472 3961 lem.
1510 3930 1537 3959 ο
1580 3910 1729 3959 codd.
1776 3926 1874 3974 reg.
1912 3910 2055 3970 «jure
2099 3909 2377 3974 praesidium

256 3988 442 4036 sublato
466 3990 599 4037 enim
623 3988 922 4049 judiciorum
946 4000 1076 4037 metu
1096 4027 1110 4050 ,
1137 4000 1277 4037 aucta
1363 3991 1648 4054 comparat?
1664 4011 1689 4030 ι·
1707 3991 1921 4053 Optime.
1944 3990 1977 4035 J
1983 4026 1995 4038 .
2022 3988 2084 4037 V.
2111 3990 2165 4036 1..

252 4069 594 4116 euboniam
612 4067 949 4131 improborum
972 4067 1186 4117 audacia.
1436 4071 1484 4117 3.
1510 4069 1590 4118 Sic
1614 4067 1757 4116 iidem
1780 4068 1927 4117 codd.
1954 4083 2046 4130 pro
2070 4067 2204 4131 vulg.
2229 4079 2383 4113 move-

321 4149 472 4195 xm.
495 4164 541 4194 ι.
559 4146 862 4211 con-parati.
877 4149 991 4195 Haec
1010 4148 1172 4211 priora
1185 4151 1278 4198 Mi-
1367 4160 1458 4197 tur.
1495 4149 1545 4196 J.
1567 4151 1627 4196 V.
1658 4149 1715 4197 1..
