2994 4778
673 395 1066 464 ORATIO
1116 397 1317 464 PRo
1369 397 1970 484 Q.L1GAR10.
2251 394 2386 491 597

255 509 515 597 fuerit,
564 524 821 609 quiere.
870 520 1119 586 Taceo.
1173 519 1280 586 Ne
1311 516 1484 587 haec
1536 515 1832 611 quidem
1886 515 2184 621 colligo,
2224 544 2387 615 quae

255 619 560 693 fortasse
611 624 933 697 valerent
985 629 1197 697 etiam
1241 625 1435 724 apud
1478 626 1819 722 judicem.
1877 629 2181 722 Legatus
2221 644 2387 699 ante

248 729 535 802 bellum
567 732 1010 832 profectus-⁰1,
1053 735 1396 808 relictus
1380 763 1457 807 in
1496 761 1711 835 pace,
1749 734 1944 807 bello
1973 762 2380 835 oppressuS,

245 840 335 909 in
380 865 467 911 eo
509 843 666 940 ipso
721 869 869 913 non
918 843 1258 936 acerbus,
1316 862 1467 917 tum
1520 849 1732 918 etiam
1784 860 1980 917 totus
2027 851 2269 918 animo
2314 865 2385 919 et

245 950 499 1022 studio
536 967 707 1024 tuus
731 961 812 1023 ¹⁰.
873 955 976 1026 Ad
1010 956 1326 1051 judicem
1364 961 1467 1028 sic
1510 961 1623 1054 agi
1671 957 1874 1029 solet.
1933 958 2070 1028 Sed
2110 982 2244 1053 ego
2295 960 2379 1029 ad

243 1079 630 1157 parentem
673 1065 939 1165 loquor
987 1094 1003 1135 :
1039 1069 1322 1154 Erravi3
1367 1084 1638 1140 temere
1690 1066 1862 1156 seci3
1902 1072 2247 1166 poenitet;
2294 1069 2383 1140 ad

242 1172 707 1244 clementiam
757 1190 952 1245 tuam
1007 1175 1386 1273 confugio;
1427 1176 1668 1249 delicti
1710 1179 1988 1248 veniam
2044 1193 2252 1274 peto;
2307 1193 2384 1247 ut

242 1285 614 1379 ignoscaS‚
667 1309 820 1354 oro.
861 1287 932 1356 Si
971 1310 1188 1356 nemo
1234 1286 1683 1383 impetravit,
1732 1296 2275 1383 arroganter¹¹;
2323 1291 2378 1356 si

243 1390 581 1486 plurimi,
618 1408 697 1463 tu
726 1394 915 1464 idem
948 1391 1057 1466 fer
1084 1418 1298 1492 opem
1317 1453 1336 1481 ‚
1375 1397 1505 1491 qui
1534 1420 1735 1493 spem
1766 1394 2040 1466 dedisti.
2081 1400 2192 1467 An
2222 1420 2379 1494 spe-

239 1502 456 1571 randi
504 1504 788 1601 Ligario
856 1528 1067 1575 causa
1115 1529 1275 1575 -non
1330 1506 1457 1591 sit,
1517 1530 1744 1603 quum
1815 1505 1989 1575 mihi
2045 1506 2238 1602 apud
2311 1522 2378 1575 te

237 1610 338 1681 sit
383 1612 586 1683 locus
609 1622 670 1655 ¹²
706 1616 919 1684 etiam
955 1638 1090 1711 pro
1133 1614 1361 1686 altero
1400 1614 1837 1714 deprecandi
1863 1613 1968 1685 ¹³?

345 1726 465 1792 XI.
515 1727 971 1820 Quamquam
1028 1749 1266 1822 neque
1320 1727 1396 1795 in
1451 1724 1585 1796 hac
1640 1728 2013 1796 oratione¹
2058 1750 2221 1823 spes
2274 1741 2378 1796 est

235 1831 479 1927 posita
511 1856 774 1918 causae,
815 1835 1045 1904 necin
1078 1858 1330 1905 eorum
1360 1833 1651 1921 studiis,
1683 1837 1810 1932 qui
1843 1859 1883 1905 a
1910 1851 1981 1907 te
2010 1862 2145 1933 pro
2179 1838 2374 1932 Liga-

232 1938 354 2009 rio
394 1954 687 2037 petunt,
727 1943 831 2012 tui
858 1945 1259 2015 necessarii.
1304 1943 1467 2016 vidi
1506 1948 1697 2016 enim
1727 1959 1797 2015 et
1828 1950 2162 2042 cognovi,
2197 1946 2369 2043 quid

232 2051 554 2121 maxime
605 2067 1000 2148 spectares,
1064 2079 1293 2153 quum
1353 2080 1484 2152 pro
1543 2054 1847 2149 alicujus
1890 2054 2116 2124 salute
2166 2056 2371 2125 multi

229 2159 683 2250 laborarent3
727 2175 1023 2236 causas²
1060 2166 1254 2262 apud
1301 2181 1388 2237 te·
1421 2167 1829 2263 rogantium
1867 2164 2371 2261 gratiosiores-³

229 2296 418 2356 esse,
446 2296 664 2368 quam
691 2273 966 2361 vultus3
997 2300 1237 2371 neque
1261 2291 1333 2347 te
1349 2291 1709 2374 ¹spectare,
1739 2299 1956 2372 quam
1985 2291 2154 2347 tuus
2183 2293 2374 2348 esset-

227 2385 676 2455 necessarius
705 2385 793 2472 is,
822 2388 949 2482 qui
983 2400 1053 2457 te
1080 2401 1358 2470 oraret,
1385 2384 1512 2457 sed
1540 2410 1760 2484 quam
1794 2384 2020 2468 illius,
2052 2411 2184 2484 pro
2215 2411 2363 2481 quo

223 2491 617 2564 laboraret.
670 2498 923 2590 Itaque
978 2494 1235 2567 tribuis
1289 2511 1372 2566 tu
1416 2494 1711 2593 quidem
1758 2498 1899 2567 tuis
1946 2495 2043 2566 ita
2097 2496 2361 2578 multa,

222 2617 318 2673 ut
371 2602 547 2672 mihi
589 2601 944 2699 beatiores
988 2604 1089 2675 illi
1134 2629 1285 2677 esse
1335 2605 1717 2677 videantur
1772 2606 2177 2688 interdum,
2235 2609 2359 2701 qui

223 2728 360 2784 tua
396 2690 817 2786 liberalitate
865 2713 1232 2802 fruuntur,
1267 2741 1486 2813 quam
1522 2730 1604 2786 tu
1646 2719 1836 2813 ipse,
1875 2717 2002 2813 qui
2034 2714 2172 2785 illis
2218 2730 2357 2786 tam

302 2930 356 2980 9.
373 2917 505 2963 Ante
519 2914 699 2964 bellum
707 2914 966 2980 profectus.
991 2917 1042 2965 Si
1064 2918 1216 2979 iudex
1233 2952 1248 2977 ‚

220 3009 333 3042 uon
367 3005 527 3042 autern
561 3010 736 3059 pareus
777 2996 992 3060 optimus
1026 2998 1213 3045 sederes
1230 3033 1245 3056 ,

1412 2933 1496 2967 ta.
1521 2916 1812 2981 Quintilian.
1832 2919 1896 2976 V,
1938 2930 2029 2979 10,
2067 2916 2133 2979 93
2152 2949 2166 2973 ,
2190 2915 2331 2962 habet
2349 2950 2362 2970 ,

1334 2997 1467 3044 Iocus
1490 2996 1567 3044 sit.
1587 2998 1635 3044 J.
1649 2999 1711 3043 V.
1730 3000 1783 3044 1..

216 3073 318 3122 tibi
363 3072 576 3122 dicerem
621 3074 867 3137 Ligarium
910 3087 1024 3124 aute
1065 3075 1246 3124 bellum

219 3154 528 3218 profectum,
562 3166 661 3204 etc.
681 3156 791 3202 Hoc
818 3153 1027 3203 artificio
1055 3156 1248 3219 culpam

218 3233 402 3298 Ligarii
425 3232 631 3281 multum
656 3233 905 3282 sublevat:
928 3250 1037 3298 quae
1062 3235 1248 3298 profert

217 3328 282 3360 co
325 3313 557 3373 majorem
593 3313 690 3360 vim
731 3313 985 3372 obtinent,
1023 3313 1160 3377 quod
1192 3329 1246 3361 ea

214 3406 471 3457 tamquam
496 3393 685 3441 minimi
711 3393 942 3457 ponderis
970 3409 1247 3458 proponere

215 3473 419 3521 videtur
442 3482 494 3521 et
518 3473 680 3522 obiter
701 3475 836 3535 jacit.

295 3567 377 3600 ιο.
405 3553 597 3601 Erneet.
616 3551 879 3600 arbitratur
896 3552 1008 3610 hic,
1038 3553 1090 3598 in
1116 3550 1240 3610 flue,

210 3629 596 3695 excidiuefuie.
619 3631 732 3680 Sine
757 3647 918 3679 causa.
942 3632 994 3681 J.
1010 3634 1074 3679 V.
1094 3632 1149 3678 1..

296 3726 377 3759 ιι.
404 3712 722 3776 Amganter.
757 3710 811 3757 Si
844 3725 987 3758 nemo
1022 3720 1136 3758 ante
1161 3710 1238 3758 Li-

209 3791 404 3856 garium
425 3790 617 3838 veniam
640 3789 806 3838 delicti
836 3791 1135 3853 impetravit,
1163 3804 1240 3837 ar·

209 3885 397 3935 rogans
431 3886 538 3918 eum
558 3906 572 3930 ,
607 3870 691 3933 qui
717 3870 902 3933 primus
941 3868 1036 3917 hoc
1077 3878 1241 3933 petere

210 3950 500 3998 sustineam.
531 3975 600 3987 -
631 3947 727 4010 Qui
754 3963 884 4011 spem
920 3947 1111 3995 deduci.
1140 3945 1241 4008 Qui

209 4032 265 4077 in
290 4045 428 4094 apem
453 4028 610 4076 venia
627 4025 944 4090 impetranda:
965 4026 1211 4076 adduxisti
1225 4060 1240 4082 ,

206 4109 345 4158 idem
374 4119 427 4157 tu
455 4108 644 4157 veniam
675 4105 907 4155 concede.

1411 3078 1488 3123 13.
1509 3075 1835 3140 Depmandi.
1861 3077 2026 3137 Quum
2049 3074 2193 3134 mihi,
2208 3076 2360 3139 quiet

1335 3154 1657 3218 Pompeianus
1692 3155 1762 3202 fui
1779 3187 1795 3212 ,
1839 3165 1889 3201 et
1926 3169 2055 3201 arma
2090 3163 2267 3199 contra
2308 3164 2355 3200 te

1336 3233 1459 3297 gessi
1474 3268 1487 3290 ,
1517 3243 1805 3297 potestatem
1821 3231 2150 3279 benivolentia
2173 3243 2256 3279 tua
2282 3235 2357 3278 se-

1336 3312 1451 3360 ciati
1467 3348 1482 3372 ,
1507 3323 1562 3360 ut
1581 3312 1704 3359 alios
1725 3311 2049 3360 defenderem.

1405 3393 1499 3438 xl.
1572 3408 1616 3439 x.
1675 3393 1987 3454 Quamquam
2008 3424 2021 3436 .
2048 3411 2092 3438 a.
2123 3391 2355 3438 oratione.

1334 3469 1518 3518 Mirum
1539 3485 1651 3517 saue
1668 3470 1750 3517 hic
1772 3469 1977 3516 oratoria
1994 3467 2277 3518 artificium.
2300 3473 2357 3516 ln

1337 3549 1417 3597 illa
1459 3549 1679 3598 oratione
1695 3585 1709 3611 ,
1746 3560 1795 3597 et
1823 3550 1875 3595 in
1910 3547 2117 3595 aliorum
2152 3549 2353 3598 Caesaris

1328 3629 1612 3678 amicorum,
1632 3628 1807 3678 studiis
1848 3642 2004 3675 ceueae
2045 3644 2181 3692 spem
2219 3630 2348 3691 posi-

1331 3718 1426 3755 tam
1446 3719 1590 3771 negat
1605 3743 1620 3766 ,
1643 3721 1695 3757 ut
1721 3709 1881 3756 Cesar
1904 3708 2129 3756 incautae
2155 3708 2232 3754 bie
2265 3707 2353 3755 de·

1336 3786 1699 3850 precationibus
1716 3787 2078 3852 quodammodo
2106 3788 2336 3850 capiatur.
2382 3824 2389 3829 ,

1380 3905 1386 3910 .
1409 3881 1459 3912 2.
1499 3864 1703 3914 Causas.
1730 3866 1790 3914 ld
1817 3877 1913 3922 eet,
1937 3876 1985 3913 te
2005 3865 2184 3912 intueri
2200 3900 2214 3923 ‚
2240 3881 2360 3929 qua·

1334 3960 1445 3991 nam
1464 3961 1516 3991 re
1536 3945 1735 4010 impulsi
1748 3980 1764 4003 ,
1786 3957 1834 3994 te
1853 3958 1944 4009 pro
1962 3945 2069 3992 aliie
2093 3957 2247 3993 orent.

1405 4022 1454 4072 3.
1503 4023 1582 4072 Al.
1624 4027 1865 4090 gratiores
1888 4064 1903 4088 ‚
1962 4026 2038 4074 vel
2085 4025 2350 4088 graviores.

1331 4102 1475 4152 Male.
1507 4107 1558 4154 J.
1580 4104 1643 4152 V.
1678 4109 1727 4153 1..
