2994 4778
666 427 1047 497 ORArlo
1098 428 1205 498 IN
1253 430 1333 497 L.
1373 431 1452 499 c.
1502 426 1981 497 PISONEM.
2229 419 2371 517 379

239 545 445 619 vobis
501 546 758 637 audie,
797 552 1068 620 nemini
1106 552 1243 621 civi
1275 550 1538 638 ullam,
1577 574 1728 647 quo
1776 549 2014 618 minus
2049 543 2367 631 adesset,

236 664 407 733 satis
438 662 710 757 justam
748 666 1286 737 excusationem
1318 689 1474 738 esse
1513 668 1775 749 visam3
1803 661 2020 733 nullis
2061 660 2369 731 comitiis

234 794 588 866 umquam
649 771 936 869 neque⁸
1005 774 1543 846 multitudinem
1606 774 1989 845 hominum
2057 784 2323 840 tantam
2349 823 2371 853 ,

234 884 479 977 neque
516 883 1076 980 splendidiorem
1121 883 1336 958 fuisse
1376 914 1394 956 ε
1439 886 1581 955 hoc
1628 899 1822 956 certe
1865 879 2113 968 vide0,
2167 878 2365 976 quod
2419 866 2434 881 ⁶

239 990 568 1063 indicant
602 990 867 1083 tabulae
909 995 1293 1092 publicano,
1331 1022 1458 1068 vos
1488 1010 1856 1093 rogatores
1878 1049 1898 1078 ,
1946 1018 2076 1064 vos
2115 990 2366 1063 diribi-

237 1115 433 1172 tores
454 1112 544 1189 ¹⁰,
593 1127 723 1174 vos
763 1106 1094 1177 custodes
1138 1105 1356 1178 fuisse
1404 1104 1911 1177 tabelL‘irum¹1¹
1951 1129 1966 1171 z
2010 1116 2123 1186 et,
2165 1098 2368 1197 quod

233 1213 312 1280 in
358 1211 765 1283 honoribus
817 1229 1220 1287 vesu-orum
1269 1220 1848 1315 propinquorum
1899 1236 2049 1284 non
2099 1209 2370 1293 facim,

234 1322 348 1393 vel
383 1326 609 1394 aetatis
646 1328 1141 1411 excusatione,
1173 1327 1289 1397 vel
1313 1327 1643 1410 honoris,
1682 1323 1754 1394 id
1790 1326 1863 1394 in
1901 1321 2129 1395 salute
2165 1342 2326 1391 mea
2349 1370 2370 1403 ‚

230 1432 443 1513 nullo
474 1448 804 1528 rogante,
832 1459 965 1505 vos
993 1450 1228 1507 vestra
1254 1450 1514 1534 sponte
1547 1433 1831 1506 fecistis.

329 1546 523 1612 XVI.
572 1540 840 1614 Confer
876 1569 1110 1633 nunc,
1145 1548 1451 1643 Epicure
1486 1560 1758 1630 noster,
1797 1569 1886 1615 ex
1935 1543 2106 1613 hara
2127 1551 2147 1583 ¹
2194 1563 2360 1637 pro·

232 1652 485 1737 ducte,
521 1677 674 1724 non
723 1677 807 1723 ex
863 1653 1108 1726 schola
1128 1709 1147 1743 ,
1197 1654 1485 1742 confer,
1536 1656 1595 1726 si
1654 1653 1909 1739 audes,
1964 1650 2359 1722 absentiam

233 1776 438 1833 tuam
495 1787 663 1833 cum
705 1788 887 1835 mea.
928 1764 1324 1837 obtinuisti
1366 1767 1859 1864 provinciam²
1908 1761 2358 1836 consularem

226 1871 506 1944 finibus
546 1875 669 1961 iis,
727 1900 912 1971 quos
959 1877 1074 1948 lex
1118 1876 1532 1975 cupiditatis
1574 1892 1748 1955 tuae,
1803 1901 1955 1947 non
2009 1898 2197 1972 quos
2249 1871 2357 1941 lex

229 1986 482 2081 generi
527 1982 682 2054 tui³
731 1988 1118 2084 pepigerat.
1169 1992 1348 2058 Nam
1371 2043 1390 2075 ,
1434 1987 1592 2085 lege
1642 1986 1935 2058 Caesaris
1973 1981 2365 2079 justissima

231 2110 455 2191 atque
500 2096 815 2193 optima,
862 2098 1114 2196 populi
1151 2096 1405 2169 liberi⁴
1446 2097 1764 2193 planeet
1806 2117 1977 2165 vere
2021 2105 2227 2162 erant
2278 2089 2363 2159 li-

228 2200 390 2274 beri
419 2229 436 2271 :
476 2204 634 2300 lege
669 2219 910 2276 autem
948 2231 1064 2295 ea,
1099 2231 1316 2304 quam
1350 2231 1569 2278 nemo
1603 2205 1831 2301 legem
1852 2258 1872 2291 ,
1912 2216 2171 2302 praeter
2195 2216 2266 2272 te
2291 2212 2366 2270 et

230 2312 579 2410 collegam
607 2327 847 2407 tuum,
873 2318 1150 2416 putavit
1166 2371 1185 2406 ,
1206 2318 1442 2388 omnis
1469 2330 1621 2387 erat
1657 2314 1789 2386 tibi
1820 2313 2119 2400 Achaia,
2145 2312 2362 2383 Thes-

229 2422 442 2510 salia,
475 2424 772 2496 Athenae
797 2481 818 2513 ,
858 2442 1115 2499 cuncta
1158 2429 1427 2499 Graecia
1460 2426 1762 2498 addicta.
1799 2422 2133 2496 Habebas
2169 2446 2365 2494 exer-

227 2535 455 2605 citum
488 2549 773 2622 tantum
797 2591 815 2622 ,
847 2553 1198 2633 quantum
1227 2536 1360 2609 tibi
1389 2562 1539 2608 non
1574 2551 1863 2609 senatus
1893 2550 2016 2606 aut
2045 2531 2361 2631 populus

226 2670 577 2717 romanus
613 2646 947 2734 dederat,
972 2647 1099 2718 sed
1127 2663 1480 2745 quantum
1509 2664 1629 2718 tua
1662 2645 1889 2719 libido
1926 2644 2367 2739 conscripse-

227 2771 373 2841 rat3
401 2758 730 2828 aerarium
765 2756 1214 2829 exhauseras.
1239 2761 1437 2849 Quas
1463 2783 1577 2830 res
1611 2759 1886 2856 gessisti
1924 2759 1997 2826 in
2037 2754 2369 2851 imperi0,

299 2949 353 2999 8.
369 2950 519 2998 Abest
538 2966 694 3015 neque
718 2966 745 2997 a
766 2950 931 2998 multis
949 2950 1062 2999 edd.
1085 2961 1131 2998 et
1156 2967 1252 2999 rec.

299 3046 354 3092 9.
390 3028 580 3076 Tabula
600 3029 828 3094 publicoe.
857 3032 947 3077 Eas
972 3028 1158 3078 tabulas
1184 3031 1254 3077 in-

219 3108 446 3172 telligit,
485 3108 535 3154 in
574 3124 696 3171 quas
736 3119 842 3156 acta
881 3108 1051 3156 diurna
1080 3109 1254 3173 populi

217 3186 530 3245 referebant,
559 3204 620 3235 ex
647 3187 847 3235 Caesaris
878 3186 1103 3236 instituto
1123 3187 1249 3235 dno-

215 3268 313 3317 bus
339 3267 486 3314 annis
516 3277 627 3315 ante
661 3267 767 3314 haee
807 3267 1006 3314 comitia
1035 3267 1100 3314 ob
1125 3266 1254 3314 redi-

219 3359 327 3395 tum
362 3346 619 3395 Ciceronis
645 3345 848 3393 indicta.

296 3442 380 3474 10.
405 3424 713 3473 Diribitores.
738 3424 1042 3473 Tabellarnm
1083 3425 1256 3473 diribi-

222 3517 354 3553 tores
379 3505 433 3552 hi
463 3515 604 3562 sunt,
634 3502 721 3568 qni
741 3504 1085 3568 suffragiorum
1113 3517 1255 3553 notas

221 3585 551 3633 distribuunt.

296 3680 319 3711 ι
337 3681 379 3710 1.
407 3662 565 3726 Vulg.
603 3661 900 3710 tabularum.

289 3745 441 3791 xvl.
472 3757 516 3790 ι.
552 3743 630 3788 Ea·
648 3739 797 3789 liar-a.
829 3744 958 3789 Hara
978 3738 1253 3807 ⁴porcorum

211 3834 291 3870 est
310 3819 580 3869 stabulum.

289 3918 318 3949 a
329 3938 343 3948 .
356 3899 662 3950 Provinciam
673 3899 992 3947 consularem.
1012 3900 1247 3947 Macedo·

217 3983 358 4030 niam
370 4015 387 4039 ,
410 3995 524 4043 qnae
541 3977 630 4026 illo
647 3993 779 4026 anno
793 3978 1059 4026 consularis
1077 3979 1248 4026 effecta

216 4072 333 4109 at:
365 4075 481 4124 qun
510 4057 766 4122 provincia
789 4068 947 4105 tamen
974 4057 1126 4105 solius
1142 4059 1250 4105 Ma-

218 4139 450 4187 cedoniae
485 4135 670 4186 finibus
704 4152 809 4185 non
846 4136 1074 4196 limitata,
1101 4154 1151 4185 se
1187 4136 1248 4184 ad

1341 2949 1574 2998 Achaiam
1590 2985 1606 3007 ,
1646 2949 1938 2997 Thessaliam
1955 2982 1970 3005 ‚
2006 2946 2223 2996 Athenas
2242 2979 2256 3003 ‚
2283 2954 2361 2991 to-

1343 3041 1541 3092 tamque
1567 3029 1803 3076 Graeciam
1831 3025 2139 3075 extendebat.

1411 3110 1462 3156 3.
1488 3109 1603 3156 Non
1637 3123 1754 3171 quos
1783 3107 1865 3154 lea·
1882 3104 2051 3170 generi
2066 3102 2141 3151 tui
2154 3102 2360 3167 pepige-

1340 3200 1433 3238 rat.
1472 3190 1576 3236 Lex
1602 3188 1697 3234 lata
1728 3201 1756 3234 a
1791 3188 1823 3234 J
1827 3186 1930 3232 ulio
1961 3186 2154 3233 Caesare
2183 3198 2362 3246 genero

1341 3278 1459 3326 tuo,
1487 3268 1573 3332 qui
1603 3266 1828 3314 videlicet
1864 3264 2179 3329 Calpurniam
2210 3261 2359 3309 filiam

1341 3359 1473 3396 tuam
1493 3347 1634 3396 duxit
1649 3361 1869 3393 uxorem.

1414 3436 1462 3485 4.
1488 3421 1665 3490 Populi
1680 3420 1835 3474 liberi.
1858 3420 2178 3473 Commendat
2206 3421 2360 3484 legem

1340 3505 1545 3556 Caesaris
1591 3504 1767 3571 partim
1814 3503 1878 3551 ad
1921 3502 2121 3566 gratiam
2160 3502 2363 3551 Caesaris

1344 3586 1631 3651 captandam
1647 3618 1663 3645 ,
1684 3583 1860 3649 partim
1882 3592 1936 3630 ut
1963 3582 2291 3630 vehementius
2312 3580 2363 3626 in

1340 3665 1567 3713 Pisonem
1602 3664 1887 3714 violatorem
1914 3662 2034 3727 legis
2068 3659 2358 3710 invehatur:

1339 3758 1492 3806 quum
1515 3743 1646 3790 enim
1668 3744 1856 3791 tulisset
1881 3744 2042 3792 Caem
2056 3775 2072 3798 ,
2106 3751 2161 3788 ut
2187 3737 2361 3802 populi

1339 3820 1481 3868 liberi
1508 3837 1621 3869 vere
1647 3831 1805 3868 essent
1836 3820 1977 3868 liberi
1996 3855 2012 3881 ‚
2053 3836 2144 3867 nec
2180 3835 2210 3866 a
2245 3833 2361 3881 pro·

1342 3899 1609 3947 vinci-rum
1639 3897 2108 3948 administratoribus
2133 3913 2359 3960 regeren-

1337 3987 1437 4037 tur,
1461 3977 1550 4024 sed
1573 3977 1789 4041 propriis
1810 3977 1999 4042 leg-ibus
2030 3987 2079 4023 et
2105 3975 2359 4039 magistra-

1338 4056 1471 4103 tibus
1484 4066 1756 4116 uteoentnr,
1777 4057 1830 4105 in
1858 4075 1945 4107 eos
1965 4057 2080 4105 Piso
2100 4056 2355 4120 imperium
2417 4061 2435 4079 “

1336 4134 1426 4182 sibi
1455 4133 1741 4185 vindicavit.
