2994 4778
649 394 1027 461 ORATIO
1077 394 1280 460 PRO
1330 393 1402 458 T.
1452 395 1533 459 A.
1590 393 2022 462 MILONE.
2255 391 2387 488 527

272 538 468 585 mam
513 512 801 586 adducti
841 537 1120 600 sumuS,
1170 513 1367 583 hunc
1411 513 1647 609 ipsum
1685 538 1993 602 annum,
2039 515 2179 587 hoc
2225 518 2388 615 ipso

267 647 562 693 summo
619 624 769 692 viro
827 622 1157 703 consule,
1200 644 1607 718 compressa
1644 623 2025 695 hominum
2072 627 2386 713 licentia,

265 731 787 830 cupiditatibus
823 728 1058 811 fractis
1083 741 1167 816 ¹²,
1203 729 1477 826 legibus
1513 745 1584 802 et
1623 731 1909 825 judiciis
1941 737 2384 822 constitutis,

254 841 655 939 salutarem
702 842 964 912 civitati
998 838 1174 911 fore.
1229 843 1422 911 Num
1460 845 1622 937 quis
1662 842 1878 939 igitur
1927 859 2034 916 est
2074 859 2218 916 tam
2257 846 2384 918 de-

262 974 518 1037 mens,
562 951 687 1047 qui
732 949 913 1037 hoc,
962 954 1032 1021 P.
1082 948 1334 1021 Clodio
1380 950 1576 1034 νὶνο,
1614 955 2031 1050 contingere
2070 961 2384 1053 potuisse

262 1060 699 1133 arbitretur?
730 1059 968 1151 Quid?
1008 1084 1129 1145 ea,
1165 1083 1324 1155 quae
1352 1060 1653 1146 tenetis,
1693 1062 1960 1158 privata
2007 1078 2223 1161 atque
2264 1091 2384 1137 ve·

262 1186 452 1259 stra,
491 1172 904 1243 dominante
941 1171 1236 1242 homine
1280 1170 1590 1260 furiose,
1631 1171 1890 1268 quod
1864 1198 1986 1269 Jus
2020 1190 2384 1273 perpetuae

263 1283 736 1379 possessionis
780 1281 1045 1353 habere
1079 1281 1530 1379 potuissent?
1619 1290 1620 1293 ’

367 1395 620 1462 XXIX.
662 1396 822 1464 Non
863 1395 1156 1474 timeo¹‚
1186 1390 1503 1486 judices,
1537 1414 1632 1462 ne
1658 1391 1872 1461 odio
1855 1384 2381 1467 inimicitiarum

262 1524 590 1572 mearum
636 1502 1154 1588 inflammatus,
1198 1499 1584 1572 libentius²
1634 1499 1779 1571 baec
1834 1504 1910 1570 in
1962 1502 2166 1573 illum
2211 1529 2378 1575 evo-

262 1634 467 1681 mere
516 1612 776 1699 videar,
833 1636 1052 1708 quam
1106 1612 1363 1682 verius.
1419 1612 1701 1681 Etenim
1757 1612 1889 1683 etsi
1941 1616 2380 1711 praecipuum

264 1744 423 1791 esse
456 1719 762 1792 debebat
783 1718 839 1807 ³,
875 1736 1112 1791 tamen
1148 1722 1247 1790 ita
1272 1721 1676 1803 communis
1707 1736 1861 1792 erat
1901 1727 2228 1794 omnium
2262 1724 2379 1797 ille

260 1828 532 1917 hostiS‚
570 1845 648 1901 ut
687 1834 759 1902 in
797 1835 1163 1904 communi
1212 1831 1381 1902 odio
1422 1856 1623 1929 paene
1660 1830 2027 1929 aequaliter
2061 1858 2376 1906 versare-

264 1952 386 2009 tur
422 1941 668 2011 odium
711 1968 972 2013 meum.
1025 1946 1184 2014 Non
1241 1956 1479 2039 potest
1515 1941 1649 2013 dic-i
1707 1946 1909 2029 satis,
1953 1968 2044 2014 ne
2087 1945 2378 2040 cogitari

262 2048 598 2142 quidem,
630 2068 985 2150 quantum
1013 2055 1088 2122 in
1118 2053 1242 2125 illo
1271 2052 1589 2139 sceleriS,
1626 2067 1978 2151 quantum
2007 2056 2200 2124 exitii
2229 2054 2379 2127 fue-

259 2159 376 2228 rit.
405 2162 601 2249 Quin
621 2167 722 2235 sic
745 2164 1121 2248 attendite,
1136 2162 1431 2259 judices.
1460 2166 1737 2260 Nempe
1770 2162 1920 2233 haec
1945 2178 2050 2235 est
2078 2168 2377 2261 quaestio

260 2265 356 2338 de
411 2272 707 2344 interitu
749 2278 822 2345 P.
880 2274 1134 2345 Clodii.
1199 2273 1474 2370 Fingite
1523 2274 1779 2354 animis
1828 2297 1843 2341 ε
1893 2272 2132 2344 liberae
2183 2276 2376 2345 enim

259 2396 435 2450 sunt
476 2383 945 2479 cogitationes
982 2398 1281 2470 nostroe3
1325 2399 1397 2455 et
1434 2408 1597 2479 quae
1630 2381 1918 2468 volunt,
1954 2383 2052 2454 sie
2088 2385 2375 2455 intuen-

259 2502 408 2578 tur,
465 2508 546 2565 ut
598 2520 680 2566 ea
732 2499 1127 2582 cernimus,
1179 2519 1338 2591 quae
1391 2492 1819 2565 videmus4:
1865 2491 2110 2589 fingite
2160 2495 2383 2590 igitur

256 2605 693 2698 cogitatione
727 2607 1111 2702 imaginem
1139 2604 1355 2699 hujus
1399 2602 1831 2673 conditionis
1868 2626 2082 2686 meae,
2123 2603 2180 2670 si
2206 2624 2375 2698 pos-

254 2713 393 2783 sim
424 2711 746 2801 efficere,
785 2730 865 2785 ut
891 2713 1236 2784 Milonem
1262 2712 1643 2784 absolvatis
1663 2765 1682 2796 ‚
1717 2710 1840 2783 sed
1865 2714 1991 2794 ita,
2024 2712 2082 2782 si
2108 2715 2181 2782 Ρ.
2211 2713 2374 2783 Clo-

254 2822 423 2894 dius
493 2825 826 2895 revixerit
844 2821 898 2893 5.
980 2823 1171 2914 Quid
1240 2810 1445 2893 vultu
1521 2822 1986 2893 extimuistis?
2052 2845 2372 2919 quonam

335 3000 773 3077 12.Cupidieueibus
783 3015 974 3076 fractis.
993 3017 1273 3077 Avaritiam,
1435 3014 1482 3061 3.
1529 3015 1647 3060 Esse
1684 3012 1903 3060 debebat.
1938 3015 2065 3075 Quia
2106 3029 2182 3060 me
2219 3012 2378 3060 modia

250 3091 507 3141 libidinem
530 3130 545 3154 ,
601 3106 648 3143 et
694 3095 936 3143 honorum
989 3096 1271 3145 effrenatam
1306 3127 1311 3132 ·
1361 3092 1587 3141 omnibns
1609 3094 1828 3152 vexavit,
1850 3109 1875 3139 e
1896 3093 2047 3155 patria
2071 3093 2234 3153 ejecit3
2264 3092 2377 3156 qnia

250 3173 570 3237 cupiditatem
591 3173 840 3237 intelligit,
864 3174 1043 3238 quibua
1064 3176 1272 3224 maxime
1356 3171 1485 3220 bona
1515 3188 1618 3219 mea
1649 3171 1942 3234 publicavit,
1970 3171 2266 3235 domumque
2294 3173 2375 3219 in·

249 3263 373 3301 tnnc
417 3254 647 3318 temporis
694 3253 963 3317 respublica
999 3254 1269 3306 laborabat.
1357 3251 1520 3299 cendit
1546 3266 1720 3298 meam.

245 3333 511 3395 Pompeius
537 3344 700 3381 autem
716 3367 730 3389 ‚
753 3349 780 3379 a
814 3333 1055 3397 principio
1091 3349 1267 3381 consu·
1429 3338 1474 3383 Δ.
1507 3333 1627 3394 Quae
1650 3327 1888 3376 videmus.
1913 3328 2160 3392 Cogitatio
2183 3341 2377 3394 nostra,

242 3411 406 3471 latua,
439 3423 606 3459 eontra
633 3410 913 3459 ambitiosos
930 3443 947 3469 ,
985 3424 1034 3459 et
1055 3411 1267 3471 judicio·
1353 3409 1591 3474 quidquid
1611 3409 1849 3465 volumus,
1870 3407 2029 3473 fingit,
2048 3419 2095 3457 et
2121 3426 2369 3473 quaecnm-

245 3506 357 3537 rnm
396 3500 734 3554 corruptores,
760 3489 887 3553 leges
922 3489 1097 3538 tulerat
1129 3507 1266 3538 acer·
1353 3504 1448 3552 qne
1493 3498 1652 3536 mente
1705 3488 2011 3553 praeeipimna
2030 3522 2044 3546 ,
2093 3498 2189 3536 tam
2240 3490 2367 3537 clare

245 3568 410 3616 rimas.
1351 3578 1613 3633 apparent,
1639 3584 1784 3632 quam
1804 3584 1914 3631 qnae
1941 3566 2096 3616 oculis
2126 3569 2370 3617 intuemur

316 3647 518 3695 xxm.
544 3661 589 3694 t.
619 3647 734 3694 Non
759 3645 917 3695 timeo.
943 3647 1020 3695 Ne
1046 3646 1265 3697 videatur
1351 3658 1401 3696 et
1418 3648 1563 3711 plane
1585 3648 1839 3696 cernimus.

162 3755 171 3764 ·
240 3725 509 3774 violentius
537 3725 587 3772 in
613 3728 673 3775 P.
695 3725 921 3774 Clodium
943 3727 1184 3793 erupisse,
1211 3745 1262 3777 ae
1421 3727 1473 3774 5.
1526 3728 1585 3773 Ρ.
1646 3726 1837 3774 Clodius
1890 3724 2132 3772 revixerit.
2181 3722 2366 3771 Callide

239 3822 303 3852 eo
322 3803 442 3851 odio
464 3805 541 3867 agi
558 3802 832 3868 profitetur,
855 3821 954 3868 quo
977 3821 1146 3854 omnes
1170 3806 1264 3853 viri
1350 3814 1513 3852 orator
1576 3804 1854 3852 memoriam
1924 3802 2086 3851 Clodii
2133 3810 2327 3848 revocat
2348 3836 2363 3858 ,

240 3883 363 3930 boni
382 3883 639 3931 sceleratos
656 3883 876 3932 homines
894 3896 1261 3949 persequuntur.
1350 3881 1591 3946 'quamque
1667 3882 1851 3929 invisus
1918 3881 2062 3928 fuerit
2139 3878 2365 3927 omnibus

315 3980 369 4012 2.
401 3961 662 4011 Libentius.
690 3963 902 4026 Quidam
932 3964 1011 4011 hic
1038 3963 1267 4027 auspicati
1351 3960 1555 4024 exponit
1574 3995 1590 4020 ,
1621 3975 1721 4022 quo
1748 3960 1908 4007 minor
1947 3959 1998 4005 in
2028 3957 2264 4005 Milonem
2292 3957 2367 4004 in-

239 4052 357 4090 sunt
401 4040 622 4089 licentius
642 4076 657 4100 ,
698 4042 783 4090 aed
822 4042 954 4090 nulla
1004 4042 1267 4091 manuscri-
1354 4038 1480 4087 vidia
1525 4036 1730 4086 arderet.
1777 4038 2029 4102 Eleganter
2067 4036 2146 4083 hie
2177 4035 2367 4096 judices

236 4129 442 4184 ptorum
461 4120 749 4168 anctoritate
768 4120 892 4168 freti.
980 4181 988 4188 ,
1354 4117 1592 4182 appellat,
1619 4116 1906 4179 territosque
1932 4112 2092 4163 Clodii
2120 4111 2181 4159 ad
2207 4111 2366 4158 lucem
