2994 4778
659 459 799 556 276
1298 459 1394 525 M.
1447 459 1526 525 T.
1580 457 2152 527 ctcssaoms

655 582 872 654 ficere
900 602 1152 677 posse3
1185 576 1310 649 sed
1339 577 1561 650 decus
1587 577 1769 649 illud
1798 594 1870 649 et
1898 592 2410 649 ornamentum
2435 581 2812 679 triumphi

661 688 1137 761 minuendum
1184 703 1427 758 nostra
1481 685 1964 785 parcimonia⁸
2017 713 2165 759 non
2213 692 2480 787 putavi.
2529 696 2814 761 Actum

654 817 765 874 est
802 800 891 871 de
932 799 1181 871 decem
1227 799 1469 894 legatis
1485 810 1539 883 9,
1580 824 1765 896 qnos
1805 799 1923 869 alii
1960 801 2261 869 omnino
2298 824 2451 869 non
2483 798 2814 885 dabant,

655 913 772 983 alii
813 909 1138 1007 exempla
1180 907 1637 1004 quaerebant,
1683 909 1798 978 alii
1842 923 2129 1005 tempus
2174 906 2652 991 differebant,
2692 909 2815 979 alii

655 1025 811 1094 sine
850 1020 1011 1092 ullis
1047 1017 1437 1088 verborum
1467 1020 1911 1089 ornamentis
1944 1017 2230 1090 dabant.
2266 1021 2354 1087 In
2381 1042 2466 1088 ea
2497 1044 2816 1115 quoque

655 1157 734 1204 re
772 1134 873 1202 sic
905 1154 1068 1200 sum
1105 1130 1490 1225 loquutuS‚
1542 1142 1625 1197 ut
1668 1152 1923 1199 omnes
1959 1128 2443 1225 intelligerent
2467 1182 2486 1212 ‚
2529 1153 2649 1199 me
2686 1129 2810 1215 id,

651 1241 853 1339 quod
890 1238 1302 1338 reipublicae
1345 1262 1558 1309 causa
1595 1240 1973 1319 sentirem..
2014 1236 2248 1309 facere
2289 1236 2587 1308 uberius
2628 1262 2810 1335 pro-

652 1366 815 1448 pter
852 1353 1075 1448 ipsius
1113 1353 1406 1420 Caesaris
1440 1347 1884 1444 dignitatem.

750 1466 907 1531 XII.
948 1465 1040 1531 At
1075 1471 1247 1556 ego¹
1291 1458 1480 1528 idem
1522 1483 1720 1529 nunc
1755 1460 1829 1527 in
1864 1459 2250 1556 provinciis
2282 1457 2808 1545 decernendis,

650 1576 778 1669 qui
831 1570 983 1641 illas
1038 1592 1294 1640 omnes
1347 1593 1460 1639 res
1520 1572 1629 1662 egi
1682 1569 2003 1655 silentiO‚
2047 1567 2520 1666 interpellor:
2564 1595 2806 1665 quum

650 1678 1143 1777 superioribus
1198 1678 1426 1748 causis
1488 1678 1805 1749 hominis
1860 1693 2287 1748 ornamenta
2349 1676 2673 1761 fuerint;
2726 1682 2804 1749 in

650 1791 785 1861 hac
828 1814 944 1860 me
986 1788 1167 1858 nihil
1208 1787 1441 1873 aliud,
1480 1790 1615 1857 nisi
1660 1790 1842 1857 ratio
1885 1787 2102 1871 belli,
2154 1790 2290 1857 nisi
2335 1811 2621 1858 summa
2661 1790 2805 1857 uti-

649 1901 807 1970 litas
856 1897 1274 1995 reipublicae
1320 1909 1626 1967 moveat.
1671 1900 1868 1975 ‚Nam
1928 1902 2081 1995 ipse
2137 1902 2390 1982 Caesar,
2434 1896 2618 1992 quid
2656 1913 2806 1983 est,

648 2035 778 2081 cur
812 2010 887 2078 in
924 2008 1295 2104 provincia
1329 2008 1762 2077 commorari
1787 2006 1998 2090 velit,
2031 2007 2170 2075 nisi
2202 2021 2283 2075 ut
2311 2029 2431 2091 ea,
2459 2030 2625 2101 quae
2665 2030 2805 2102 per

649 2144 819 2189 eum
885 2115 1141 2189 affecta
1208 2131 1375 2186 sunt
1394 2126 1451 2200 ²,
1516 2113 1827 2211 perfecta
1893 2114 2309 2212 reipublicae
2371 2114 2804 2186 tradantur?

650 2231 1047 2300 Amoenitas
1098 2250 1266 2297 eum
1288 2222 1342 2312 ³,
1388 2223 1652 2309 credo,
1704 2226 2074 2308 locorum,
2128 2223 2421 2294 urbium
2465 2224 2802 2321 pulchri-

651 2336 865 2423 tud0‚
916 2336 1297 2406 hominum
1354 2335 1879 2430 nationumque
1933 2333 2218 2405 illarum
2268 2334 2683 2406 humanitas
2729 2352 2806 2407 et

649 2449 890 2544 lepos,
929 2446 1240 2515 victoria·
1281 2444 1671 2540 cupiditas,
1721 2442 1976 2513 finium
2030 2447 2317 2542 imperii
2357 2448 2588 2515 nostri
2630 2471 2803 2543 pro-

649 2561 932 2656 pagatio
967 2551 1495 2643 retinet.'Qnid'
1524 2553 1659 2624 illis
1697 2554 1901 2624 terris
1936 2552 2299 2650 asperius?
2337 2553 2518 2650 quid
2561 2555 2801 2626 incul-

648 2669 791 2737 tius
828 2663 1165 2762 oppidis?
1204 2664 1383 2759 quid
1424 2663 1842 2733 nationibus
1881 2665 2313 2735 immanius?
2347 2663 2528 2761 quid
2573 2689 2801 2762 porro

650 2792 761 2848 tot
800 2776 1111 2845 victoriis
1151 2771 1667 2871 praestabilius?
1717 2773 1892 2871 quid
1930 2779 2221 2846 Oceano
2260 2774 2544 2871 longius
2591 2779 2799 2847 inve·

648 2887 788 2957 niri
841 2883 1134 2983 potest?
1192 2887 1302 2954 An
1351 2881 1628 2954 reditus
1678 2883 1755 2953 in
1806 2886 2156 2980 patriam4
2205 2882 2426 2954 habet
2470 2884 2800 2982 aliquam

717 3159 767 3208 ⁸.
803 3157 982 3206 Nom-a
1012 3150 1338 3222 parcimonia.
1377 3154 1582 3204 Senatus
1605 3153 1670 3204 ad
1751 3169 1983 3204 nonnum
2001 3154 2417 3220 interpellandus.
2445 3174 2598 3221 qun-
2627 3158 2796 3206 eidem

643 3254 788 3301 quem
831 3236 1129 3302 dispensatio
1168 3236 1325 3284 aerarii
1365 3235 1665 3300 peninebnt3
1757 3235 2150 3299 prorogationem
2169 3236 2364 3300 imperii
2384 3235 2610 3292 decemo,
2627 3236 2796 3284 solim

647 3316 759 3364 vide
774 3317 1107 3374 Vatiniana,
1130 3332 1243 3379 cap.
1271 3317 1323 3362 3.
1755 3314 1979 3362 utilitati·
2009 3313 2220 3377 publice
2255 3331 2421 3364 canu.

714 3409 769 3455 9.
798 3392 981 3442 Decem
999 3393 1191 3457 legatis.
1215 3395 1315 3440 Lex
1334 3394 1541 3441 Gabinia
1558 3410 1669 3457 qnae
1828 3409 1878 3440 a.
1913 3390 2118 3459 Afficea
2139 3404 2269 3442 mat.
2302 3395 2416 3442 Jam
2445 3409 2583 3457 supra
2610 3409 2730 3457 cap.
2761 3399 2794 3443 8

646 3473 906 3536 piraticmn
932 3472 1114 3520 bellum
1137 3472 1371 3534 Pompeio
1397 3471 1670 3530 mandavit,
1755 3472 1987 3520 diximus.

645 3553 829 3614 legatos
862 3550 913 3596 ei
946 3550 1228 3613 quindecim
1259 3548 1512 3609 attribuit,
1546 3566 1670 3612 quon
1828 3552 1883 3600 3.
1917 3552 2187 3599 Ama-nitas
2211 3568 2334 3619 eum.
2363 3553 2574 3601 Ironioe.

644 3630 789 3695 petia
808 3639 1052 3688 senatu,et
1069 3627 1493 3676 senatusconsulto
1512 3630 1670 3676 muni-
1829 3639 1884 3686 4.
1928 3635 2008 3677 An
2053 3632 2238 3678 rediens
2281 3629 2332 3677 in
2362 3632 2600 3695 patr-iam.
2646 3635 2796 3680 Post·-

646 3711 688 3758 ri
708 3706 946 3770 singulos,
965 3708 1053 3771 qui
1070 3717 1364 3770 poterentur,
1386 3707 1671 3756 nominatim
1757 3724 1906 3771 qnam
1942 3711 2157 3757 ostendit
2199 3709 2383 3757 nullam
2425 3727 2529 3759 esse
2566 3726 2796 3770 causam,

645 3786 907 3852 oportebat
929 3820 947 3844 ,
1005 3796 1061 3833 ut
1096 3785 1310 3834 vidimus
1343 3785 1409 3833 ad
1443 3802 1555 3851 cap.
1601 3804 1668 3849 ¹9
1756 3803 1847 3834 cur
1881 3787 1999 3836 velit
2039 3790 2197 3838 Cmr
2223 3789 2409 3837 diutius
2448 3792 2498 3836 in
2532 3792 2799 3852 provincia

645 3884 735 3932 pro
756 3867 860 3929 lege
884 3865 1101 3914 Manilia.
1754 3870 2074 3926 commorari,
2116 3885 2248 3944 npuc
2288 3885 2351 3916 ex
2390 3868 2673 3917 abundanti
2712 3870 2800 3918 de·

714 3947 829 3992 111.
859 3961 876 3990 t
889 3980 900 3991 .
926 3949 991 3991 Ae
1010 3961 1118 4009 ego.
1137 3945 1239 4007 Qui
1255 3947 1358 3993 sine
1377 3944 1666 4007 cujusquam
1757 3957 2019 4007 monstrat,
2035 3948 2212 3995 multas
2227 3965 2394 3996 caum
2409 3964 2544 4006 esne,
2558 3964 2652 3996 cnr
2669 3950 2798 3997 redi·

640 4023 1025 4087 interpellatione
1054 4024 1232 4072 Cauri
1267 4036 1379 4072 aute
1412 4023 1664 4087 supplica·
1754 4036 1833 4071 tus
1885 4026 2083 4074 Caenris
2137 4028 2280 4075 fuerit
2312 4028 2654 4090 expetendus,
2697 4029 2797 4077 nisi

639 4107 851 4159 tionem,
873 4103 1166 4166 stipendium
1189 4137 1203 4158 ‚
1226 4102 1414 4166 legatos
1439 4102 1663 4161 decmvi,
1750 4103 1914 4166 ipsum
1964 4107 2239 4155 communi·
2280 4106 2474 4154 utilius
2522 4095 2596 4156 in·
2632 4107 2794 4156 Gallia

642 4197 695 4232 ut
723 4183 815 4247 ipsi
839 4183 1017 4232 Caesari
1044 4179 1368 4246 gratificarer,
1396 4196 1528 4229 nunc
1552 4196 1667 4228 saue
1757 4185 2007 4232 retineret.
