2994 4778
586 441 729 511 620
1223 440 1321 505 M.
1374 441 1451 505 T.
1507 439 2068 508 CICERONIS

586 577 795 635 tantae
833 549 1502 659 importunitatis¹⁵,
1534 561 1862 630 omnium
1900 561 2260 657 gentium,
2292 574 2514 655 atque
2547 584 2708 629 om-

586 677 699 743 nis
750 674 1111 742 memoriae
1154 669 1623 740 clarissimum
1662 669 1906 740 lumen
1951 671 2437 765 exstinguere3
2497 670 2708 764 cujus

581 797 795 854 tantae
830 780 1253 867 ferocitatis,
1296 781 1645 851 victorem
1690 778 1886 851 orbis
1929 793 2286 851 terrarum
2327 803 2487 850 non
2533 781 2711 850 exti-

578 915 929 976 mescere;
974 889 1179 983 cujus
1216 899 1361 959 ta‘rn
1394 888 1772 960 inhumani
1799 904 1871 960 et
1898 893 2156 986 ingrati
2192 885 2443 973 animi,
2486 914 2528 958 a
2560 914 2710 985 quo

579 1027 708 1073 rex
743 999 1142 1098 appellatus
1195 1013 1416 1086 esset,
1461 1000 1536 1068 in
1576 997 1753 1069 eo¹⁶
1798 1012 2185 1095 tyrannum
2215 1001 2515 1069 inveniri
2563 1027 2579 1067 :
2627 1013 2712 1068 ut

579 1111 732 1181 haec
769 1110 1134 1194 omittam,
1180 1108 1386 1202 cujus
1426 1109 1608 1178 tanti
1645 1106 1909 1180 suroris
1952 1107 2125 1194 fuit,
2163 1132 2419 1179 omnes
2457 1132 2712 1205 regeS,

581 1242 894 1316 quorum
931 1217 1141 1287 multi
1194 1232 1401 1288 erant
1436 1214 1725 1288 finitimi
1748 1230 1833 1306 ¹⁷,
1879 1242 2130 1289 omnes
2172 1216 2442 1289 liberos
2478 1242 2713 1315 popu·

582 1329 692 1399 los
713 1382 733 1415 ‚
766 1350 1022 1398 omnes
1049 1327 1283 1397 socios
1304 1378 1323 1412 ,
1360 1350 1616 1398 ornnes
1643 1329 2046 1424 provincias
2065 1380 2085 1412 ‚
2118 1329 2365 1397 omnia
2393 1326 2712 1422 denique

584 1436 911 1508 omnium
953 1459 1151 1506 arma
1193 1448 1444 1506 contra
1492 1460 1568 1506 se
1614 1461 1844 1524 unum
1879 1430 2328 1507 excitareffi?
2376 1440 2709 1527 Quonam

582 1546 701 1619 ille
744 1546 968 1618 modo
1019 1569 1183 1615 cum
1234 1555 1592 1641 regno¹9‚
1639 1570 1804 1616 cum
1845 1545 2103 1632 domo,
2154 1570 2320 1618 cum
2374 1547 2709 1642 conjuge,

584 1682 751 1728 cum
795 1657 1161 1728 carissimo
1197 1652 1352 1724 filio
1409 1654 1791 1726 distractus
1836 1667 2138 1744 esset²⁰‚
2193 1670 2396 1727 tanto
2444 1657 2708 1728 sceiere

585 1790 736 1836 non
769 1763 989 1835 modo
1024 1761 1385 1861 perfecto,
1423 1763 1548 1835 sed
1583 1766 1794 1836 etiam
1834 1767 2196 1863 cogitato?

681 1879 799 1945 VI.
851 1879 979 1961 At,
1016 1872 1308 1962 credo¹,
1348 1873 1496 1945 haec
1543 1874 1764 1946 homo
1809 1876 2259 1947 inconsultus
2293 1892 2367 1947 et
2404 1892 2705 1947 temera-

584 1988 731 2057 rius
791 2010 941 2055 non
991 1982 1304 2054 videbat.
1367 1986 1548 2074 Quis
1593 1985 2110 2057 consideratior
2157 1986 2331 2056 illo?
2391 1986 2555 2083 quis
2599 2000 2705 2056 te-

584 2096 1027 2192 ctior²Pquis
1056 2087 1571 2191 prudentior3?
1597 2097 2057 2192 Quamquam
2081 2095 2222 2167 hoc
2248 2096 2411 2167 loco
2435 2097 2709 2190 Dejota—

588 2206 796 2273 rum‘*
853 2228 1004 2273 non
1059 2217 1204 2273 tam
1258 2203 1550 2300 ingenio
1600 2219 1672 2275 et
1707 2204 2128 2307 prudentia,
2181 2230 2401 2303 quam
2454 2203 2594 2274 fide
2633 2219 2707 2275 et

582 2312 928 2411 religione
951 2316 1111 2383 vitae
1134 2311 1670 2385 defendendum
1707 2330 1909 2413 puto.
1935 2319 2123 2387 Nota
2146 2314 2281 2386 tibi
2306 2329 2434 2403 est,
2458 2318 2539 2386 C.
2563 2320 2705 2385 Cae-

582 2508 695 2556 culo
727 2507 968 2569 Deiotari,
993 2506 1034 2555 si
1066 2508 1242 2556 Caesari
1268 2523 1436 2555 necem
1467 2510 1602 2556 intu-
1690 2510 1820 2558 enim
1868 2509 2132 2573 Pompeio,
2168 2508 2463 2572 quicumque
2491 2523 2600 2556 eum
2644 2522 2703 2553 ex

581 2586 735 2635 iisset.
768 2586 916 2649 Quod
937 2597 1236 2651 postremum
1266 2597 1603 2650 argumentum
1689 2590 1916 2637 Asiaticis
1939 2589 2017 2636 vel
2050 2587 2243 2651 regibus
2258 2622 2272 2645 ,
2292 2587 2371 2634 vel
2393 2586 2592 2651 populis
2618 2585 2702 2633 ad-

582 2682 673 2731 per
698 2666 910 2731 partium
939 2666 1348 2714 enumerationem
1390 2681 1600 2730 exagge-
1686 2668 1936 2728 juverant,
1972 2667 2149 2716 Caesari
2173 2682 2223 2713 se
2246 2665 2568 2713 tradiderunt.

587 2756 682 2793 rat.
712 2772 782 2782 —
810 2746 1001 2793 Nee-are
1038 2744 1285 2808 hospitem.
1325 2746 1510 2794 Confer
1551 2747 1604 2791 in
1765 2760 1847 2808 ¹9·
1881 2748 2103 2809 Quonam
2128 2744 2212 2792 me
2238 2744 2385 2791 modo
2405 2759 2515 2790 σωκ
2534 2759 2699 2807 tegno.

586 2824 727 2871 Livio
745 2857 760 2882 ,
784 2825 986 2880 xxm,
1022 2824 1284 2870 Pacuvium
1303 2822 1474 2871 iisdem
1496 2837 1602 2869 mo·
1689 2823 1826 2871 Nihil
1845 2823 2127 2871 mutandum
2145 2856 2161 2882 ,
2181 2839 2340 2887 neque
2363 2823 2587 2870 Ernestio
2605 2837 2702 2868 cre-

585 2904 760 2951 mentis
805 2901 1223 2950 vehementissime
1271 2912 1514 2959 utentem,
1552 2912 1607 2950 ut
1696 2901 1924 2951 deudum.
1947 2905 1981 2952 J
1987 2905 2085 2951 .V.
2116 2904 2171 2949 L.

582 2981 736 3030 filium
758 2981 821 3029 ab
848 2979 1184 3029 interficiendo
1211 2980 1401 3045 hospite
1418 2982 1607 3028 Hanni·
1764 2997 1847 3029 ao.
1887 2981 2158 3028 Diseracms
2188 2991 2327 3028 essee.
2361 2982 2420 3026 In
2451 2995 2563 3043 quae
2584 2980 2704 3026 mala

585 3060 694 3108 bale
725 3060 978 3109 deterreat.
1692 3075 1909 3123 praeceps
1930 3070 2066 3107 actus
2093 3070 2242 3116 esset,
2277 3074 2389 3106 cum
2415 3069 2560 3121 gente
2580 3068 2676 3105 tota
2691 3092 2706 3113 .

664 3139 743 3187 15.
769 3139 1171 3203 Impar-tunicatis.
1208 3139 1268 3186 Id
1299 3149 1398 3198 est,
1428 3137 1605 3187 crude·
1692 3138 1734 3184 si
1776 3154 1878 3185 non
1916 3137 2029 3185 dico
2067 3138 2221 3185 scelus
2266 3137 2548 3201 perfecisset
2565 3172 2579 3195 ,
2623 3135 2703 3184 sed

584 3217 749 3267 litatis.
782 3218 864 3266 Sic
899 3218 1071 3268 Cicero
1116 3217 1177 3266 de
1203 3219 1431 3267 Amicitia
1451 3255 1466 3281 ,
1496 3233 1602 3281 cap.
1693 3227 1880 3265 tantum
1905 3216 2177 3279 cogitasset.

591 3296 654 3344 15
671 3332 686 3357 ‚
704 3297 877 3345 tribuit
900 3298 1166 3361 Tarquinio
1194 3298 1295 3361 regi
1331 3297 1602 3360 superbiam
1760 3298 1849 3342 vl.
1877 3311 1924 3344 1.
1949 3297 2020 3342 At
2035 3329 2050 3354 ‚
2075 3295 2237 3342 credo.
2257 3296 2531 3359 Occupatio
2550 3305 2702 3342 orato-

587 3384 636 3423 et
668 3376 1100 3438 importunitatem.
1690 3374 1780 3422 ria.
1804 3376 2053 3421 Hactenus
2092 3384 2453 3437 argumentatus
2478 3384 2550 3421 est
2576 3390 2602 3420 a
2625 3390 2700 3419 ve-

664 3454 749 3502 16.
771 3457 830 3501 In
852 3470 927 3502 eo.
951 3457 1012 3502 In
1039 3471 1165 3502 eum.
1184 3480 1254 3490 —
1289 3454 1520 3503 Inveniri.
1546 3454 1607 3501 Id
1691 3452 1876 3500 risimili
1892 3487 1909 3513 ,
1942 3468 1973 3499 a
2001 3452 2239 3501 dedecore
2255 3487 2269 3511 ‚
2302 3469 2330 3499 a
2350 3452 2557 3509 damno;
2576 3468 2701 3499 nunc

587 3544 684 3591 est,
711 3533 932 3595 agnosci,
971 3532 1287 3595 deprehendi.
1693 3546 1721 3577 a
1748 3532 1966 3592 Deiotari
1989 3532 2241 3595 sapientia.

668 3628 749 3673 ¹7·
793 3606 947 3658 Multi
965 3608 1337 3675 eranefiniee'mi.
1370 3612 1442 3658 Ut
1460 3611 1608 3659 Sada·
1764 3626 1816 3659 a.
1851 3610 1969 3673 Quis
1995 3609 2201 3657 tectior?
2227 3612 2390 3657 Graev.
2409 3626 2436 3656 e
2464 3611 2595 3657 MSS
2622 3609 2704 3656 bo-

589 3692 635 3738 la
683 3706 769 3739 rex
797 3687 1047 3748 Thraci23
1088 3687 1435 3736 Ariobarzanes
1476 3690 1606 3753 Cap·
1693 3690 1768 3736 nis
1785 3724 1799 3746 ,
1820 3689 1930 3752 quis
1944 3687 2159 3736 rectior-1²
2180 3690 2261 3736 Sic
2286 3689 2431 3737 etiam
2457 3689 2654 3737 Inllem.
2678 3704 2706 3734 e

589 3769 844 3834 padociae;
878 3766 1284 3815 Tarcondimotus
1324 3769 1475 3832 partis
1515 3785 1600 3817 cu·
1695 3766 1841 3815 codd.
1869 3767 2029 3830 regiis.
2056 3770 2105 3815 J.
2123 3770 2186 3814 V.
2207 3770 2262 3814 L.

584 3846 775 3908 jusdam
821 3846 1039 3903 Ciliciam
1085 3846 1393 3896 Mithridates
1431 3849 1601 3913 Perga·
1765 3848 1811 3894 3.
1837 3846 2140 3893 Prudentior.
2173 3848 2334 3907 Quam
2361 3848 2405 3893 ei
2440 3845 2704 3910 prudentiae

588 3942 783 3984 menns,
814 3927 894 3973 cui
931 3928 1089 3975 Caesar
1127 3927 1366 3974 Armeniae
1393 3927 1601 3975 Minoris
1687 3925 1880 3973 laudem
1903 3926 2008 3987 ipse
2029 3924 2332 3972 concedebat
2359 3926 2539 3985 Caesar,
2565 3934 2619 3971 ut
2638 3927 2704 3970 vi·

591 4021 790 4069 reguum
845 4000 1102 4054 tradiderat
1120 4042 1135 4067 ,
1170 4006 1285 4052 item
1324 4007 1601 4054 Ariarathes
1690 4004 1802 4052 dere
1822 4013 1893 4050 est
1921 4003 1973 4049 in
1994 4006 2319 4066 Argumentu-

588 4083 927 4134 Ariobarzanis
952 4084 1112 4132 frater.
1761 4089 1811 4136 4.
1836 4085 2145 4145 Quamquam
2167 4081 2261 4129 Itoc
2277 4082 2385 4129 Ioco
2405 4082 2704 4147 Dejoeamm.

663 4179 683 4210 1
695 4164 936 4212 &amera
950 4178 1002 4210 se
1019 4179 1163 4211 unum
1183 4162 1401 4211 excitare
1413 4169 1439 4209 ,ν’
1453 4164 1603 4210 Victo
1692 4160 1912 4208 oratoria
1941 4161 2181 4208 correctio
2197 4194 2211 4217 ‚
2242 4176 2399 4208 causae
2436 4176 2704 4209 accommo-
