2994 4778
907 455 1661 525 ARGUMENTUM.
2212 477 2348 551 297

313 581 593 639 Romanis
622 578 989 639 interdictum
1012 582 1104 652 sit,
1126 600 1201 639 ne
1233 600 1403 658 quem
1431 580 1747 640 adsciscere
1776 578 1978 653 civem,
1995 592 2095 637 aut
2120 578 2350 638 civitate

314 678 527 736 donare
559 678 810 756 possint,
847 698 972 757 cap.
1001 681 1089 737 13.

391 777 633 833 Exstat-e
671 774 906 852 quidem
946 775 1204 853 quaedam
1235 773 1452 833 soedera
1479 793 1616 833 cum
1650 773 1883 853 populis
1922 771 2241 844 nonnullis,
2291 772 2349 830 in

323 872 533 949 quibus
555 884 857 947 exceptum
886 869 959 928 sit
976 913 994 941 ‚
1023 889 1096 928 ne
1121 869 1251 947 quis
1276 888 1477 928 eorum
1507 889 1542 927 a
1565 869 1839 928 Romanis
1860 867 2000 926 civis
2018 866 2349 947 recipiatur.

310 976 611 1047 Nusquam
647 989 789 1026 vero
830 967 1043 1026 foedere
1088 968 1377 1028 Gaditano
1415 967 1529 1027 hoc
1557 980 1861 1046 exceptum
1889 986 2047 1036 esse,
2075 986 2143 1024 ac
2169 965 2353 1025 sicubi

304 1080 494 1137 esset,
536 1063 595 1123 id
625 1084 748 1122 esse
778 1064 901 1140 lege
928 1064 1110 1122 Gellia
1136 1077 1196 1122 et
1222 1065 1489 1123 Cornelia
1519 1063 1827 1122 sublatum.
1866 1065 1937 1119 Et
1964 1062 2236 1140 quoniam
2258 1061 2352 1122 hic

304 1177 615 1223 accusator
648 1161 874 1219 dixerat
896 1202 912 1230 ‚
958 1174 1262 1239 exceptum
1311 1182 1432 1221 esse
1474 1161 1665 1238 siquid
1701 1174 2123 1220 sacrosanctum
2172 1174 2355 1233 esset,

304 1261 521 1319 Cicero
562 1271 731 1336 negat
764 1256 982 1334 aliquid
1023 1256 1306 1334 ejusmodi
1344 1277 1466 1316 esse
1504 1268 1839 1335 exceptum3
1883 1257 1944 1314 in
1982 1256 2193 1315 soedere
2226 1277 2356 1316 cum

303 1353 615 1413 Gaditanis
638 1351 780 1411 nihil
804 1372 926 1411 esse
947 1367 1178 1411 cautum
1207 1366 1418 1431 praeter
1442 1373 1639 1431 pacem
1655 1396 1673 1425 ,
1701 1351 1958 1411 additum
1985 1353 2157 1412 etiam
2185 1352 2359 1423 illud,

309 1465 381 1510 ut
402 1448 763 1526 majestatem
782 1449 865 1507 illi
890 1450 1093 1527 populi
1122 1450 1342 1508 romani
1368 1469 1710 1508 conservare
1731 1449 2040 1521 deberent,
2055 1470 2184 1527 quae
2205 1461 2361 1508 certe

309 1549 703 1617 minueretur,
737 1548 785 1605 si
822 1559 921 1605 aut
947 1546 1311 1624 adjutoribus
1337 1547 1570 1605 illorum
1597 1546 1821 1605 civibus
1854 1547 1911 1604 in
1941 1546 2106 1605 bele
2131 1547 2213 1606 uti
2236 1552 2356 1606 Ro-

315 1646 496 1702 manis
523 1664 645 1702 non
670 1644 900 1713 liceret,
932 1656 1031 1701 aut
1061 1643 1122 1702 hi
1151 1644 1372 1722 praemii
1395 1644 1508 1702 illis
1533 1642 1825 1702 tribuendi
1852 1657 2192 1723 potestatem
2221 1624 2356 1703 nul·-

314 1743 426 1800 lam
450 1739 767 1812 haberent,
794 1758 921 1817 cap.
955 1742 1148 1807 14-16.

389 1843 679 1897 Praeterea
715 1836 871 1915 ipsos
913 1836 1266 1907 Gaditanos,
1304 1836 1592 1895 civitatem
1635 1835 1810 1895 Balbo
1846 1836 2038 1895 datam
2066 1837 2359 1895 voluntate

306 1954 446 2006 sua,
476 1933 822 1991 auctoritate
840 1974 857 2000 ,
881 1931 1162 2010 legatione
1184 1933 1309 2010 ipsa
1335 1931 1755 2011 comprobare;
1787 1931 1984 1992 adesse
2010 1934 2161 1991 enim
2190 1933 2358 2011 prin-

307 2032 473 2110 cipes
500 2050 705 2089 eorum
722 2072 740 2100 ,
771 2030 873 2108 qui
908 2028 1151 2088 Balbum
1188 2049 1383 2088 amore
1415 2043 1479 2087 ut
1504 2049 1671 2088 suum
1695 2030 1877 2087 civem
1898 2073 1915 2101 ‚
1942 2030 2270 2088 testimonio
2294 2042 2360 2087 ut

309 2134 679 2197 Romanum,
723 2127 914 2185 officio
943 2141 1008 2185 ut
1033 2126 1352 2206 hospitem,
1391 2127 1583 2185 studio
1614 2138 1676 2184 ut
1706 2125 2065 2184 defensorem
2099 2145 2357 2184 commo-

310 2225 522 2285 dorum
552 2243 787 2282 suorum
816 2222 1154 2295 defendant,
1184 2242 1309 2301 cap.
1341 2243 1540 2299 17-19.

391 2324 661 2402 Denique
689 2322 996 2382 foederatos
1023 2322 1252 2380 civitate
1282 2321 1528 2381 donatos
1557 2341 1677 2381 esse
1706 2318 2121 2400 comprobatur
2155 2335 2358 2397 aucto-

321 2422 579 2480 ritatibus
608 2421 1019 2499 imperatorum
1040 2464 1057 2492 ‚
1087 2419 1279 2479 bellici
1308 2420 1458 2497 juris
1480 2420 1955 2498 peritissimorum
1972 2419 2125 2500 (cap.
2152 2417 2360 2497 20-22)

311 2518 567 2596 judicum
596 2518 892 2577 sententiis
914 2557 933 2585 ‚
963 2530 1022 2575 et
1057 2516 1261 2597 populi
1304 2518 1530 2575 romani
1568 2537 1636 2575 ac
1679 2529 1910 2576 senatus
1922 2516 2192 2594 judiciis,
2229 2535 2357 2593 cap.

316 2617 387 2673 23
404 2659 422 2688 ,
471 2624 568 2684 αἱ..

386 2718 540 2772 Tum
577 2710 833 2770 breviter
865 2710 1106 2770 leviores
1134 2710 1409 2788 quasdam
1437 2709 1913 2789 reprehensiones
1947 2709 2125 2787 tangit
2159 2707 2233 2767 ab
2260 2708 2358 2767 in-

311 2808 467 2867 vidia
491 2821 554 2867 et
580 2807 971 2867 malivolentia
999 2806 1315 2885 profectas3
1344 2806 1628 2885 objectam
1656 2808 1808 2865 enim
1833 2826 1955 2865 esse
1977 2807 2156 2864 Balbo
2182 2826 2359 2884 pecu·

310 2907 501 2978 niam,
540 2905 862 2976 luxuriam,
902 2905 1327 2977 Tusculanum,
1361 2903 1578 2963 tribum
1619 2903 2074 2975 Crustuminam‚
2112 2902 2361 2981 denique

312 3003 657 3081 Theophani
690 3001 1093 3081 adoptionem,
1124 3021 1250 3080 cap.
1283 3002 1375 3060 25.
1422 3006 1587 3061 Hanc
1631 3015 1820 3060 autem
1861 3000 2139 3060 invidiam
2183 3000 2361 3078 magis

313 3099 391 3157 ad
421 3098 578 3158 Balbi
607 3100 822 3158 amicos
843 3111 901 3157 et
928 3099 1211 3170 fautores,
1239 3099 1505 3177 inprimis
1533 3097 1606 3156 ad
1637 3098 1973 3175 Pompeium
1996 3110 2054 3156 et
2080 3101 2358 3156 Caesarem

309 3196 627 3275 pertinere3
655 3215 907 3273 quorum
938 3195 1186 3253 amicitia
1217 3194 1398 3254 Balbo
1426 3206 1764 3252 ornamento
1786 3193 1980 3272 potius
2009 3213 2181 3271 quam
2205 3194 2359 3252 cala-

306 3292 494 3351 mitati
521 3313 644 3352 esse
672 3291 913 3363 debeat,
942 3311 1065 3369 cap.
1098 3292 1203 3362 26,
1237 3309 1332 3363 27.

396 3395 694 3448 Postremo
726 3387 983 3447 breviter
1020 3387 1277 3464 repetitis
1305 3386 1657 3464 argumentis
1684 3385 1848 3446 Balbi
1884 3405 2113 3446 causam
2151 3386 2355 3446 huma-

306 3485 473 3544 nitati
490 3486 754 3565 judicum
780 3484 1169 3555 commendat,
1196 3504 1323 3563 cap.
1349 3484 1443 3541 28.
