2994 4778
549 445 947 515 ORATIO
1001 450 1204 518 PRO
1254 451 1329 518 C.
1368 455 1452 519 R.
1507 453 2019 525 POSTUMO.
2201 459 2345 546 435

220 566 439 635 etiam
496 566 574 634 in
623 565 1010 637 devotione
1056 570 1268 654 vitae,
1310 585 1383 640 et
1436 573 1509 640 in
1568 573 1726 669 ipso
1781 598 2043 669 genere
2095 586 2350 655 mortis

215 676 546 746 imitatus
597 691 701 747 est
750 682 821 747 P.
877 680 1261 749 Decium¹²
1320 679 1531 752 filius.
1584 686 1738 754 Sint
1794 686 2009 781 igitur
2061 689 2344 778 similia,

212 786 542 881 judices,
589 811 810 884 parva
845 790 1142 884 magnis.

325 900 417 965 11.
468 897 630 966 Fuit
677 902 904 980 enim,
950 899 1188 994 pueris
1235 900 1490 985 nobiS,
1532 900 1750 997 hujus
1793 918 2036 1002 pater¹
2087 912 2163 977 C.
2205 914 2348 981 Cu-

219 1007 417 1092 rius,
445 1006 785 1104 princeps
818 1005 1089 1078 ordinis
1117 1011 1505 1105 equestri5‚
1536 1010 2006 1086 fortissimus²
2038 1031 2110 1088 et
2135 1026 2352 1090 maxi·

224 1138 393 1183 mus
429 1113 897 1211 publicanus;
943 1118 1149 1212 cujus
1188 1120 1258 1188 in
1296 1122 1602 1216 negotiis
1638 1125 1970 1218 gerendis
1998 1131 2351 1224 magnitu-

220 1222 475 1294 dinem
525 1227 742 1295 animi
795 1252 941 1297 non
996 1243 1140 1298 tam
1188 1229 1517 1301 homines
1571 1231 2034 1329 probassent,
2082 1241 2217 1308 nisi
2274 1243 2348 1311 in

220 1333 486 1404 eodem
522 1334 927 1430 benignitas
970 1336 1408 1410 incredibilis
1454 1339 1742 1429 fuisset3
1788 1358 1867 1413 ut
1906 1347 1980 1415 in
2024 1349 2350 1444 augenda

221 1468 306 1514 re
335 1468 486 1514 non
520 1445 822 1514 avaritiae
858 1445 1207 1542 praedam,
1242 1447 1367 1519 sed
1402 1451 1963 1523 instrumentum
1985 1453 2013 1498 ³
2047 1455 2351 1529 bonitati

223 1578 552 1649 quaerere
581 1553 964 1625 videretur.
1017 1562 1170 1626 Hoc
1213 1557 1375 1628 ille⁴
1414 1573 1663 1647 natus,
1707 1566 2032 1658 quamvis
2074 1581 2349 1664 patrem

137 1704 140 1705 ν
225 1688 441 1735 suum
475 1689 873 1761 numquam
904 1664 1208 1753 viderat,
1246 1682 1486 1740 tamen
1516 1685 1587 1741 et
1620 1688 1874 1743 natura
1908 1673 2107 1772 ipsa⁵
2148 1676 2352 1766 duce,

224 1798 390 1869 quae
432 1774 826 1872 plurimum
864 1776 1085 1862 valet,
1136 1791 1207 1847 et
1253 1778 1553 1851 assiduis
1597 1780 2157 1856 domesticorum
2203 1812 2350 1859 ser-

223 1883 591 1969 monibus,
614 1887 686 1953 iu
707 1900 1019 1982 paternae
1045 1888 1201 1956 vitae
1222 1888 1810 1961 similitudinem⁶
1837 1892 2190 1967 deductus
2218 1913 2345 1968 est.

223 1993 453 2065 Multa
498 1996 762 2092 gessit;
811 1997 1038 2066 multa
1089 1999 1532 2088 contraxit⁷;
1578 2025 1867 2098 magnas
1922 2019 2160 2101 partes
2220 2008 2349 2078 ha-

222 2211 415 2260 Francii
444 2212 602 2273 MSS,
626 2227 718 2259 nec
742 2212 794 2258 in
828 2210 1041 2259 editione
1083 2212 1236 2274 prima
1291 2190 1299 2199 ο

222 2290 432 2340 mediol.
483 2292 685 2338 Ascens.
738 2289 948 2338 Forben.
995 2290 1205 2337 ‘Victorii
1222 2325 1236 2350 ,

222 2370 430 2419 Manutii
451 2369 767 2433 conspicitur,
791 2378 840 2416 et
866 2367 1117 2416 delendam
1143 2382 1239 2433 pu-

223 2461 296 2499 tat
319 2452 553 2499 Graevius.

297 2546 383 2578 12.
406 2532 464 2577 P.
484 2528 702 2576 Decium.
721 2527 881 2576 Valet.
905 2529 1039 2575 Max.
1062 2547 1088 2568 α
1105 2526 1239 2588 Quid

218 2610 345 2658 ultra
378 2609 576 2673 [inquit
595 2605 725 2654 filius
743 2616 927 2670 patrem
958 2608 1009 2652 P.
1037 2607 1238 2653 Decium

218 2689 423 2736 nomine
451 2686 745 2751 compellans
770 2682 788 2751 J
823 2700 986 2732 moror
1011 2684 1240 2731 familiare

219 2768 410 2815 satum?
434 2767 613 2812 Datum
636 2764 732 2812 boc
757 2774 927 2810 nostro
955 2764 1116 2825 generi
1137 2773 1210 2811 est
1225 2798 1239 2821 ,

220 2856 276 2893 ut
315 2843 511 2892 luendis
546 2842 774 2907 periculis
808 2841 1018 2906 publicis
1051 2842 1240 2905 piacula

217 2926 393 2971 aimus.
430 2924 597 2985 Itaque
633 2937 783 2984 quum
823 2919 1057 2985 pontifice
1092 2919 1238 2967 verba

217 3012 471 3068 praeennte
506 3016 607 3048 sese
643 2999 946 3060 devovisset,
985 3014 1079 3063 qua
1123 3015 1239 3046 con-

216 3081 522 3129 fertissimam
555 3078 781 3128 cernebat
809 3079 1058 3126 Gallorum
1084 3079 1236 3126 aciem

217 3159 436 3207 concitat
461 3175 671 3222 equum,
707 3160 1018 3222 inserensque
1054 3174 1103 3206 se
1135 3160 1238 3222 ipse

213 3240 405 3287 infestis
421 3238 524 3286 telis
551 3239 829 3286 interfectus
854 3249 970 3286 estu.
987 3239 1108 3285 Haec
1139 3238 1238 3285 fere

216 3318 409 3377 Livius,
423 3327 473 3366 et
491 3317 589 3365 alii.
609 3318 782 3365 Cicero
798 3328 1024 3380 preterea
1047 3317 1098 3362 iu
1117 3327 1253 3364 oran

215 3413 308 3461 pro
333 3400 471 3446 Sext.
489 3407 538 3444 et
553 3397 605 3443 in
624 3395 796 3444 Parad.

287 3479 352 3524 11.
390 3492 434 3524 1.
463 3475 615 3541 Hujus
629 3485 779 3540 pater
800 3475 851 3521 C.
883 3475 1069 3523 Curius.
1101 3476 1239 3524 Pater

215 3566 387 3603 natura
421 3555 638 3612 scilicet,
674 3571 822 3618 quum
855 3554 1120 3618 adoptione
1151 3570 1237 3617 pa-

217 3646 335 3682 trem
387 3633 587 3681 haberet
639 3633 890 3680 Rabirium
942 3633 1238 3680 avunculum

213 3729 355 3761 auum
374 3751 390 3777 ,
413 3725 469 3762 ut
491 3714 546 3760 in
571 3723 783 3761 extrema
819 3712 1040 3760 oratioue
1066 3712 1236 3760 Cicero

211 3794 316 3857 ipse
341 3805 520 3841 narrat.

286 3888 338 3921 2.
361 3871 682 3920 Fortissimus.
698 3874 866 3918 Fortes
888 3870 1133 3928 dicuntur,
1154 3870 1238 3933 qui

211 3965 312 4000 non
350 3963 581 4000 verentur
605 3950 850 4015 pericula,
880 3960 929 3997 et
969 3948 1242 3996 inimicitias

213 4032 353 4079 etiam
373 4031 635 4079 hominum
661 4029 934 4093 potentium
963 4026 1242 4092 reipublice

211 4125 350 4159 causa
365 4111 637 4174 suscipere.
661 4135 718 4144 --
747 4106 999 4154 Maximus
1015 4142 1032 4164 ,
1064 4106 1117 4152 id
1140 4117 1237 4165 est,

207 4189 590 4254 publicanorum
615 4201 775 4234 rerum
799 4186 1131 4247 peritissimus.

1397 2210 1445 2261 3.
1483 2215 1858 2261 lustramentum
1895 2216 2117 2267 bonitati.
2157 2220 2215 2268 Id
2252 2233 2352 2281 est,

1324 2290 1596 2338 facultatem
1618 2291 1918 2341 liberalitatis
1934 2298 2230 2347 exercenda.
2265 2304 2347 2349 In·

1325 2378 1644 2444 strumentum
1665 2382 1855 2433 vocant,
1872 2373 2006 2437 qnod
2040 2393 2168 2425 nunc
2189 2378 2309 2428 boni
2326 2415 2342 2441 ,

1325 2464 1456 2495 nunc
1473 2449 1587 2496 mali
1609 2450 1848 2499 rationem
1868 2452 2030 2501 habet.

1397 2536 1445 2582 4.
1473 2530 1579 2575 Hoc
1602 2528 1684 2576 ille
1705 2541 1859 2579 naeres.
1886 2533 2085 2581 Initium
2112 2537 2347 2584 narratio-

1326 2607 1436 2668 nis;
1471 2623 1645 2672 nempe
1673 2624 1845 2673 genera
1883 2609 1983 2660 duo
2014 2614 2345 2661 narrationum

1327 2702 1427 2733 esse
1454 2685 1654 2745 Fabius,
1677 2687 1764 2736 lib.
1790 2691 1878 2747 lv,
1899 2706 2007 2754 cap.
2035 2706 2064 2737 a
2080 2724 2096 2750 ,
2117 2701 2350 2752 testatum

1325 2764 1458 2812 aliud
1470 2781 1620 2829 genus
1637 2769 1967 2816 narrationum
1985 2785 2174 2817 causam
2194 2786 2348 2834 expo-

1325 2859 1466 2901 nere,
1494 2845 1628 2892 aliud
1654 2862 1770 2895 vero
1796 2863 1874 2895 eas
1904 2864 2117 2914 restquae
2143 2850 2207 2897 ad
2233 2865 2347 2897 cau-

1325 2936 1425 2969 sam
1447 2936 1669 2987 spectant
1686 2962 1701 2987 ,
1724 2937 1780 2974 ut
1801 2928 1854 2974 in
1870 2928 1961 2976 hac
1978 2928 2082 2992 ipsa
2101 2929 2350 2979 Ciceronis

1327 3002 1550 3050 oratione
1565 3037 1581 3063 ,
1621 3019 1765 3067 quam
1801 3005 1883 3054 ille
1932 3016 2101 3053 testem
2141 3023 2200 3053 eo
2235 3008 2349 3055 loco
2400 2996 2412 3009 ’

1327 3081 1460 3130 citat.

1399 3161 1446 3208 5.
1487 3160 1677 3208 Natura
1712 3161 1817 3225 ipsa
1850 3163 1985 3211 duce.
2022 3164 2102 3210 Sic
2139 3180 2345 3227 prover-

1325 3237 1460 3285 bium
1480 3254 1492 3287 :
1518 3260 1543 3280 α
1560 3240 1758 3287 Naturae
1776 3242 1994 3304 sequitur
2012 3242 2194 3289 semina
2215 3245 2346 3308 quis-

1328 3333 1422 3382 que
1445 3333 1544 3364 suae
1563 3337 1606 3363 n.

1401 3398 1450 3444 6.
1489 3397 1612 3444 Vieae
1636 3394 2007 3448 similitudinem.
2046 3400 2126 3448 Sic
2155 3404 2345 3453 Erneat'.

1323 3487 1520 3523 auctore
1539 3479 1904 3535 Hottomanno,
1934 3493 2027 3542 pro
2047 3478 2216 3544 σπῖρα.
2246 3483 2345 3531 Ne-

1325 3571 1418 3619 que
1435 3566 1617 3614 tamen‚
1636 3556 1704 3602 ait
1716 3554 1901 3603 Weisk.
1918 3568 2040 3603 veta
2058 3567 2153 3605 tam
2174 3575 2339 3608 verum

1322 3645 1475 3698 puto,
1501 3650 1643 3698 quam
1671 3635 1831 3698 culpoe
1861 3634 2048 3684 falsum.
2078 3637 2189 3684 Alia
2215 3640 2345 3687 forte

1325 3727 1423 3759 vox
1444 3712 1579 3759 latet.

1399 3807 1446 3850 7.
1488 3791 1649 3838 Medea
1674 3791 1824 3854 gessit
1833 3809 1854 3846 ,·
1889 3793 2043 3840 multa
2077 3795 2344 3846 contraxit.

1325 3870 1503 3915 Gerere
1521 3867 1583 3914 ad
1605 3883 1658 3914 ea
1679 3870 1877 3931 proprie
1897 3871 2087 3933 negotia
2109 3870 2342 3935 pertinet,

1330 3962 1438 4010 quoe
1481 3961 1581 3992 non
1623 3945 1809 4001 verbis,
1858 3947 1945 3994 sed
1995 3965 2047 3996 re
2095 3962 2354 4011 coustant3

1330 4023 1612 4072 contrahere
1651 4034 1809 4071 autem
1848 4026 1911 4073 ad
1953 4043 2012 4075 ea
2048 4028 2180 4076 unde
2215 4031 2347 4078 ultro

1329 4104 1550 4167 citroque
1573 4101 1829 4165 'obligatio
1872 4106 2113 4164 nascitur,
2160 4107 2350 4155 scilicet

1327 4197 1476 4246 quum
1495 4181 1557 4230 de
1579 4182 1822 4242 emptione
1846 4193 1895 4230 et
1913 4183 2156 4230 locatione
2170 4185 2348 4246 agitur.

1998 4270 2107 4338 28.
