2994 4778
675 396 1072 464 ORATIO
1126 397 1238 466 IN
1289 396 1823 466 VATINIUM.
2178 401 2301 483 141

270 522 401 591 IV.
443 522 679 615 Atque
699 570 723 605 ,
756 531 839 588 ut
873 516 1262 615 aliquando
1293 514 1383 589 ad
1419 532 1493 589 te
1527 517 1807 588 veniam
1832 571 1853 605 ,
1886 516 1977 590 de
2010 543 2129 591 me
2165 517 2310 593 hoc

172 633 273 701 sit
326 643 751 700 extremum.
807 626 1003 718 Quid
1038 628 1347 726 quisque
1396 639 1725 698 nostrum
1772 625 1862 697 de
1898 651 1973 699 se
2014 629 2167 726 ipse
2209 631 2309 703 lo·

170 752 475 835 quatur,
522 762 678 808 non
727 750 838 809 est
878 760 1079 825 sane,
1118 761 1267 808 non
1314 750 1424 808 est
1473 735 2067 834 requirendum¹.
2129 741 2307 812 Boni

172 850 304 918 viri
322 846 660 945 judicent
687 875 706 917 ε
739 846 811 919 id
830 860 937 919 est
959 846 1248 917 maximi
1280 848 1632 917 momenti
1658 859 1731 917 et
1756 844 2124 944 ponderis.
2141 852 2309 921 Duo

167 971 340 1028 sunt
374 970 713 1054 tempora
729 967 785 1044 ²,
824 953 1094 1055 quibus
1135 970 1553 1053 nostrorum
1595 955 1860 1026 civium
1896 970 2314 1053 spectentur

163 1064 438 1159 judicia
469 1064 567 1138 de
603 1063 816 1138 nobis
842 1092 859 1136 ε
890 1090 1117 1137 unum
1157 1065 1490 1151 honoris,
1526 1064 1835 1137 alterum
1868 1066 2141 1139 salutiS.
2177 1073 2316 1140 Ho-

169 1202 301 1248 nos
323 1175 353 1220 3
388 1177 518 1248 tali
552 1177 803 1276 populi
831 1176 1112 1249 romani
1154 1174 1527 1248 voluntate
1566 1180 1813 1274 paucis
1847 1190 1956 1247 est
1992 1175 2310 1267 delatus,

170 1311 243 1358 ac
292 1287 516 1371 mihi3
557 1285 746 1358 salus
786 1300 989 1357 tanto
1024 1283 1318 1357 studio4
1354 1286 1656 1357 civitatis
1695 1286 1965 1356 nemini
2000 1285 2305 1359 reddita.

170 1399 269 1467 De
294 1411 371 1468 te
404 1409 655 1468 autem
687 1396 1016 1467 homines
1047 1394 1223 1493 quid
1250 1396 1596 1483 sentiant,
1623 1395 1699 1465 in
1727 1394 2006 1466 honore
2025 1399 2305 1495 experti

172 1500 501 1592 sumus⁵;
547 1508 621 1575 in
657 1504 922 1591 salute,
962 1500 1527 1601 exspectamusss.
1586 1503 1724 1576 Sed
1769 1518 2013 1576 tamen
2059 1530 2151 1577 ne
2191 1531 2307 1579 me

174 1637 330 1685 cum
376 1613 496 1685 his
534 1611 984 1712 principibus
1024 1613 1365 1701 civitatis,
1404 1612 1533 1710 qui
1573 1612 1834 1683 adsunt
1872 1618 1950 1685 P.
1989 1616 2234 1687 Sextio
2254 1629 2306 1701 7,

176 1722 290 1795 sed
316 1740 407 1795 ut
432 1748 608 1795 cum
639 1717 971 1794 homine⁸
1000 1747 1149 1793 uno
1181 1721 1363 1822 [non
1385 1720 1647 1819 solum]
1685 1722 2307 1821 impudentissimo

178 1846 384 1929 atque
418 1830 684 1904 infimo
725 1830 1088 1904 conferam
1129 1859 1145 1901 ε
1188 1832 1282 1905 de
1317 1847 1388 1904 te
1426 1836 1623 1930 ipso,
1663 1832 1959 1904 homine
2001 1846 2073 1904 et
2110 1858 2306 1905 arro-

178 1944 594 2037 gantissimo
610 1997 631 2032 ,
645 1958 719 2014 et
736 1941 914 2013 mihi
931 1943 1425 2016 inimicissimo
1437 1995 1457 2030 ,
1484 1966 1756 2038 quaero,
1774 1943 2037 2032 Vatini,
2059 1958 2305 2015 utrum

179 2051 465 2124 tandem
482 2066 700 2150 putes
716 2106 737 2138 ,
751 2052 922 2122 huic
953 2051 1437 2140 civitati‚huic
1462 2050 1901 2149 reipublicae,
1921 2052 2095 2123 huic
2111 2051 2301 2141 urbi,

180 2158 278 2231 his
294 2161 625 2259 templis,
652 2162 927 2251 aerario,
954 2164 1169 2232 curiae
1186 2215 1206 2249 ,
1230 2163 1401 2232 viris
1428 2161 1567 2250 his,
1592 2185 1778 2258 quos
1793 2161 2019 2249 vides,
2038 2162 2303 2235 horum

179 2265 414 2358 bonis,
447 2270 800 2355 sortuniS,
835 2268 1116 2357 liberis,
1144 2269 1420 2341 civibus
1446 2270 1703 2341 ceteris
1724 2326 1744 2360 ‚
1779 2269 2094 2370 denique
2129 2271 2301 2344 deo-

177 2405 341 2452 rum
382 2381 904 2480 immortalium
959 2379 1313 2470 delubris,
1368 2380 1702 2478 auspiciis
1728 2435 1749 2468 ,
1795 2380 2303 2479 religionibus,

179 2489 433 2564 melius
458 2492 680 2566 fuisse
708 2506 779 2564 et
814 2491 1277 2591 praestabilius
1299 2547 1319 2577 ,
1337 2516 1455 2562 me
1482 2491 1706 2563 civem
1746 2492 1822 2561 in
1849 2491 1986 2563 hac
2019 2493 2305 2565 civitate

178 2604 403 2690 nasci,
439 2627 530 2674 an
586 2603 707 2675 te?
764 2604 1013 2693 Quum
1050 2601 1230 2671 mihi
1270 2601 1422 2673 haec
1477 2598 1983 2700 responderis,
2039 2616 2164 2672 aut
2209 2605 2307 2672 ita

174 2707 726 2807 impudenter9,
772 2725 855 2781 ut
913 2735 1168 2781 manus
1213 2735 1253 2782 a
1307 2724 1380 2783 te
1424 2710 1754 2781 homines
1790 2711 1908 2780 vix
1946 2708 2305 2782 abstinere

173 2851 243 2901 dit
275 2870 401 2914 ene,
432 2852 706 2904 dummodo
743 2855 795 2902 iu
827 2855 1080 2902 'Vatinium
1121 2853 1195 2901 in-

168 2932 452 2989 jicereutur.

234 3012 328 3061 lv.
365 3028 411 3059 ι.
439 3011 559 3059 Non
583 3023 657 3060 ese
678 3011 1036 3076 requirendum.
1056 3011 1192 3060 Vati-

171 3089 303 3138 n‘m
329 3092 728 3154 vituperatum,
764 3107 816 3139 se
852 3091 958 3155 ipse
990 3090 1192 3153 corrigit

173 3180 354 3226 mator,
394 3169 533 3233 quod
574 3181 773 3218 coactus
808 3169 952 3218 fuerit
995 3169 1047 3217 iu
1081 3184 1190 3216 suas

170 3245 334 3297 huda
359 3264 634 3298 excurrere.

232 3343 284 3376 2.
312 3330 433 3376 Duo
478 3338 595 3375 sune
632 3338 874 3391 tempora.
912 3328 1081 3390 Quum
1105 3336 1190 3374 aut

172 3402 227 3452 ad
262 3411 575 3470 magistram
615 3404 912 3453 obtinendo·
953 3404 1189 3452 ambimus

172 3485 341 3549 populi
363 3484 594 3548 unffi-agia
614 3516 631 3542 ,
670 3494 755 3531 eut
778 3499 930 3548 quum
954 3483 1032 3531 die
1058 3483 1189 3531 dicta

173 3563 308 3611 nohis
336 3565 401 3613 ab
432 3564 802 3614 accusatoribus
838 3564 891 3612 iu
924 3565 1194 3629 periculum

174 3644 343 3706 eapitis
368 3643 683 3693 adducimur.

244 3717 297 3771 3.
325 3725 509 3772 Honos.
546 3722 869 3773 Pauciuimos
892 3720 1022 3769 enim
1058 3721 1194 3770 Italia

173 3798 391 3849 τιεῖναι·
410 3838 425 3860 ,
474 3818 578 3849 nou
635 3801 775 3866 prius
821 3800 997 3849 tabella
1045 3816 1188 3864 quam

171 3892 295 3926 voce
316 3880 528 3945 priorem
555 3879 808 3928 consulem
834 3878 1110 3927 declaravit.

241 3965 292 4014 4.
314 3959 455 4006 διὲκ
482 3953 629 4007 tanto
668 3956 848 4008 studio.
879 3956 957 4005 Nc
981 3957 1055 4006 M.
1084 3957 1192 4021 qui·

169 4036 280 4085 dem
301 4038 556 4102 Pompilio
570 4070 588 4096 ‚
609 4039 674 4101 Q.
697 4036 930 4095 Metello,
955 4036 1014 4085 C.
1035 4037 1197 4084 Mario

168 4116 295 4163 salu,
317 4129 402 4164 eat
417 4116 609 4163 reddita
629 4126 768 4164 tauto
789 4116 952 4164 studio
968 4114 1197 4164 civitatis.

1355 2857 1406 2904 5.
1435 2855 1648 2920 Experti
1673 2871 1849 2904 sumus.
1878 2856 2041 2917 Quum
2081 2854 2134 2903 iu
2170 2871 2306 2919 qun·

1281 2946 1412 2984 stura
1452 2946 1727 3000 postremus
1774 2934 2078 2982 renuntiatus
2129 2950 2213 2994 ee,
2253 2934 2307 2982 in

1280 3014 1508 3063 aedilitate
1531 3014 1774 3078 repulsam
1800 3012 1972 3061 tulisti.

1349 3094 1400 3143 6.
1438 3093 1806 3156 Exspectamus.
1845 3091 2065 3138 AEmiliua
2090 3102 2139 3138 et
2175 3090 2302 3138 Lici-

1279 3172 1390 3219 nius
1429 3186 1610 3218 nomeu
1637 3172 1740 3232 ejus
1781 3168 1968 3217 deferre
2004 3180 2105 3216 tum
2149 3169 2306 3234 parati

1276 3259 1413 3298 eraut
1435 3263 1450 3296 ε
1475 3258 1526 3296 et
1551 3249 1778 3311 augurari
1805 3246 2023 3307 videtur,
2045 3256 2101 3294 ut
2138 3247 2190 3295 in
2216 3246 2308 3295 ali·

1276 3344 1424 3393 quam
1452 3327 1649 3393 diguam
1674 3324 1942 3375 sceleribus
1976 3327 2076 3374 suis
2112 3324 2302 3373 calami-

1278 3418 1421 3456 tatem
1444 3405 1672 3454 Vatinius
1707 3404 1913 3453 incidat.

1347 3489 1403 3548 ⁴7.
1425 3484 1619 3536 Abeunt
1654 3484 1801 3532 verbe
1830 3483 1934 3531 hoec
1952 3518 1968 3542 ,
1990 3504 2012 3527 ι
2031 3482 2127 3531 Sed
2148 3495 2308 3533 tamen
2373 3459 2378 3466 .
2423 3455 2428 3462 ι

1282 3580 1344 3613 ne
1363 3581 1440 3612 me
1451 3598 1606 3614 .....
1635 3563 1806 3612 Sextio
1823 3584 1849 3603 ι·
1866 3596 1882 3622 ,
1920 3561 1981 3610 eb
2004 3561 2083 3612 ed.
2112 3562 2312 3611 Gruteri
2391 3627 2396 3632 .

1283 3655 1334 3692 et
1358 3643 1525 3692 multis
1559 3651 1682 3691 vett.
1705 3641 1831 3689 aliis.
1859 3640 2109 3689 Addidere
2134 3641 2302 3689 anb.

1284 3734 1333 3771 et
1352 3725 1516 3771 Graev.
1538 3739 1565 3770 e
1591 3722 1733 3770 Mss.
1774 3722 1917 3784 Quos
1943 3721 2063 3767 Em.
2097 3729 2144 3766 et
2181 3720 2307 3767 Lan.

1286 3802 1479 3865 sequuti
1502 3809 1631 3849 sunt.
1649 3801 1681 3847 J
1690 3801 1777 3847 .V.
1795 3799 1851 3846 1..

1353 3881 1403 3928 8.
1430 3878 1533 3927 Alii
1552 3912 1570 3940 ,
1595 3897 1618 3920 ι
1637 3886 1684 3924 et
1702 3909 1719 3936 ,
1745 3887 1802 3924 ut
1827 3886 1876 3923 te
1903 3891 2015 3924 cum
2043 3874 2265 3924 homine.
2284 3897 2309 3916 ··

1280 3959 1315 4007 J
1320 3994 1333 4007 .
1354 3959 1421 4004 V.
1444 3956 1503 4003 1..

1357 4051 1409 4100 9.
1437 4036 1521 4083 lca
1558 4032 1876 4100 impudenter.
1914 4035 1986 4081 Te
2016 4032 2136 4081 mibi
2179 4043 2314 4080 ente·

1286 4113 1537 4179 ponendo.
