2994 4778
662 384 703 457 5
713 385 798 457 52
1310 391 1368 456 A
1384 392 1445 457 R
1460 389 1528 457 G
1542 390 1607 457 U
1622 387 1771 456 ME
1783 387 1845 455 N
1861 388 1992 455 TU
2002 389 2096 457 Μ.

810 511 897 564 Ea·
921 510 1010 564 est
1029 505 1222 567 oratio
1251 526 1428 585 quani
1448 506 1511 566 in
1530 505 1778 573 maxima
1804 524 2036 584 semper
2057 503 2442 564 admiratione
2468 519 2771 577 versatam,

731 584 802 662 ae
823 600 1064 665 summis
1097 601 1360 669 omnium
1397 598 2027 680 temporum-laudibus
2055 598 2420 673 celebratam,
2451 613 2771 659 transverso

728 699 963 758 calamo-
1000 712 1167 759 notat
1200 698 1626 777 Jaculatouille
1656 697 1885 769 audax..
1921 698 2171 759 ,wolfius
2196 698 2446 773 scilieet,
2492 727 2518 752 ιι
2549 700 2769 759 inanem

724 797 1026 877 appellans
1053 817 1290 871 rernm3
1319 797 1835 869 verbis,·formulis
1851 838 1875 869 ,
1917 797 2439 856 constructionibus
2482 818 2640 877 saepe
2680 799 2769 855 vix

732 894 998 967 latinam3
1045 895 1107 953 in
1157 907 1278 955 tota
1326 893 1747 979 compositione
1794 894 2049 972 ineptam
2069 937 2088 968 ,
2131 894 2389 966 stultam,
2434 893 2767 965 ridiculam,

729 989 983 1068 denique
1009 992 1171 1050 fatuo
1207 992 1470 1070 principe
1487 1033 1509 1063 ,
1526 1052 1529 1057 ,
1549 990 1795 1050 Claudio
1817 1036 1835 1066 ,
1863 1010 2041 1069 quam
2076 990 2359 1051 Cicerone
2387 990 2709 1069 digniorem
2731 1018 2769 1049 ι.

641 1116 644 1117 ’
730 1090 854 1146 Nos
875 1099 1084 1145 nutem
1118 1106 1238 1145 nou
1263 1087 1557 1151 hominem
1594 1106 1904 1165 sequemur
1940 1086 2296 1165 professoria
2342 1087 2539 1165 lingua
2578 1100 2638 1146 et
2668 1087 2769 1146 de-

731 1183 985 1242 cretorio
1017 1183 1245 1261 judicio
1280 1185 1536 1258 fretum,
1587 1196 1645 1243 et
1680 1182 2052 1262 quadruplici
2070 1226 2090 1255 ,
2135 1195 2198 1242 ut
2234 1182 2355 1243 sibi
2396 1183 2657 1255 videtur,
2699 1183 2769 1242 de

728 1278 1093 1339 orationibus
1137 1293 1273 1358 post
1307 1279 1567 1343 reditum
1605 1279 1901 1358 triumpho
1942 1280 2194 1339 ferocem
2225 1301 2243 1337 ε
2281 1279 2584 1340 caedemus
2600 1322 2632 1348 ,«
2654 1299 2765 1338 non

655 1402 670 1417 ·
727 1376 1078 1453 conjecturis
1095 1377 1356 1455 aliquot,
1391 1389 1452 1435 et
1477 1375 1775 1439 audaciori
1815 1376 2147 1454 arrogantia
2167 1421 2185 1449 ,
2224 1374 2566 1436 labefactari
2596 1396 2765 1455 posse

724 1479 1004 1533 Veterum
1041 1472 1162 1532 fide
1211 1494 1279 1533 ac
1327 1475 1751 1534 Recentiorum
1787 1473 2171 1533 admiratione
2219 1472 2539 1537 subnixum
2584 1494 2725 1553 opus
2743 1518 2761 1547 ,

725 1582 818 1642 et,
850 1582 929 1628 ut
954 1569 1136 1629 Gallis
1167 1570 1233 1627 in
1270 1569 1453 1629 verba
1480 1572 1657 1630 unius
1676 1571 1941 1649 magistri
1965 1569 2164 1648 jurare
2202 1589 2322 1629 nou
2353 1571 2629 1629 usitatum
2652 1584 2761 1643 est,

726 1666 1089 1743 magnificum
1117 1663 1262 1724 illud
1297 1669 1446 1745 grati
1481 1667 1658 1731 animi
1696 1681 1759 1726 et
1796 1667 2251 1746 eloquentissimi
2289 1668 2543 1747 impetus
2566 1688 2762 1726 monu-

724 1774 981 1819 mentum
997 1758 1135 1818 ideo
1162 1780 1283 1820 oon
1303 1762 1506 1820 mirari
1531 1761 1917 1836 cessabimus,
1940 1763 2105 1842 quod
2129 1764 2300 1827 aliter
2320 1763 2528 1823 subtili
2545 1763 2759 1823 cuidam

722 1858 1160 1916 commentator-i
1183 1859 1368 1920 visum
1387 1860 1566 1919 fuerit
1578 1902 1596 1932 ,
1612 1881 1808 1939 neque
1830 1862 2142 1927 recentiori
2162 1861 2236 1928 de
2249 1866 2528 1922 Veterum
2547 1862 2761 1941 scriptis

721 1952 1049 2013 detrahenti
1073 1968 1132 2014 et
1157 1954 1334 2015 verba
1361 1955 1559 2015 omnia
1586 1957 1660 2015 ad
1682 1959 1909 2018 -atroois
1941 1980 2197 2025 censurae
2218 1958 2453 2037 pondus
2489 1960 2726 2033 exigenti
2744 2000 2761 2029 ‚

723 2049 902 2128 magis
917 2052 1222 2111 credemus
1238 2072 1413 2132 quam
1431 2064 1641 2111 nostr-ae
1655 2054 1914 2132 ipsorum
1933 2054 2325 2128 admirationi,
2343 2069 2405 2115 et
2415 2076 2758 2117 summorum

722 2145 983 2205 virorum
1009 2147 1242 2226 judicio
1260 2191 1279 2222 ,
1315 2148 1417 2227 qui
1440 2148 1763 2208 orationem
1801 2150 1952 2209 hauc
1980 2149 2301 2210 imitatione
2332 2168 2755 2213 conseerarunt.

720 2247 991 2305 Ceterum
1009 2247 1112 2323 qui
1133 2246 1304 2325 plura
1324 2246 1484 2319 velit,
1509 2259 1568 2306 et
1590 2266 1722 2325 qum
1741 2247 1813 2306 ad
1841 2261 2095 2325 quatuor
2111 2262 2245 2327 post
2265 2249 2452 2309 Redd.
2475 2252 2757 2310 orationes

721 2342 1175 2419 praemonuimus
1194 2355 1437 2423 repetat,
1460 2343 1725 2403 consulat
1745 2344 1919 2403 etiam
1937 2343 2069 2404 Oiai
2088 2345 2329 2405 Wormii
2349 2366 2505 2426 opus
2527 2348 2755 2408 Hauniae

728 2438 879 2496 1803
895 2479 915 2508 ,
941 2451 1002 2497 et
1028 2439 1267 2497 Weiskii
1292 2440 1502 2517 Lipsiae
1528 2441 1706 2513 1805,
1729 2453 1842 2500 aut«
1854 2441 2049 2519 potius
2065 2440 2322 2517 judicem
2345 2443 2475 2524 ipse
2496 2464 2561 2504 se
2588 2446 2754 2514 sistat,

674 2615 681 2622 ·
722 2534 1046 2594 orationem
1073 2535 1256 2613 ipsam
1283 2536 1436 2615 legat
1457 2580 1473 2609 ‚
1521 2557 1651 2614 quae
1678 2537 1726 2596 si
1755 2538 1867 2615 ipsi
1894 2557 2011 2596 non
2038 2539 2276 2598 omuino
2305 2540 2645 2602 Ciceronem
2671 2561 2753 2599 sa-

724 2649 899 2708 pere,
946 2643 1006 2690 et
1036 2633 1369 2691 commissos
1412 2632 1602 2691 adhuc
1642 2632 1863 2693 calores
1901 2635 2161 2694 retinere
2209 2634 2544 2714 videbitur,
2572 2637 2752 2700 nescio

722 2745 795 2784 an
823 2727 941 2786 ulla
967 2725 1088 2805 jam
1112 2747 1355 2787 romano
1385 2729 1605 2789 oratori
1637 2729 1712 2787 sit
1738 2728 2134 2795 adscribenda.
