2994 4778
630 418 1025 485 ORATIO
1075 417 1276 485 PRo
1325 420 1401 485 T.
1448 419 1526 484 A.
1580 420 2011 488 MILONE.
2249 420 2389 519 509
2459 407 2473 418 ’

249 538 859 611 consuetudinem
883 538 1074 609 illius
1097 551 1522 634 perpetuam
1549 537 1621 607 in
1645 540 1714 608 vi
1744 538 2150 628 inferenda3
2178 544 2392 639 hujus

247 664 540 719 tantum
588 650 662 717 in
711 646 1126 744 repellenda
1172 673 1186 715 :
1232 661 1540 718 mortem
1581 647 1671 718 ab
1729 648 1854 719 illo
1897 650 2387 728 denuntiatam

245 758 550 841 Miloni,
587 772 657 828 et
697 758 1108 855 praedictam
1143 757 1411 855 palam;
1460 755 1637 827 nihil
1677 784 2018 855 umquam
2066 765 2388 838 auditum

249 894 347 939 ex
383 869 652 940 Milone
690 895 706 938 ε
748 865 1213 964 profectionis
1256 865 1476 960 hujus
1505 866 1697 937 diem
1732 868 1839 937 illi
1873 885 2164 956 notum3
2208 876 2390 946 redi·

250 993 418 1049 tum
464 978 656 1048 illius
701 976 870 1047 huic
910 980 1241 1073 ignotum
1289 973 1514 1046 fuisse
1559 1003 1575 1045 :
1621 976 1841 1073 hujus
1876 981 2016 1050 iter
2068 1007 2387 1056 necessa-

250 1089 490 1173 rium3
544 1087 734 1157 illius
785 1088 996 1156 etiam
1057 1086 1301 1182 potius
1349 1084 1748 1156 alienum¹²
1808 1114 1825 1156 ε
1875 1089 2072 1162 hunc
2123 1117 2269 1190 prae
2316 1120 2392 1167 se

250 1198 548 1280 tulisse,
590 1221 665 1267 se
719 1194 841 1265 illo
899 1194 1014 1265 die
1069 1199 1295 1266 Roma
1339 1197 1745 1281 exiturum;
1782 1195 1985 1268 illum
2019 1225 2107 1270 eo
2154 1201 2269 1271 die
2317 1228 2392 1275 se

248 1306 737 1379 dissimulasse
794 1305 1197 1376 rediturum
1258 1332 1274 1373 :
1346 1302 1544 1374 hunc
1601 1305 1870 1377 nullius
1917 1309 2021 1380 rei
2082 1326 2394 1390 mutasse

249 1418 671 1503 consilium3
711 1415 912 1486 illum
960 1439 1245 1485 causam
1290 1414 1615 1485 mutandi
1643 1417 1921 1488 consilii
1953 1417 2329 1492 finxisse¹³
2370 1450 2388 1493 :

248 1527 464 1609 huic,
503 1529 561 1597 si
594 1524 1086 1610 insidiaretur,
1110 1538 1400 1595 noctem
1439 1548 1670 1623 prope
1698 1525 1955 1599 urbem
1981 1544 2396 1628 exspectan-

248 1636 422 1708 dam
449 1663 468 1720 ς
498 1635 634 1721 illi,
667 1636 940 1706 etiamsi
974 1634 1169 1705 hunc
1200 1659 1348 1704 non
1387 1636 1712 1721 timeret,
1753 1649 1995 1707 tamen
2025 1663 2388 1712 accessum

249 1747 348 1819 ad
390 1745 646 1818 urbem
692 1758 1130 1817 nocturnum
1172 1742 1389 1814 fuisse
1426 1743 1920 1815 metuendum.

300 1898 305 1903 ·
356 1861 512 1928 XX.
567 1855 954 1926 Videamus
997 1878 1194 1925 nunc
1249 1854 1362 1941 id,
1417 1854 1622 1950 quod
1678 1871 1897 1951 caput
1931 1867 2080 1928 est¹
2129 1887 2144 1928 ε
2188 1861 2388 1931 locus

170 2044 181 2055 ‚
250 1966 349 2038 ad
385 1965 675 2039 insidias
716 1966 836 2037 ille
872 1968 1066 2063 ipse,
1103 1963 1230 2035 ubi
1270 1967 1635 2060 congressi
1669 1979 1877 2052 sunt,
1919 1969 2062 2036 utri
2099 1969 2388 2041 tandem

252 2075 482 2146 fuerit
537 2076 790 2173 aptior.
849 2076 930 2144 Id
977 2099 1191 2159 vem,
1226 2073 1544 2168 judices,
1600 2076 1809 2145 etiam
1868 2073 2403 2163 dubitandums

251 2202 332 2258 et
366 2186 638 2257 diutius
674 2184 1133 2282 cogitandum
1169 2187 1321 2255 est?
1353 2189 1541 2255 Ante
1572 2181 1883 2253 fundum
1912 2185 2214 2274 Clodii²‚
2242 2216 2392 2287 quo

253 2301 337 2366 in
384 2294 654 2381 fundo,
692 2309 990 2394 propter
1026 2297 1310 2366 insanas
1353 2293 1507 2365 illas
1537 2292 2146 2381 substructione5‚
2184 2298 2389 2373 facile

251 2408 456 2478 mille
533 2407 912 2478 hominum
992 2404 1412 2477 versabatur
1482 2403 1872 2475 valentium
1904 2459 1924 2491 ‚
1993 2408 2190 2479 edito
2263 2411 2389 2481 ad-

251 2519 548 2588 versarii
592 2532 810 2614 atque
851 2517 1127 2588 excelso
1165 2516 1326 2586 loco
1362 2517 1808 2613 superiorem
1840 2540 1915 2586 se
1951 2515 2152 2588 fore³
2191 2534 2392 2615 puta—

252 2629 387 2698 bat
444 2628 651 2713 Milo,
712 2641 785 2697 et
842 2626 939 2698 ob
993 2652 1151 2697 eam
1209 2651 1363 2697 rem
1409 2650 1575 2696 eum
1636 2626 1875 2697 locum
1930 2626 2018 2696 ad
2078 2652 2392 2725 pugnam

255 2739 719 2836 potissimum
752 2737 1103 2835 elegerat?
1134 2742 1247 2806 An
1292 2740 1366 2806 in
1407 2759 1493 2807 eo
1532 2735 1694 2807 loco
1728 2751 1834 2806 est
1863 2739 2105 2834 potius
2134 2761 2390 2837 exspe-

252 2861 494 2919 ctatus
535 2846 625 2918 ab
664 2873 752 2917 eo
768 2850 823 2934 4,
860 2849 988 2944 qui
1024 2849 1246 2944 ipsius
1278 2847 1414 2917 loci
1456 2871 1583 2943 spe
1610 2844 1842 2917 facere
1876 2851 2223 2946 impetum
2264 2875 2389 2922 co-

253 3041 445 3106 probus
469 3040 797 3088 facinorosum
829 3039 1078 3088 hominem
1110 3055 1281 3104 prose·
1444 3054 1495 3086 τι.
1516 3040 1646 3087 Ante
1663 3037 1879 3101 fundum
1902 3038 2075 3087 clodii.
2101 3041 2181 3088 Ab
2206 3043 2265 3089 iis
2281 3059 2392 3106 quae

250 3121 444 3187 quitur.
1372 3133 1472 3165 rem
1500 3117 1952 3177 circumsteterunt,
1992 3120 2208 3167 criminis
2236 3125 2390 3187 suspi-

334 3215 418 3249 12.
464 3200 632 3248 Potius
676 3198 912 3249 alienum.
957 3200 1085 3248 Nam
1127 3201 1283 3246 Roma
1374 3197 1563 3243 cionem
1599 3195 1758 3243 diluit.
1798 3198 1987 3243 Etenim
2034 3209 2145 3246 ante
2180 3200 2387 3250 fundum

251 3281 508 3347 profectus
532 3291 636 3337 est,
666 3279 803 3327 hoc*
788 3295 898 3343 ipso
925 3278 1004 3326 die
1036 3294 1136 3342 quo
1164 3278 1284 3325 insa·
1373 3273 1538 3323 Clodii
1574 3286 1644 3323 est
1669 3286 1963 3339 pugnatum,
1983 3293 2125 3340 quem
2153 3292 2283 3327 certe
2316 3282 2390 3331 lo-

250 3361 457 3410 nissima
486 3360 662 3408 concio
685 3370 758 3407 est
784 3357 949 3406 habita
977 3374 1004 3404 s
1036 3373 1282 3405 mercena-
1368 3370 1478 3402 cum
1496 3370 1600 3402 non
1629 3355 1846 3419 elegisset
1868 3356 2024 3417 Milo,
2056 3359 2096 3404 si
2124 3362 2392 3422 paravisset

253 3440 343 3487 riis
384 3438 617 3498 tribunis;
648 3448 696 3485 et
728 3449 856 3484 certe
892 3435 1097 3486 Clodius
1126 3436 1281 3495 majus
1367 3432 1584 3483 insidi-s.
1607 3433 1787 3483 Clodio
1814 3445 1976 3483 antem
2010 3435 2147 3485 locus
2170 3456 2390 3490 summo-

249 3517 541 3565 incendium
564 3519 735 3565 Roma
759 3516 1044 3572 excitasset,
1063 3514 1158 3562 nisi
1178 3514 1278 3562 Mi·
1365 3530 1486 3578 pere
1514 3525 1822 3578 opportunus
1848 3525 1984 3576 erat3
2021 3532 2130 3564 nam
2158 3520 2288 3567 mille
2315 3521 2388 3567 vi·

252 3597 425 3645 Ionem
441 3598 713 3661 opprimere
733 3596 783 3644 iu
803 3607 964 3643 mente
987 3594 1277 3643 destinatum
1366 3610 1446 3642 ros
1465 3593 1531 3642 sd
1557 3595 1789 3644 auxilium
1809 3594 1924 3643 inde
1946 3611 2135 3646 sumere
2163 3599 2388 3647 facillime

251 3676 520 3725 habuisset.
794 3702 813 3715 ·
1363 3683 1573 3739 poterat.

337 3757 418 3805 13.
439 3754 684 3803 Finaeisse.
706 3756 822 3804 Non
842 3755 970 3801 enim
1001 3753 1120 3818 Cyri
1147 3768 1278 3800 mors
1440 3754 1491 3800 3.
1506 3753 1807 3816 Superiorem
1829 3753 2016 3818 sejbre.
2036 3758 2254 3816 Ironiee3
2277 3774 2387 3806 nam

255 3851 403 3883 eausa
442 3835 539 3883 suit
590 3850 679 3883 cm·
726 3845 825 3882 tam
871 3833 1035 3882 subito
1071 3834 1277 3880 Romam
1367 3846 1577 3895 pronum
1600 3844 1704 3881 erat
1727 3833 1904 3882 Clodio
1928 3841 2059 3882 srms‘
2085 3833 2292 3884 Milonis
2316 3837 2388 3884 ibi

257 3925 519 3980 repeteret.
1369 3909 1661 3973 opprimere.
1757 3905 1760 3906 ⁷

329 3995 453 4043 XX.
479 4009 524 4042 ι.
548 3992 697 4056 Quod
718 4002 866 4055 caput
884 4003 976 4039 est.
1005 3989 1155 4054 Quod
1180 4005 1282 4037 ma·
1441 3997 1491 4045 4.
1526 3989 1606 4035 Ab
1639 4006 1713 4038 eo·
1748 3992 1797 4038 A
1838 3991 2043 4050 Clodio,
2078 3993 2158 4040 cui
2187 3994 2388 4052 facultas

258 4074 382 4122 ximi
401 4073 544 4121 estin
557 4071 650 4119 bac
669 4086 810 4118 causa
820 4070 1055 4118 momenti
1075 4083 1088 4117 τ
1112 4084 1220 4116 nam
1240 4068 1282 4115 is
1369 4067 1463 4115 fuit
1516 4067 1712 4116 sceleris
1728 4104 1744 4129 ,
1789 4081 1901 4119 aute
1953 4071 2158 4119 fundum
2211 4089 2350 4120 snum
2370 4107 2387 4133 ,

260 4165 391 4201 certe
409 4153 575 4199 locum
594 4149 859 4213 elegit,qui
876 4148 1054 4197 struxit
1066 4147 1280 4197 insidias.
1370 4147 1610 4212 patrandi.
