2994 4778
708 433 846 519 546
994 435 1093 500 Μ.
1128 435 1205 500 Τ.
1259 432 1450 499 CIC.
1502 430 1789 498 ORAT.
1845 430 2045 498 PRO
2093 430 2528 500 MILONE.

700 578 896 639 snm3
939 569 1011 624 et
1047 553 1165 623 hic
1200 578 1275 623 se
1319 553 1646 648 lacrymis
1674 548 1966 621 defendi
2004 563 2206 620 vetat.
2243 555 2394 620 Vos
2422 575 2590 637 oro,
2616 550 2813 622 obte-

700 679 997 761 storque
1020 718 1038 750 ,
1081 662 1398 757 judices,
1454 678 1568 747 ut,
1628 663 1702 731 in
1763 662 2141 731 sententiis
2202 658 2556 749 ferendiS,
2629 662 2815 758 quod

709 777 1062 859 sentietiS,
1114 772 1184 842 id
1234 772 1575 842 audeatis.
1637 777 1965 842 Vestram
2018 772 2382 853 virtutem,
2435 772 2814 864 justitiam,

702 882 954 969 fidem,
990 881 1165 951 mihi
1211 881 1514 964 credite,
1546 884 1604 951 is
1635 884 1939 951 maxime
1979 878 2321 977 probabit
2338 876 2395 967 ⁶,
2424 883 2554 977 qui
2600 884 2672 950 in
2706 882 2811 974 ju-

701 992 985 1063 dicibus
1021 992 1338 1089 legendis
1368 996 1721 1088 optimum
1747 1046 1765 1077 ‚
1801 1005 1873 1060 et
1899 991 2538 1086 sapientissimum,
2577 1005 2650 1061 et
2679 989 2811 1060 for-

699 1104 1048 1173 tissimum
1095 1127 1462 1199 quemque
1504 1102 1674 1197 legit
1694 1112 1748 1171 7.

692 1270 836 1317 rebus
852 1271 1120 1328 misceatur,
1135 1282 1301 1318 orator
1319 1286 1588 1317 sermonem
1606 1285 1711 1317 uon

691 1350 842 1398 modo
868 1351 960 1412 legi
983 1348 1329 1413 applicandum
1349 1383 1364 1407 ,
1391 1348 1474 1396 sed
1499 1348 1561 1395 ad
1591 1349 1709 1396 inti-

692 1444 799 1475 mos
836 1443 1033 1491 quoqne
1074 1427 1374 1474 audientium
1426 1442 1594 1474 sensus
1630 1441 1715 1473 ac·

694 1506 1105 1555 commodandum
1150 1517 1379 1567 expertus
1420 1516 1506 1553 est.
1554 1507 1715 1575 Quem

691 1587 818 1633 enim
847 1584 1045 1631 humani
1079 1584 1258 1645 ingenii
1287 1584 1518 1630 scientem
1555 1582 1674 1629 fallit
1694 1616 1709 1640 ,

689 1663 787 1709 hoc
819 1662 1040 1723 inprimis
1067 1677 1092 1706 a
1116 1669 1284 1706 natura
1316 1660 1460 1706 uobis
1483 1661 1709 1717 insitum,

691 1751 744 1788 ut
784 1738 1004 1786 malimus
1047 1754 1132 1797 ea,
1164 1752 1273 1799 quae
1302 1737 1414 1797 jure
1438 1740 1566 1801 exigi
1597 1755 1709 1802 pos-

692 1818 816 1871 sint,
853 1827 1080 1877 tanquam
1117 1814 1364 1876 impetrata
1402 1811 1711 1864 concedere?

703 1892 826 1958 Quis
853 1893 1010 1941 nescit
1042 1893 1283 1940 homiuem
1305 1928 1318 1952 ,
1346 1894 1385 1940 si
1416 1894 1708 1957 argumentis

692 1972 960 2020 cedendum
974 1970 1054 2027 sit,
1067 1971 1116 2018 vi
1131 1970 1339 2034 quadam
1360 1986 1707 2035 compressum,

691 2055 731 2101 si
767 2051 1137 2109 misericordie,
1178 2048 1428 2114 voluptate
1452 2051 1706 2100 invitatum

691 2132 878 2180 videri?
917 2132 996 2179 Sic
1033 2141 1104 2177 est
1131 2144 1144 2177 :
1176 2130 1337 2194 plures
1376 2130 1587 2193 reperias
1620 2132 1708 2194 qui

693 2210 920 2275 precibus
946 2218 1264 2269 moveantur3
1290 2223 1471 2271 paucos
1489 2242 1505 2265 ‚
1524 2224 1707 2272 paucos

695 2289 819 2336 adeo
837 2290 919 2351 qui
948 2298 1136 2334 tenaces
1150 2286 1354 2346 justitia
1378 2288 1428 2332 in
1448 2287 1706 2350 proposito

692 2377 940 2435 perstent;
970 2365 1156 2431 quippe
1187 2365 1298 2429 quia
1328 2362 1576 2413 difficilius
1604 2380 1710 2412 om-

692 2467 778 2498 nes
816 2450 982 2504 cordi,
1020 2463 1164 2510 quam
1194 2444 1381 2506 judicio
1424 2456 1711 2509 repugnant.

693 2532 857 2592 Quum
894 2538 1056 2576 sutem
1098 2536 1355 2587 utrumque
1390 2539 1551 2571 causae
1577 2523 1712 2571 auxi·

692 2603 802 2654 liari
832 2616 1028 2671 potest,
1064 2602 1185 2667 quid
1212 2602 1392 2649 oratori
1429 2603 1578 2663 magis
1604 2602 1708 2648 eni-

694 2686 893 2734 tendum
911 2721 924 2744 ,
948 2698 1094 2747 quam
1122 2692 1175 2729 ut
1202 2691 1462 2742 utrumque
1489 2680 1632 2726 faciat
1660 2679 1710 2726 in

699 2764 887 2813 clientis
914 2761 1116 2809 salutem
1138 2759 1414 2822 conspirare
1428 2759 1450 2804 Ρ

766 2844 816 2889 6.
844 2844 894 2887 Is
917 2839 1135 2887 maxime
1151 2835 1390 2900 probabit.
1428 2835 1712 2898 Pompeium

698 2917 966 2984 significat,
1009 2917 1093 2979 qui
1141 2931 1288 2979 quum
1337 2914 1715 2978 sapientissimos

694 3000 807 3046 illos
822 2997 1010 3060 judices
1036 3011 1095 3043 ex
1119 2994 1346 3042 omnibus
1368 2993 1623 3040 ordinibus
1642 3007 1714 3039 se·

699 3078 838 3140 legit,
860 3075 1151 3141 probaturus
1171 3074 1230 3120 sit
1251 3089 1419 3120 eorum
1442 3072 1717 3121 sententias.

1885 1283 1932 1328 7.
1954 1266 2055 1330 Qui
2072 1267 2123 1313 in
2141 1266 2257 1332 jud.
2285 1267 2498 1332 legendis
2511 1267 2751 1330 optimum.
2764 1306 2776 1317 .
2789 1304 2801 1315 .

1801 1363 1852 1410 q.
1893 1345 2038 1409 legit.
2070 1346 2285 1393 Omnino
2321 1362 2464 1393 causa
2507 1346 2710 1406 dejectus
2739 1359 2809 1394 est

1808 1425 1952 1473 Milo.
1994 1426 2112 1473 Non
2136 1434 2320 1471 tautum
2342 1425 2476 1487 apud
2503 1440 2586 1471 eos
2603 1425 2810 1485 judices,

1804 1521 1970 1551 verum
2009 1520 2111 1551 non
2142 1518 2318 1565 magno
2351 1504 2606 1552 intervallo
2636 1514 2704 1551 ter
2737 1505 2809 1550 da·

1801 1593 1992 1630 muatus
2017 1593 2108 1629 est.
2132 1581 2344 1628 Addicta
2368 1595 2484 1629 suut
2506 1582 2809 1629 creditoribus

1797 1663 1901 1723 ejus
1913 1660 2067 1718 bona;
2089 1670 2140 1707 et
2164 1659 2367 1707 multum
2386 1660 2571 1717 abfuit,
2586 1662 2697 1725 quin
2711 1661 2804 1707 sol·

1798 1740 1959 1789 vendo
1994 1740 2076 1786 aeri
2115 1738 2274 1786 alieno
2320 1739 2659 1787 satisfacerent.
2684 1740 2799 1787 nilo

1798 1819 1955 1874 enim,
1980 1829 2033 1865 ut
2059 1819 2204 1865 refert
2234 1816 2356 1863 Ptin.
2387 1818 2564 1864 xxvt
2582 1854 2595 1873 ,
2625 1818 2697 1871 15,
2726 1835 2802 1864 se·

1798 1898 2014 1944 stet-tium
2041 1897 2387 1961 septingenties
2413 1896 2526 1943 aris
2553 1897 2689 1943 alieni
2721 1896 2804 1943 de-

1794 1973 2053 2036 buit(14‚3
2064 1977 2243 2036 50,000
2261 1975 2316 2036 s.)
2333 1976 2555 2023 Saufeius
2571 1976 2807 2040 postridie,

1794 2069 2086 2117 quamquam
2110 2053 2266 2101 multo
2286 2055 2427 2117 pejor
2445 2070 2591 2116 quam
2618 2048 2809 2101 Milonis

1794 2143 1918 2179 esset
1961 2131 2093 2178 illius
2138 2146 2280 2178 causa
2299 2165 2314 2190 ,
2360 2147 2512 2194 quum
2557 2135 2659 2197 ipse
2698 2133 2807 2181 Clo·

1795 2208 1929 2257 dium
1968 2210 2312 2267 interfecisset,
2350 2209 2642 2260 defendente
2676 2213 2805 2262 Cice-

1794 2303 1940 2345 rone,
1969 2303 2065 2335 uua
2098 2296 2286 2336 nutum
2322 2291 2562 2336 sententia
2604 2292 2693 2338 suit
2727 2290 2801 2337 ab·

1799 2366 2003 2415 solutus.
2032 2369 2207 2416 Sextus
2236 2366 2441 2416 Clodius
2460 2403 2478 2427 ‚
2504 2371 2712 2432 partium
2738 2369 2810 2416 ad·

1801 2461 2041 2493 ven-sarum
2080 2447 2261 2500 fautor,
2298 2445 2350 2492 in
2389 2447 2615 2495 exsilium
2645 2450 2807 2510 ejectus

1800 2534 1872 2570 est
1888 2559 1903 2583 ,
1945 2523 2081 2587 quod
2123 2524 2304 2571 curiam
2346 2526 2650 2574 incenderat.
2684 2531 2803 2574 Patet

1800 2618 1862 2648 ex
1885 2600 2092 2648 secunda
2119 2602 2389 2665 Philippica
2406 2636 2420 2658 ‚
2453 2620 2562 2650 eum
2580 2639 2596 2660 ,
2633 2616 2806 2651 mox-tuo

1799 2681 1986 2730 Coesare
1998 2717 2013 2742 ‚
2031 2680 2094 2727 ab
2118 2681 2337 2728 Antonio
2357 2681 2502 2728 fuisse
2521 2695 2803 2730 revocatum.

1799 2759 2005 2805 Tribuni
2056 2769 2217 2806 autem
2266 2760 2524 2822 Pompeius
2575 2762 2729 2808 Rufus
2765 2772 2807 2807 et

1801 2838 2051 2884 Munatius
2076 2837 2282 2885 Plancus
2307 2839 2457 2884 Bursa
2483 2838 2713 2886 absoluto
2728 2855 2810 2887 na·

1802 2915 2029 2978 gistum,
2056 2915 2177 2963 alter
2202 2932 2229 2962 a
2266 2916 2451 2980 eolleg-
2481 2915 2673 2978 Catio,
2695 2917 2800 2964 alter

1799 3009 1827 3041 a
1852 2993 2106 3055 Cicerone,
2124 2995 2334 3042 accusati
2366 3005 2415 3042 et
2440 2994 2660 3042 damnati
2681 3007 2804 3054 sunt;

1806 3073 2026 3134 quamvis
2048 3074 2322 3120 Munatium
2341 3074 2605 3137 Pompeius
2626 3076 2725 3139 ipse
2740 3074 2808 3121 de

697 3157 873 3202 Tentat
887 3168 1108 3201 amovere
1122 3151 1447 3215 suspicionem
1471 3152 1600 3210 odii,
1618 3166 1719 3214 quo
1806 3151 2039 3199 fenden-et.
2066 3152 2213 3200 Cous.
2236 3152 2523 3202 Ciceronem
2547 3154 2615 3202 ad
2637 3155 2805 3202 Divus.

699 3236 748 3280 in
779 3234 1011 3281 Milonem
1037 3232 1300 3296 Pompeius
1329 3229 1581 3278 ferebatur.

1806 3229 1891 3278 lib.
1913 3231 2008 3276 vn
2023 3263 2039 3289 ‚
2066 3231 2208 3294 epist.
2226 3244 2276 3277 s.
