2994 4778
584 415 727 496 [100
1218 413 1316 479 Μ.
1365 413 1442 479 Τ.
1497 412 2071 481 CICERONIS

585 533 879 633 quidem
908 531 1203 630 posthac
1239 533 1548 628 possint,
1578 556 1875 629 possum
1910 531 2055 602 ullo
2088 546 2304 629 pacto
2339 535 2727 630 suspicari.

582 651 687 717 Da
728 660 796 715 te
848 637 1191 739 populo⁵,
1223 646 1600 713 committe
1645 641 1853 712 ludis.
1890 642 2191 713 Sibilum
2231 643 2547 713 metuis?
2590 640 2727 714 ubi

582 768 752 826 sunt
786 765 1036 822 vestrae
1082 747 1435 820 scholaess?
1487 756 1596 822 Ne
1641 751 2116 822 acclametur?
2154 777 2245 822 ne
2292 751 2370 822 id
2414 752 2728 848 quidem

583 879 690 935 est
718 886 970 933 curare
996 860 1432 958 philosophi.
1464 864 1722 931 Manus
1750 861 1882 932 tibi
1905 886 1997 932 ne
2025 860 2451 947 afferantur,
2485 864 2723 934 times.

583 973 808 1044 Dolor
844 972 1040 1042 enim
1075 984 1187 1040 est
1217 970 1554 1056 malum7‚
1595 986 1676 1041 ut
1705 969 2063 1068 disputas;
2101 973 2570 1059 existimatio,
2602 972 2731 1044 de-

583 1082 838 1163 decuS,
875 1077 1202 1165 infamia,
1238 1079 1656 1177 turpitudO,
1688 1080 1911 1151 verba
1942 1096 2114 1152 sunt
2149 1096 2374 1178 atque
2402 1084 2717 1178 ineptiae.

580 1191 718 1263 Sed
773 1189 862 1261 de
910 1190 1053 1260 hoc
1104 1214 1252 1259 non
1304 1188 1562 1260 dubito
1611 1218 1627 1259 ε
1686 1213 1836 1260 non
1883 1188 2178 1260 audebit
2232 1190 2566 1262 accedere
2614 1191 2713 1261 ad

581 1300 812 1372 ludos.
859 1301 1281 1369 Convivium
1314 1299 1687 1397 publicum
1726 1326 1878 1370 non
1922 1299 2287 1397 dignitatis
2326 1301 2544 1397 gratia
2578 1302 2714 1370 ini-

576 1412 689 1483 bit
719 1411 897 1507 (nisi
938 1407 1123 1479 forte
1162 1423 1243 1478 ut
1278 1433 1443 1479 cum
1473 1412 1564 1478 -Ρ,
1609 1408 1864 1480 Clodio
1880 1406 1934 1495 ⁸,
1972 1410 2115 1479 hoc
2144 1422 2287 1494 est,
2327 1433 2490 1479 cum
2516 1434 2715 1479 amo-

579 1521 780 1592 ribus
820 1521 967 1589 suis
1004 1518 1320 1612 coenet),
1367 1517 1496 1588 sed
1540 1518 1751 1616 plane
1793 1519 2014 1588 animi
2048 1520 2158 1588 sui
2194 1542 2409 1587 causa
2443 1546 2458 1586 :
2498 1517 2714 1589 ludos

579 1629 794 1701 nobis
833 1627 1073 1697 idiotis
1114 1626 1501 1723 relinquet.
1538 1628 1737 1699 Solet
1765 1630 1958 1698 enim
1986 1629 2063 1697 in
2091 1627 2716 1725 disputationibus

577 1741 754 1826 suis,
797 1736 1174 1807 oculorum
1214 1750 1286 1806 et
1335 1738 1616 1808 aurium
1652 1736 2108 1809 delectationi
2136 1736 2548 1810 abdominis
2584 1764 2714 1809 vo-

578 1851 886 1947 luptates
918 1844 1298 1917 anteferre.

671 1961 850 2029 Nam
873 2009 892 2037 ,
932 1955 1132 2053 quod
1162 1956 1369 2027 vobis
1399 1957 1535 2026 iste
1561 1956 2067 2029 tantummodo
2096 1957 2481 2054 improbus
2499 2012 2519 2043 ,
2551 1982 2713 2028 cru·

577 2067 755 2139 delis
785 2067 1003 2137 olims>
1041 2064 1509 2150 furunculus,
1544 2090 1739 2137 nunc
1774 2091 1947 2138 vero
1975 2068 2187 2137 etiam
2218 2091 2440 2163 rapax
2459 2122 2478 2154 ,
2506 2065 2707 2163 quod

577 2176 945 2265 sordidus,
984 2175 1184 2273 quod
1230 2189 1656 2260 contumax,
1687 2174 1888 2272 quod
1925 2174 2317 2274 superbu5‚
2356 2176 2547 2272 quod
2578 2175 2706 2246 fal-

576 2288 683 2357 lax
706 2340 725 2373 ,
779 2285 982 2382 quod
1020 2283 1481 2383 perfidiosus,
1528 2283 1730 2381 quod
1771 2285 2194 2384 impudens,
2232 2286 2436 2382 quod
2472 2285 2709 2357 audax

575 2421 729 2468 esse
783 2395 1147 2483 videatur3
1232 2394 1413 2464 nihil
1468 2397 1724 2466 scitote
1780 2420 1932 2467 esse
1989 2397 2713 2484 luxuriosius,·nihil

574 2506 1024 2578 libidinosius
1046 2560 1065 2591 ‚
1137 2504 1313 2574 nihil
1377 2507 1733 2601 posterius
1757 2560 1776 2594 ,
1828 2506 2006 2576 nihil
2058 2507 2393 2605 nequius.
2462 2512 2708 2579 Luxu·

570 2623 749 2688 riam
807 2631 1048 2688 autem
1096 2616 1172 2685 in
1224 2617 1362 2685 isto
1402 2615 1625 2685 nolite
1678 2615 1865 2687 hanc
1930 2619 2243 2714 cogitare
2292 2648 2311 2689 ε
2354 2634 2467 2690 est
2516 2621 2711 2689 enim

571 2726 930 2824 quaedam,
967 2748 1403 2822 quamquam
1447 2729 1682 2797 omnis
1726 2742 1833 2797 est
1875 2729 2124 2798 vitiosa
2167 2744 2387 2826 atque
2436 2731 2707 2827 turpis,

571 2853 811 2907 tamen
863 2838 1176 2931 ingenuo
1233 2859 1313 2904 ac
1368 2833 1598 2905 libero
1650 2834 1953 2933 dignior.
2007 2838 2199 2908 Nihil
2259 2840 2463 2937 apud
2510 2839 2705 2909 hunc

568 2947 844 3018 lautum
870 3001 889 3029 ,
918 2941 1099 3014 nihil
1135 2944 1421 3040 elegans
1444 2998 1464 3031 ,
1499 2945 1679 3015 nihil
1708 2947 2184 3043 exquisitum3
2226 2947 2540 3019 laudabo
2571 2948 2706 3017 ini-

642 3221 692 3268 5.
723 3221 802 3267 Da
816 3230 862 3267 te
876 3219 1079 3283 populo.
1101 3216 1358 3281 Ingredere
1376 3216 1439 3264 sd
1462 3216 1593 3264 thes-

571 3308 696 3345 trum
736 3300 966 3346 refertum
1003 3296 1224 3362 populo,
1261 3306 1309 3344 et
1345 3307 1394 3344 te
1430 3296 1591 3360 ipsum

568 3376 814 3423 committe
836 3376 1205 3439 spectatoribus.

636 3454 689 3501 6.
716 3456 897 3500 Vestrce
915 3454 1108 3504 scholae.
1137 3456 1259 3516 Quae
1285 3452 1463 3501 docent
1482 3452 1588 3501 haee

567 3541 894 3580 contemnere.

639 3627 686 3671 7.
715 3608 870 3655 Dolor
897 3608 1024 3655 enim
1046 3618 1115 3653 ese
1140 3608 1341 3654 naulum.
1368 3610 1486 3654 Haec
1515 3619 1587 3655 est

563 3689 764 3738 celebris
782 3686 863 3733 illa
881 3687 1088 3748 quaestio
1111 3686 1161 3732 in
1183 3684 1413 3732 omnibns
1431 3702 1587 3749 prope

560 3767 963 3834 philosophorum
986 3765 1195 3828 scholis,
1219 3767 1364 3813 variis
1389 3766 1587 3814 alterca-

562 3848 774 3896 tionibus
804 3849 1013 3911 ngitata:
1042 3846 1151 3902 alii,
1186 3857 1239 3894 nt
1268 3846 1582 3905 Aristoteles,

559 3926 779 3975 dolorem
831 3926 1008 3972 malum
1063 3926 1258 3990 quidem
1275 3961 1289 3984 ‚
1340 3926 1425 3973 sed
1477 3942 1583 3973 non

559 4022 827 4063 summum,
862 4016 911 4052 et
947 4006 1105 4067 ipsum
1144 4005 1320 4052 malum
1354 4003 1406 4054 τὸ
1436 4005 1583 4053 κακὸν

562 4102 662 4132 esse
686 4096 1004 4145 censuerun23
1028 4084 1134 4140 alii,
1164 4094 1217 4130 ut
1244 4085 1422 4142 Stoici,
1442 4085 1588 4132 dolo-

559 4182 656 4211 rem
688 4180 844 4229 ncqne
877 4165 928 4211 in
956 4163 1122 4214 bonis.
1150 4178 1307 4224 neque
1334 4164 1386 4209 in
1414 4163 1550 4210 malis
1560 4197 1576 4223 ‚

1679 3217 1765 3266 sed
1812 3218 1863 3263 in
1907 3216 2298 3266 indifferentibus
2355 3228 2658 3266 numenmnt
2676 3251 2693 3276 ,

1676 3295 1898 3359 quamvis
1935 3295 2114 3343 alicubi
2152 3299 2337 3344 Seneca
2378 3296 2588 3344 dolorem
2617 3296 2695 3342 in·

1678 3374 1989 3423 commodum
2012 3392 2114 3423 esse
2138 3376 2362 3424 fateatur.
2386 3377 2622 3440 Epictetus
2642 3385 2695 3422 et

1677 3455 1835 3503 Aulus
1863 3454 2077 3517 Gellius,
2111 3455 2201 3503 lib.
2232 3458 2281 3512 1,
2310 3472 2421 3519 cap.
2452 3473 2477 3502 a
2495 3490 2508 3512 ‚
2533 3467 2581 3501 et
2607 3454 2695 3501 alii

1676 3534 1853 3598 passim
1872 3535 2202 3581 consulantur.
2224 3532 2355 3591 Alii,
2373 3546 2431 3581 nt
2452 3534 2667 3597 Epicurei
2680 3567 2696 3590 ‚

1675 3613 1971 3675 voluptatem
2010 3621 2250 3659 summum
2289 3611 2512 3670 bonum,
2554 3612 2704 3659 dolo·

1674 3706 1773 3736 rem
1801 3706 2040 3738 summum
2073 3690 2252 3737 malum
2290 3707 2397 3737 ase
2435 3691 2702 3739 duxerunt.

1672 3768 1798 3815 vide
1820 3769 2073 3829 Nostrum,
2089 3769 2222 3816 libris
2243 3769 2303 3817 de
2320 3771 2517 3817 Finibus
2538 3769 2708 3818 bono-

1674 3864 1777 3894 rum
1799 3857 1848 3893 et
1867 3847 2103 3895 malornm
2122 3885 2137 3908 ,
2157 3859 2207 3894 et
2224 3848 2349 3894 alios
2370 3849 2569 3910 passim.

1746 3928 1792 3973 8.
1864 3926 2057 3975 Lallem.
2108 3925 2328 3990 pan-ibus
2387 3926 2703 3990 conscriptis.

1671 4006 1722 4052 J.
1744 4005 1806 4052 V.
1836 4007 1889 4052 L.

1742 4098 1790 4144 9.
1842 4083 1982 4130 olim.
2023 4087 2152 4132 Ante
2195 4098 2339 4145 quam
2388 4081 2705 4145 provinciam

1669 4161 1883 4210 haberet.
