2994 4778
690 436 828 506 260

1329 435 1424 501 M.
1474 435 1553 501 T.
1603 427 2169 502 CICERONIS

686 560 911 655 Igitur
961 557 1034 625 in
1089 555 1323 650 Syria,
1376 558 1805 656 imperatore
1861 550 2026 635 illo,
2085 549 2267 619 nihil
2325 548 2524 620 aliud
2574 565 2781 622 actum

686 681 828 751 est,
873 666 1007 737 nisi
1057 667 1423 763 pactiones
1455 661 1928 759 pecuniarum
1960 683 2126 730 cum
2156 663 2481 757 tyrannis
2495 670 2591 745 ²²,
2625 663 2782 732 deci·

682 780 955 858 sione5‚
988 776 1426 872 direptiones
1447 768 1535 857 ²³,
1572 771 1942 857 latrocinia
1964 824 1983 854 ,
2015 770 2240 842 caedes
2261 826 2282 855 ,
2317 796 2550 869 quum
2584 773 2783 868 palam

687 886 937 986 populi
978 887 1258 956 romani
1294 886 1718 981 imperator,
1768 882 2123 952 instructo
2168 885 2531 968 exercitu,
2578 882 2787 954 dexte·

684 1023 834 1070 ram
872 996 1174 1069 tendens
1189 998 1277 1080 ²⁴,
1308 1019 1449 1064 non
1486 992 1576 1064 ad
1609 991 1895 1063 laudem
1930 992 2188 1063 milites
2221 994 2657 1078 hortaretur,
2684 991 2784 1064 sed

685 1109 929 1181 omnia
961 1106 1093 1178 sibi
1130 1121 1203 1177 et
1239 1119 1478 1201 empta
1503 1158 1523 1188 ,
1560 1116 1632 1174 et
1668 1101 2157 1174 emendavesse
2192 1104 2553 1175 clamaret.

781 1224 867 1289 V.
901 1224 1056 1290 Jam
1095 1242 1263 1288 vero
1297 1214 1722 1312 publicanos
1766 1215 2065 1282 miseros
2088 1223 2106 1255 ¹
2151 1215 2313 1308 (me
2345 1216 2559 1284 etiam
2597 1215 2786 1283 mise-

688 1354 892 1415 rum,
927 1327 1212 1397 illorum
1263 1328 1358 1395 ita
1403 1323 1495 1396 de
1536 1347 1654 1393 me
1692 1322 2111 1392 meritorum
2136 1333 2165 1364 ²
2213 1325 2518 1394 miseriis
2558 1349 2636 1395 ac
2673 1323 2790 1393 do·

685 1437 883 1531 lore)
926 1436 1222 1507 tradidit
1267 1439 1342 1504 in
1389 1432 1804 1505 servitutem
1836 1427 1863 1471 ³
1908 1430 2167 1502 Judaeis
2205 1446 2278 1504 et
2313 1434 2551 1528 Syris,
2584 1435 2789 1503 natio·

688 1547 907 1619 nibus
945 1549 1128 1617 natis
1166 1545 1514 1615 servituti.
1559 1540 1820 1609 Statuit
1856 1538 1946 1609 ab
1985 1543 2194 1611 initio
2213 1544 2271 1629 ⁴,
2308 1557 2381 1613 et
2415 1544 2491 1612 in
2525 1567 2615 1614 eo
2650 1568 2790 1641 per·

757 1741 846 1773 22.
895 1724 1012 1773 Cum
1051 1721 1288 1783 tyrannis.
1334 1720 1464 1767 Olim
1509 1716 1704 1780 tyranni

646 1836 652 1843 ·
690 1803 977 1852 dicebantur
1025 1803 1076 1848 in
1121 1802 1308 1850 Graecia
1348 1799 1573 1847 homines
1617 1811 1708 1861 po·

687 1893 843 1931 tentes
869 1892 916 1928 et
944 1880 1165 1945 opulenti
1183 1914 1198 1938 ,
1225 1895 1349 1943 quos
1369 1881 1523 1926 Persae
1542 1887 1707 1923 satra-

680 1978 773 2025 pas
796 1959 1122 2024 appellabant.
1148 1986 1217 1995 —-
1246 1956 1533 2005 Decisiones.
1563 1953 1706 2001 Deci·

689 2041 804 2089 der-e
825 2053 896 2088 est
921 2040 1200 2103 transigere.
1227 2039 1429 2085 Verrius
1452 2037 1710 2082 frumenta·

689 2122 757 2168 ria
778 2133 791 2166 :
836 2118 1252 2184 “Improbissimis
1291 2113 1708 2179 recuperatoribus

687 2198 954 2247 conflictari
974 2197 1217 2246 malebant
1235 2231 1250 2255 ,
1267 2212 1414 2259 quam
1439 2192 1707 2259 quidquam

689 2294 800 2326 cum
826 2277 912 2325 illo
936 2295 1021 2325 sna
1047 2276 1296 2323 voluntate
1324 2274 1546 2322 decidere
1569 2295 1609 2321 -.

763 2358 847 2426 πᾷ.
868 2355 1181 2421 Direptiones.
1202 2355 1345 2403 Notae
1371 2366 1486 2402 sunt
1512 2351 1709 2404 Gabinii

690 2440 871 2503 rapinae
889 2452 950 2485 ex
978 2437 1235 2484 Sextiana:
1269 2458 1290 2477 ι
1318 2437 1524 2484 Haut-ire
1546 2435 1712 2498 quoti·

691 2516 770 2566 die
793 2534 856 2565 ex
893 2516 1206 2580 pacatissimis
1235 2525 1379 2578 atque
1401 2516 1709 2579 opulentissi-

689 2597 781 2644 mis
805 2597 957 2662 Syriae
984 2596 1112 2659 gazis
1139 2594 1486 2643 innumerabile
1517 2594 1709 2658 pondus

691 2676 818 2732 auri,
843 2673 1026 2722 bellum
1052 2673 1229 2720 inferre
1254 2671 1634 2735 quiescentibus,
1655 2682 1711 2719 ut

692 2769 863 2801 eorum
883 2741 1072 2800 veteres
1094 2751 1395 2813 illibatasque
1434 2751 1626 2797 divitias
1658 2751 1710 2796 in

694 2831 1128 2896 profundissimum
1191 2828 1453 2875 libidinum
1515 2845 1709 2878 suarum

690 2912 930 2974 gurgitem
956 2907 1222 2974 profundat
1236 2929 1281 2954 »-
1295 2907 1423 2955 Vide
1455 2907 1599 2955 etiarn
1629 2908 1711 2956 Pi-

691 2990 959 3047 sonianam,
976 3004 1085 3051 cap.
1108 3001 1188 3048 17,
1218 3002 1300 3034 αι.

765 3076 852 3134 24.
880 3068 1149 3116 Dea-teram
1175 3065 1394 3115 tendens.
1422 3065 1615 3115 Alludit
1645 3066 1710 3114 ad

694 3148 1103 3198 consuetudinem
1129 3162 1296 3195 eorum
1314 3183 1328 3205 ,
1349 3145 1503 3210 quiin
1524 3145 1712 3194 auctio·

693 3227 837 3276 nibus
860 3229 901 3276 si
927 3227 1049 3292 quid
1083 3226 1221 3274 liceri
1254 3225 1465 3286 vellent,
1486 3241 1711 3285 manum,

696 3317 779 3354 aut
820 3307 1025 3371 digitum
1065 3306 1320 3355 tollebant.
1364 3309 1530 3352 Festus
1567 3304 1711 3352 Pom·

693 3386 870 3447 peius:
908 3384 1189 3449 «Manceps
1223 3384 1428 3445 dicitur,
1471 3385 1558 3446 qui
1592 3382 1713 3446 qnid

693 3478 719 3509 a
744 3463 930 3525 populo
946 3464 1079 3521 emit,
1097 3462 1417 3519 conducitve,
1436 3462 1550 3525 quia
1568 3477 1713 3509 manu

694 3539 883 3588 sublata
906 3538 1145 3604 significat
1170 3556 1220 3586 se
1242 3548 1492 3585 auctorem
1524 3540 1714 3588 auctio-

696 3618 772 3667 nis
790 3633 891 3666 esae
906 3640 952 3665 n.

766 3699 829 3747 V.
856 3712 900 3745 1.
923 3695 1211 3744 Publicanos
1232 3689 1444 3739 miseros.
1464 3693 1712 3745 Publiceni

696 3775 997 3836 dicebantur,
1025 3776 1109 3838 qui
1147 3769 1369 3837 prasenti
1395 3776 1601 3835 pecunia
1627 3791 1712 3823 η-

694 3855 884 3919 etigalia
924 3854 1095 3920 populi
1141 3850 1325 3900 romani
1364 3866 1391 3897 a
1433 3853 1713 3902 censoribus

695 3933 991 3983 redimebant
1005 3968 1020 3992 ‚
1044 3944 1100 3980 ut
1124 3942 1290 3997 postea
1315 3931 1414 3978 suis
1440 3933 1711 3981 commodis

695 4012 956 4073 σαι-νίκαις
988 4027 1088 4076 quo
1113 4011 1167 4057 in
1201 4017 1388 4073 quaestu
1416 4011 1715 4073 rapacissimi

695 4091 1071 4155 reperiebantur.
1097 4087 1288 4148 Livius,
1308 4088 1422 4135 LV:
1451 4110 1475 4128 α
1496 4087 1597 4137 Ubi
1622 4106 1718 4154 pu-

691 4169 910 4220 blicanus
932 4181 1030 4230 est,
1055 4168 1126 4217 ibi
1152 4177 1200 4216 et
1219 4165 1300 4226 ius
1325 4165 1582 4228 publicum
1604 4168 1717 4217 nul·

1792 1717 1923 1774 lum,
1971 1729 2056 1766 aut
2106 1718 2375 1767 libertatem
2424 1719 2578 1767 sociis
2632 1721 2790 1768 nullam

1776 1815 1894 1855 ,esse
1911 1821 1952 1849 n.
1992 1800 2088 1848 Sed
2121 1811 2282 1848 tamen
2311 1799 2364 1845 in
2398 1799 2594 1863 imperii
2628 1802 2793 1850 mani

1793 1877 1973 1928 finibus
1998 1891 2047 1928 et
2070 1880 2315 1943 precipue
2339 1877 2457 1925 belli
2480 1889 2698 1943 ternpore
2717 1896 2795 1944 pu·

1792 1959 1973 2007 blicani
1998 1959 2246 2022 vectigalia
2279 1957 2515 2021 colligere
2545 1976 2645 2008 non
2670 1970 2796 2023 pote·

1793 2050 1901 2086 rant
1919 2073 1936 2096 ,
1989 2051 2038 2087 et
2089 2039 2376 2103 plerumque
2430 2048 2793 2103 repraesentatam

1792 2118 2075 2166 amittebant
2112 2117 2368 2181 pecuniam
2384 2153 2398 2176 ,
2421 2121 2463 2166 si
2500 2130 2682 2166 senatus
2705 2116 2797 2164 illis

1795 2213 1894 2245 non
1915 2197 2154 2245 redderet.

1867 2293 1915 2324 a.
1943 2280 2022 2324 Ita
2042 2278 2103 2325 de
2123 2294 2198 2324 me
2220 2276 2518 2325 meritorum.
2543 2279 2632 2324 Pro
2656 2276 2796 2323 dono

1794 2372 1878 2406 sua
1905 2371 1919 2406 ε
1974 2372 2140 2405 omnes
2187 2358 2407 2404 omnium
2445 2358 2799 2422 publicanorum

1794 2436 2048 2486 societates
2082 2437 2142 2485 de
2180 2453 2289 2484 meo
2332 2438 2621 2492 consulatu,
2664 2453 2718 2484 ae
2748 2434 2800 2481 de

1796 2518 1914 2564 meis
1952 2516 2098 2564 rebus
2140 2516 2286 2578 gestis
2328 2517 2625 2580 amplissima
2674 2527 2803 2578 atque

1796 2595 2095 2642 ornatissima
2130 2593 2321 2641 decreta
2360 2595 2595 2641 fecerunt.
2628 2593 2802 2656 Quibus

1796 2685 1972 2737 quanta
2007 2674 2152 2722 fuerit
2189 2690 2299 2721 curn
2332 2674 2576 2722 Cicerone
2611 2675 2800 2734 conjun-

1796 2754 1925 2813 ctio,
1962 2764 2063 2800 tum
2103 2769 2165 2800 ex
2208 2752 2317 2800 aliis
2355 2752 2580 2811 videbis,
2624 2765 2721 2801 tum
2750 2766 2805 2798 ex

1795 2832 1937 2895 epist.
1970 2845 1993 2880 1
2022 2831 2085 2878 ud
2111 2833 2177 2893 Q.
2206 2831 2433 2892 fratrem;
2477 2844 2585 2880 tum
2610 2849 2669 2880 ex
2688 2832 2805 2879 libro

1797 2913 1862 2973 Q.
1885 2910 2045 2958 fratris
2065 2910 2125 2957 de
2144 2911 2383 2973 petitione
2404 2913 2701 2960 consulatus.

1866 2990 1917 3035 3.
1949 2987 2176 3037 stade'de’e
2200 2986 2249 3035 e‘n
2278 2990 2570 3039 servientem.
2597 2988 2809 3037 Orator-ie

1797 3066 2009 3126 dictum;
2034 3067 2087 3114 id
2110 3077 2206 3122 est,
2226 3066 2291 3114 ita
2314 3071 2511 3116 vexavit
2532 3070 2810 3134 publicanos

1795 3156 1849 3192 nt
1875 3146 2000 3192 servi
2027 3145 2311 3194 Jndzeorunn
2344 3163 2453 3205 esse
2484 3150 2647 3213 potius
2676 3146 2812 3194 vide-

1797 3236 1965 3273 rentur
1981 3240 2126 3287 quam
2146 3236 2410 3274 exactores.

1870 3313 1918 3360 4.
1940 3304 2120 3352 Statuit
2133 3303 2199 3350 ab
2220 3302 2374 3353 initio.
2394 3305 2625 3354 Ostendit
2641 3303 2822 3368 quihus

1766 3377 1777 3386 ’
1796 3383 2064 3433 rationibus
2101 3383 2391 3447 publicanos
2422 3387 2686 3434 vexaverit.
2720 3384 2821 3430 Pn-

1799 3478 1881 3510 mo
1909 3476 1922 3510 :
1958 3463 2182 3510 «Statuit
2221 3462 2289 3508 eis
2318 3464 2399 3523 jus
2436 3479 2540 3511 nou
2584 3465 2826 3518 dicere».

1798 3557 1956 3604 neque
2001 3540 2249 3589 debitores
2293 3541 2498 3590 Judaeos
2546 3553 2629 3591 aut
2674 3545 2827 3605 Syros

1793 3620 1982 3682 iudicio
2009 3620 2326 3685 compellere,
2353 3633 2410 3669 ut
2440 3623 2716 3686 publicanis
2743 3622 2830 3669 tri-

1799 3699 1945 3758 buta,
1976 3700 2051 3748 vel
2088 3699 2297 3762 quodvis
2335 3700 2472 3749 aliud
2517 3719 2583 3750 aes
2611 3703 2833 3750 alienu-

1801 3777 2152 3841 persolverent3
2169 3778 2386 3826 secundo
2399 3815 2413 3838 ,
2426 3780 2693 3845 pactiones
2704 3816 2722 3838 ,
2739 3780 2777 3828 i.
2789 3796 2831 3826 e.

1802 3857 1964 3904 noluit
1998 3867 2051 3906 ut
2085 3859 2117 3905 J
2120 3856 2244 3904 udaei
2279 3857 2351 3905 vel
2390 3860 2504 3922 Syri
2544 3871 2841 3908 tenerentur

1800 3935 1860 3982 iis
1919 3935 2284 3983 conditionibus
2300 3972 2314 3996 ,
2364 3953 2485 4000 quas
2537 3941 2841 4003 pepigerant

1801 4015 2138 4063 contrahentes
2158 4049 2173 4072 ,
2199 4030 2347 4078 seque
2379 4015 2700 4079 publicanis,
2732 4018 2844 4066 sine

1802 4093 1900 4141 ulla
1923 4093 2314 4142 contrabentium
2335 4094 2515 4156 injuria
2535 4096 2847 4161 obligas-ant.

1803 4170 1944 4236 Saepe
1967 4171 2140 4236 populi
2168 4181 2224 4219 ut
2248 4183 2531 4222 exactorum
2553 4174 2849 4240 effugerent
