2994 4778
691 436 779 481 20
1317 409 1414 476 M.
1467 411 1543 477 T.
1597 410 2158 479 CICERONIS

684 548 758 603 et
798 529 1213 629 dignitatem
1252 550 1504 597 eorum
1529 582 1548 614 ‚
1595 529 1723 624 qui
1768 529 2064 600 salutem
2107 552 2562 601 communem
2601 534 2794 629 peri-

681 641 847 712 culo
886 662 1018 715 suo
1042 634 1584 707 defendissent:
1629 639 1952 725 Sextius,
1997 662 2160 710 cum
2220 639 2344 709 illo
2404 664 2537 711 suo
2586 665 2791 712 exer·-

628 826 631 827 ⁷
676 755 867 837 citu,
924 770 1199 820 summa
1253 744 1616 816 celeritate
1668 760 1777 817 est
1832 750 2221 820 Antonium
2279 767 2792 847 consequutus.

675 862 806 931 Hic
854 868 985 953 ego
1022 854 1195 953 quid
1247 853 1664 952 praedicem,
1712 855 1978 952 quibus
2017 857 2134 928 hic
2168 856 2385 929 rebus
2420 861 2791 947 consulem

674 968 765 1040 ad
800 991 950 1039 rem
992 962 1378 1062 gerendam
1418 965 1787 1055 excitarit?
1823 978 2007 1061 quot
2040 967 2791 1040 stimulosadmoverit

672 1077 948 1148 homini
969 1129 988 1161 ‚
1041 1072 1363 1143 studioso
1425 1070 1738 1144 fortassis
1800 1074 2153 1163 victoriae,
2209 1075 2334 1146 sed
2393 1090 2632 1147 tamen
2685 1083 2792 1148 ni-

665 1187 890 1257 mium
919 1203 1375 1254 communem
1396 1185 1744 1252 Martem‘*
1775 1180 2087 1279 bellique
2116 1207 2354 1254 casum
2384 1188 2787 1256 metuenti?

663 1301 998 1390 Longum
1026 1303 1131 1361 est
1159 1314 1240 1360 ea
1269 1290 1506 1360 dicere
1535 1316 1551 1359 ε
1580 1288 1706 1361 sed
1734 1289 1874 1361 hoc
1908 1289 2126 1363 breve
2154 1292 2406 1364 dicam.
2441 1295 2511 1362 Si
2537 1298 2636 1363 M.
2669 1301 2790 1367 Pe·

662 1399 875 1474 treii⁵
929 1424 1080 1469 non
1134 1397 1485 1469 excellens
1540 1399 1821 1485 animo,
1874 1414 1946 1470 et
1994 1397 2287 1472 amore⁶
2330 1401 2786 1500 reipublicoe,

662 1536 815 1582 non
857 1522 1195 1607 praestans
1231 1508 1307 1576 in
1340 1506 1712 1606 republica
1743 1510 2013 1596 virtus,
2048 1535 2200 1580 non
2234 1534 2509 1582 summa
2544 1528 2788 1584 aucto·

663 1625 834 1690 ritas
869 1616 1061 1715 apud
1102 1618 1402 1704 milites,
1440 1642 1589 1687 non
1629 1616 1972 1689 mirificus
2012 1632 2226 1691 usus⁷
2265 1622 2340 1690 in
2375 1646 2456 1692 re
2490 1623 2783 1693 militari

659 1730 1076 1813 exstitisset,
1123 1750 1362 1823 neque
1414 1725 1703 1820 adjutor
1748 1732 1814 1798 ei
1874 1731 1948 1796 P.
1997 1731 2277 1798 Sextius
2324 1728 2416 1799 ad
2465 1732 2781 1802 excitan-

660 1838 837 1908 dum
873 1839 1305 1921 Antonium,
1343 1834 1906 1923 cohortandum,
1943 1836 2463 1933 impellendum
2494 1837 2780 1927 fuisset;

659 1946 866 2017 datus
897 1944 1022 2015 illo
1054 1944 1128 2011 in
1157 1942 1353 2014 bello
1380 1958 1562 2014 esset
1593 1942 1810 2014 hiemi
1845 1944 2046 2016 locus
2068 1940 2122 2030 ⁸,
2161 1970 2399 2042 neque
2426 1971 2777 2045 umquam

658 2053 996 2140 Catilina,
1037 2076 1261 2148 quum
1305 2076 1344 2122 e
1381 2054 1643 2149 pruina
1681 2055 2079 2150 Apennini,
2120 2068 2335 2151 atque
2387 2079 2464 2125 e
2481 2056 2776 2128 nivibus

654 2162 793 2232 illis
823 2161 1253 2283 emersisset,
1286 2175 1503 2256 atque
1533 2175 1840 2231 aestatem
1883 2163 2229 2259 integram
2258 2179 2536 2251 nactuS‚
2558 2166 2777 2238 Italiae

655 2271 866 2342 calles
928 2283 998 2339 et
1054 2248 1415 2364 pastorum
1468 2267 1747 2340 stabula
1805 2270 2137 2367 praeclara
2191 2275 2564 2369 cepissem,
2618 2278 2777 2346 sine

656 2378 885 2454 multo
919 2379 1311 2474 sanguine,
1354 2402 1435 2449 ac
1471 2380 1624 2450 sine
1666 2380 1882 2450 totius
1917 2379 2133 2451 Italiae
2170 2385 2491 2454 vastitate
2527 2387 2776 2457 miser-

651 2491 834 2559 rima
875 2484 1317 2557 concidisset.

747 2601 958 2667 Hunc
993 2594 1210 2690 igitur
1241 2594 1562 2664 animum
1605 2595 1695 2666 ad
1730 2595 2176 2668 tribunatum
2213 2601 2450 2671 attulit
2484 2607 2556 2672 P.
2592 2606 2764 2675 Sex-

655 2707 834 2790 tius;
878 2717 959 2773 ut
996 2715 1429 2798 quaesturam
1469 2702 1990 2774 Macedoniae¹⁰
2041 2707 2477 2805 relinquam,
2522 2725 2595 2781 et
2637 2713 2770 2783 ali-

721 2959 774 3006 4.
786 2947 1003 2997 Nimium
1016 2962 1315 2994 communem
1330 2950 1551 3005 Martem,
1570 2959 1662 2996 etc.
1748 2951 1912 3012 Quum
1931 2951 1993 2998 ad
2015 2953 2277 3002 naturalem
2300 2956 2446 3003 animi
2473 2959 2772 3021 magnitudi-

646 3031 870 3077 Latenter
882 3023 1119 3090 significat
1128 3026 1396 3074 Antonium
1413 3026 1661 3074 consulem
1747 3043 1860 3075 nem
1904 3030 2078 3077 eximia
2121 3033 2341 3094 qnaedam
2377 3037 2449 3082 vis
2487 3039 2667 3085 amoris
2712 3040 2768 3088 in

647 3125 750 3156 non
774 3107 980 3154 alienum
999 3121 1026 3152 a
1048 3105 1311 3164 conjuratis
1333 3104 1477 3153 fuisse
1491 3139 1506 3165 ,
1529 3107 1614 3169 qni
1635 3122 1662 3152 a
1747 3122 1898 3170 remp.
1919 3108 2186 3157 accederet.

646 3202 809 3251 pugna
829 3200 1025 3250 prorsus
1046 3183 1342 3231 abhorreret.

572 3314 578 3320 ,
720 3265 768 3310 5.
795 3264 866 3311 Μ.
886 3259 1077 3310 Petreii.
1104 3261 1198 3308 Hic
1220 3261 1423 3308 Antonii
1446 3261 1658 3308 consulis

645 3344 846 3404 legatus,
866 3340 974 3402 ipso
989 3338 1209 3386 Antonio
1229 3339 1425 3385 consule
1436 3338 1657 3402 absente,

645 3418 781 3483 qnod
799 3434 862 3465 ex
886 3416 1098 3481 podagre
1115 3415 1376 3472 laboraret,
1399 3417 1655 3464 Catilinam

646 3513 758 3546 cum
790 3495 889 3542 suis
922 3495 1064 3551 vicit,
1097 3510 1155 3540 ac
1194 3493 1488 3541 trucidavit:
1527 3495 1656 3541 idem

644 3585 814 3641 postea
868 3568 1039 3634 Magni
1094 3569 1310 3633 Pompeii
1360 3569 1544 3633 legatus
1604 3573 1657 3620 in

647 3651 893 3716 Hispaniis
914 3650 1010 3697 fnit
1026 3684 1042 3709 ‚
1071 3664 1182 3695 cum
1209 3648 1399 3695 dnobus
1428 3648 1654 3713 collegis,

641 3733 862 3778 Varrone
888 3737 937 3775 et
962 3726 1192 3784 Αίηιιίος
1215 3726 1279 3773 ad
1310 3738 1578 3775 extremum
1603 3731 1656 3776 in

642 3809 804 3858 Africa
832 3822 941 3854 cum
971 3804 1100 3853 suba
1125 3818 1235 3867 rege
1265 3820 1509 3868 pugnans,
1544 3823 1654 3855 cum

639 3903 739 3954 quo
775 3885 835 3933 de
869 3893 1032 3931 mutua
1067 3881 1200 3930 cede
1230 3895 1559 3945 consenserat,
1591 3901 1653 3933 ne

639 3970 690 4014 iu
714 3966 770 4013 C.
792 3962 990 4013 Caesaris
1014 3971 1301 4024 potestatem
1332 3963 1540 4019 veniret,
1571 3981 1651 4012 oc·

637 4046 765 4092 cisus
792 4054 880 4090 est.

702 4125 752 4172 6.
779 4120 1032 4169 Excellens
1051 4117 1214 4167 αηίιηο
1234 4151 1249 4177 ,
1279 4129 1328 4166 ee
1342 4134 1510 4169 amore
1527 4121 1643 4186 reip.

1821 3202 1866 3247 7.
1912 3185 2144 3254 Μὶν-ζήσας
2185 3204 2314 3237 usus.
2356 3190 2521 3251 Quum
2556 3194 2768 3257 amplius

1745 3266 1882 3311 annis
1901 3266 2093 3329 triginta
2113 3267 2359 3327 tribunus,
2376 3280 2460 3317 aut
2479 3274 2765 3334 praefectus,

1745 3353 1829 3390 ant
1860 3343 2070 3406 legatus,
2100 3356 2184 3392 ant
2212 3356 2409 3410 praetor,
2443 3364 2614 3412 magna
2648 3369 2765 3401 cnm

1745 3419 1894 3483 gloria
1921 3421 2101 3470 suisset.

1817 3500 1864 3545 8.
1892 3499 2049 3546 Hiemi
2061 3500 2208 3547 loeus.
2234 3501 2521 3551 Confectum
2539 3504 2635 3554 boc
2654 3506 2768 3556 bel·

1742 3576 1840 3624 lum
1862 3578 1957 3626 fnit
1980 3589 2196 3626 extremo
2223 3579 2462 3628 decembri
2489 3585 2604 3630 anni
2634 3587 2767 3648 690,

1740 3671 1914 3720 nempe
1936 3656 1998 3704 ad
2019 3655 2164 3704 finem
2187 3659 2430 3719 octobris,
2455 3671 2538 3708 ant
2561 3662 2768 3714 initium

1741 3735 2017 3782 novembris
2038 3738 2188 3783 nostri
2205 3737 2336 3786 anni.

1812 3828 1862 3875 9.
1907 3815 2153 3861 Proeclara
2199 3814 2406 3879 cepae’uee.
2460 3818 2516 3862 In
2559 3816 2768 3871 duobus

1740 3889 1993 3938 codicibus
2011 3892 2184 3955 legitur
2209 3914 2231 3934 «ι
2243 3894 2447 3957 praedari
2466 3897 2695 3958 coepisset
2711 3921 2767 3962 ιι,

1737 3969 1871 4031 qnod
1915 3970 2031 4017 mire
2078 3970 2239 4017 multis
2277 3972 2450 4036 placet.
2502 3974 2763 4025 Ernestius

1735 4047 1915 4096 omisit.

1811 4140 1887 4172 ιο.
1920 4126 2221 4187 Qua-seuram
2250 4130 2576 4181 Macedonica.
2602 4136 2762 4196 Qua·-
