2994 4778
592 297 735 383 654
1480 318 1823 366 TABULA.

597 433 693 498 Μ.
721 431 799 496 Τ.
833 427 1176 497 Ciceronis
1210 428 1563 496 orationeS.
1600 468 1696 478 —
1735 428 1973 496 Oratio
2015 451 2137 520 pro
2164 430 2241 495 T.
2271 431 2352 496 A.
2383 428 2516 496 Mi-

698 541 870 611 lone.
904 582 1004 593 —
1041 542 1277 609 Oratio
1309 541 1985 636 undequadragesima
2005 593 2502 612 ...........
2570 541 2713 637 473

601 661 1082 752 Argumentum
1136 705 2502 725 .............................
2572 653 2714 751 549

594 774 691 842 Μ.
729 774 806 839 Τ.
850 767 1187 838 Ciceronis
1218 768 1575 842 orationes.
1621 812 1712 826 -
1754 770 1992 841 Oratio
2030 794 2155 863 pro
2190 773 2284 838 M.
2332 772 2517 838 Mar·

695 882 885 956 cello.
919 924 1015 935 —
1048 883 1284 953 Oratio
1318 883 1818 981 quadragesima
1862 938 2498 956 ..............
2572 883 2710 956 553

598 1006 1087 1097 Argumentum
1140 1053 2498 1074 .............................
2572 999 2709 1096 577

598 1119 698 1187 M.
722 1121 801 1188 T.
840 1118 1190 1189 Ciceronis
1221 1117 1579 1188 orationes.
1612 1157 1710 1170 --
1747 1114 1984 1186 Oratio
2019 1139 2144 1210 pro
2186 1057 2273 1204 Q.
2321 1115 2517 1210 Liga-

697 1232 818 1302 rio.
854 1272 952 1286 -
980 1235 1221 1302 Oratio
1255 1234 1468 1327 prima
1502 1245 1568 1300 et
1604 1230 2110 1325 quadragesima
2152 1279 2508 1297 ........
2570 1225 2712 1324 579

593 1348 1088 1440 Argumentum
1138 1394 2508 1415 .............................
2570 1338 2712 1411 605

591 1462 692 1529 Μ.
720 1462 797 1529 Τ.
834 1459 1178 1530 Ciceronis
1217 1458 1569 1528 orationes.
1613 1500 1710 1510 —
1754 1458 1991 1528 Oratio
2029 1481 2153 1551 pro
2192 1481 2344 1551 rege
2386 1457 2522 1524 De·

596 1578 605 1586 ’
684 1575 923 1668 jotaro.
952 1616 1047 1629 --
1071 1574 1308 1645 Oratio
1340 1573 1630 1644 secunda
1667 1588 1733 1642 et
1776 1572 2277 1668 quadragesima
2295 1624 2504 1640 .....
2570 1571 2709 1666 609

590 1690 1154 1758 DeAmbrosiano
1187 1688 1686 1760 Commentario
1714 1686 2009 1757 Editoris
2027 1687 2514 1781 praemonitum.
2567 1683 2694 1770 641

542 1805 674 1898 *In
741 1803 1110 1871 orationem
1165 1802 1592 1871 Vatinianam
1665 1800 2034 1871 scholiastae
2096 1800 2516 1870 Ambrosiani

596 1939 603 1942 ’
676 1916 1221 1988 Commentarius
1281 1970 1294 1984 .
1331 1970 1345 1985 .
1378 1970 1392 1985 .
1426 1969 1440 1984 .
1474 1971 1488 1984 .
1523 1968 1538 1984 .
1571 1970 1585 1985 .
1620 1968 1634 1981 .
1668 1951 1691 1985 .·
1716 1967 2503 1985 .................
2567 1913 2707 2000 643

558 2025 667 2098 ‘In
722 2030 1090 2100 orationem
1153 2054 1276 2124 pro
1315 2027 1635 2100 Marcello
1687 2029 2053 2101 scholiastae
2092 2030 2517 2101 Ambrosiani

688 2146 1225 2215 Commentarius
1279 2197 2500 2216 ..........................
2564 2143 2704 2226 648

589 2263 668 2328 In
736 2260 1105 2329 orationem
1168 2284 1294 2353 pro
1353 2260 1623 2353 Ligario
1678 2258 2042 2329 scholiastae
2093 2259 2512 2329 Ambrosiani

685 2373 1218 2445 Commentarius
1233 2426 2498 2445 ..........................
2563 2371 2706 2443 650

587 2490 667 2556 In
704 2490 1072 2558 orationem
1115 2513 1241 2584 pro
1290 2513 1444 2583 rege
1478 2489 1801 2582 Dejotaro
1834 2488 2197 2560 scholiastae
2228 2489 2513 2559 Ambro-

687 2603 853 2670 siani
886 2602 1422 2673 Commentarius
1470 2656 2499 2675 ......................
2562 2601 2694 2674 651

1185 3177 1365 3226 rums
1414 3178 1663 3237 Qumrl
1712 3178 2123 3226 votnmlms.
