2994 4778
552 381 692 451 316
1183 393 1280 459 M.
1333 395 1408 461 T.
1464 396 2034 465 CICERONIS

553 502 954 576 civitatibus
986 507 1075 577 ad
1104 525 1518 582 nostrorum
1546 511 1903 584 bellorum
1938 514 2258 612 pericula
2293 518 2712 605 accedere,

552 635 682 698 an,
722 637 883 708 quae
936 641 1071 687 nos
1113 643 1368 691 eorum
1413 620 1729 711 civibuS,
1776 625 2057 695 virtutis
2104 649 2345 713 causa,
2391 628 2711 698 tribue-

552 721 821 807 rimus,
881 749 964 796 ea
1008 741 1161 798 rata
1205 754 1359 802 esse
1403 756 1556 802 non
1607 733 1905 830 possint.
1956 732 2174 805 Nihil.
2205 737 2396 805 enim
2447 739 2711 833 magis

549 845 925 905 uteremur
961 836 1073 907 his
1103 838 1561 933 adjutoribus
1588 895 1606 926 ‚
1662 840 1957 913 sublatis
1996 846 2305 940 praemiis
2345 847 2704 933 virtutiS,

549 967 769 1038 quam
805 947 864 1015 si
905 949 1205 1019 omnino
1253 949 1365 1022 his
1404 954 1671 1024 versari
1715 954 1790 1022 in
1834 955 2101 1024 nostris
2143 953 2352 1026 bellis
2389 981 2543 1026 non
2589 957 2692 1027 li-

548 1068 761 1124 ceret.
811 1059 1135 1145 Etenim,
1178 1084 1445 1156 quum,
1499 1086 1635 1159 pro
1694 1085 1821 1133 sua
1875 1066 2137 1159 patria,
2194 1069 2442 1164 pauci,
2495 1082 2691 1165 post

546 1184 776 1257 genus
826 1163 1205 1237 hominum
1259 1184 1511 1241 natum
1541 1225 1562 1257 ,
1632 1171 1901 1269 reperti
1959 1174 2146 1259 sint,
2210 1176 2383 1271 qui,
2444 1175 2688 1246 nullis

545 1274 852 1365 praemiis
913 1280 1336 1375 propositis,
1380 1282 1594 1350 vitam
1645 1306 1844 1353 suam
1894 1281 2211 1354 hostium
2273 1285 2430 1354 telis
2473 1286 2686 1379 obje-

542 1384 807 1467 cerint,
846 1410 980 1483 pro
1029 1388 1257 1459 aliena
1299 1389 1670 1487 republica
1705 1417 2142 1490 quemquam
2180 1390 2335 1463 fore
2364 1397 2686 1489 putatiS,

542 1496 668 1588 qui
708 1520 784 1565 se
819 1513 1143 1594 opponat
1180 1500 1554 1596 periculis,
1597 1526 1748 1572 non
1786 1502 2005 1573 modo
2049 1501 2252 1573 nullo
2280 1504 2678 1600 proposito

543 1607 837 1698 praemio
858 1660 878 1692 ,
901 1606 1028 1677 sed
1065 1609 1274 1678 etiam
1305 1610 1747 1682 interdicto?

641 1716 763 1784 XI.
811 1712 990 1802 Sed,
1034 1741 1263 1812 quum
1297 1733 1404 1788 est
1446 1719 1624 1790 illud
1676 1722 2203 1819 imperitissime
2251 1722 2524 1794 dictum
2570 1723 2677 1796 de

541 1825 870 1924 populis¹
901 1823 1184 1919 fundis»,
1249 1827 1449 1924 quod
1499 1838 1882 1903 commune
1921 1847 2031 1904 est
2085 1832 2481 1905 liberorum
2524 1859 2662 1932 po-

541 1935 914 2032 pulorum,
955 1961 1104 2007 non
1170 1941 1543 2036 proprium
1592 1938 2153 2031 foederatorum3
2207 1967 2302 2014 ex
2353 1969 2500 2041 quo
2551 1947 2668 2014 in-

541 2043 762 2142 telligi
801 2070 1093 2120 necesse
1130 2062 1272 2134 est,
1312 2064 1436 2120 aut
1473 2053 1840 2123 neminem
1866 2077 1968 2123 cx
1994 2054 2207 2126 sociis
2239 2055 2462 2126 civem
2488 2053 2648 2124 fieri

537 2177 782 2250 posse,
821 2170 944 2227 aut
996 2161 1210 2229 etiam
1259 2181 1472 2256 posse
1513 2184 1601 2230 ex
1655 2158 2020 2233 foederatis
2063 2190 2078 2231 ε
2130 2178 2290 2234 tum
2339 2188 2503 2234 vero
2531 2164 2658 2258 jus

535 2287 751 2335 omne
794 2281 1041 2337 noster
1076 2269 1210 2339 iste
1234 2269 1573 2365 magister
1597 2271 1956 2342 mutandae
1988 2273 2289 2349 civitatis
2316 2275 2600 2369 ignorat
2628 2300 2652 2359 ς

535 2370 736 2469 quod
770 2387 914 2461 est,
952 2375 1255 2471 judices,
1292 2404 1445 2486 pon
1477 2380 1712 2452 solum
1745 2381 1818 2452 in
1856 2381 2132 2479 legibus
2176 2381 2488 2480 publicis
2527 2408 2669 2481 po-

533 2485 748 2556 situm
770 2540 791 2573 ,
825 2487 953 2558 sed
979 2489 1192 2559 etiam
1225 2490 1299 2559 in
1343 2488 1789 2587 privatorum
1820 2493 2212 2564 voluntate.
2249 2499 2419 2564 Jure
2447 2498 2658 2564 enim

527 2610 777 2669 nostro
844 2623 1083 2695 neque
1154 2613 1432 2670 mutare
1489 2603 1894 2673 civitatcm²
1939 2605 2326 2700 quisquam
2377 2603 2653 2676 invitus

594 2771 690 2820 XI.
732 2785 776 2818 1.
816 2769 1009 2833 Popedis
1025 2765 1222 2832 fundis.
1256 2767 1431 2817 Cicero
1466 2777 1541 2816 ta-

525 2848 665 2897 metsi
686 2848 739 2894 in
759 2847 1081 2913 explicatione
1105 2845 1399 2911 populorum
1427 2847 1539 2894 fun·

525 2927 701 2978 dorum
742 2929 805 2976 ab
848 2926 1122 2975 adversario
1165 2925 1304 2974 Balbi
1342 2927 1540 2975 minime

522 3006 801 3067 dissentiat,
817 3016 974 3054 tamen
993 3005 1044 3052 iu
1063 3002 1391 3068 explicatione
1410 3005 1540 3053 illius

524 3086 658 3134 verbi
673 3087 857 3136 diutius
871 3089 1150 3134 immoratus
1167 3093 1263 3143 est,
1285 3095 1540 3150 propterea

523 3165 660 3229 quod
711 3178 964 3216 accusator
1009 3164 1090 3213 ille
1136 3164 1275 3212 Balbi
1320 3166 1537 3214 omnium

522 3244 766 3294 foederatis
800 3243 1061 3293 tribuendo
1077 3279 1092 3304 ,
1134 3242 1195 3292 de
1230 3245 1370 3305 jure,
1393 3256 1539 3308 atque

520 3324 806 3371 auctoritate
832 3322 1006 3387 populi
1026 3323 1212 3371 romani
1238 3323 1425 3387 aliquid
1446 3324 1539 3370 mi·
1557 3365 1570 3372 -

520 3401 679 3448 nuisse
703 3400 973 3450 videbatur.
996 3403 1160 3463 Quum
1184 3401 1312 3446 enim
1334 3401 1536 3449 Gadita·

522 3497 617 3529 uus
640 3480 720 3528 ille
743 3480 970 3537 dixisset,
998 3497 1059 3527 ex
1088 3477 1323 3526 foederato
1345 3479 1537 3542 populo

520 3560 755 3607 neminem
799 3559 1013 3622 potuisse
1046 3556 1150 3604 fieri
1183 3556 1338 3602 civem
1373 3572 1539 3604 roma-

525 3656 670 3699 num,
707 3638 800 3685 uisi
825 3638 867 3684 is
909 3635 1124 3700 populus
1164 3633 1345 3680 fundus
1382 3635 1539 3682 factus

519 3729 642 3766 esset
654 3754 669 3778 ,
688 3717 758 3764 sic
780 3715 982 3764 fundum
1001 3712 1105 3761 fieri
1127 3710 1366 3779 populum
1384 3713 1541 3778 expli-

522 3799 691 3859 cabat,
729 3812 879 3862 quum
921 3794 1040 3841 scita
1082 3808 1138 3842 ac
1185 3794 1315 3853 jussa
1363 3793 1536 3857 populi

520 3877 703 3926 romani
755 3891 839 3930 sua
893 3874 1127 3922 sententia
1179 3872 1533 3937 comprobaret.

518 3963 641 4023 Quae
658 3954 800 4004 verba
821 3954 1156 4003 auctoritatem
1173 3952 1383 4016 aliquam
1402 3953 1537 4002 vide·

517 4039 695 4087 bantur
715 4037 914 4084 inuuere
930 4066 946 4090 ,
974 4032 1109 4096 qussi
1138 4030 1354 4080 foederati
1379 4032 1440 4080 de
1460 4034 1531 4080 le·

510 4119 650 4181 gibus
676 4134 733 4165 ac
759 4114 893 4164 scitis
921 4110 1093 4179 populi
1130 4113 1312 4159 romani
1350 4123 1533 4160 statue·

1628 2783 1760 2832 rent,
1783 2788 1891 2835 quae
1908 2772 2100 2821 vellent.
2123 2770 2450 2834 Quamobrem
2472 2772 2662 2822 Cicero

1629 2849 1727 2896 vim
1738 2851 1862 2910 juris
1876 2867 1932 2898 ac
1952 2851 2086 2899 verbi
2104 2851 2235 2898 illius
2252 2849 2479 2914 pluribus
2495 2852 2656 2915 expli·

1628 2928 1832 2977 candsm
1861 2930 2050 2994 putavit
2064 2966 2079 2987 ,
2116 2941 2171 2979 ut
2207 2930 2434 2990 doceret,
2472 2931 2661 2979 fundos

1625 3008 1839 3071 populos
1856 3007 1960 3056 fleri
1980 3008 2218 3058 beneficio
2241 3009 2416 3074 populi
2435 3012 2653 3069 romani,

1627 3101 1718 3134 uec
1762 3103 1851 3135 suo
1890 3089 1998 3148 jure
2013 3121 2027 3145 ‚
2079 3089 2165 3138 sed
2219 3090 2453 3154 permissu
2497 3089 2654 3153 ipsius

1625 3164 1889 3214 adsciscere
1901 3165 2055 3229 leges,
2074 3183 2180 3215 nou
2198 3183 2318 3231 quas
2339 3169 2434 3233 ipsi
2452 3167 2645 3224 vellent,

1625 3243 1708 3292 sed
1721 3261 1843 3308 quas
1857 3245 2071 3311 populus
2087 3262 2316 3295 romanus
2330 3247 2639 3312 permisisset.

1626 3325 1846 3387 Denique
1869 3339 1972 3371 nou
1998 3324 2060 3372 de
2080 3324 2254 3388 populi
2283 3326 2468 3373 romani
2493 3324 2640 3372 rebus

1624 3402 1759 3466 ipsos
1785 3403 2038 3463 statuisse,
2065 3402 2150 3450 sed
2178 3402 2240 3450 de
2265 3404 2366 3451 suis
2390 3403 2638 3451 duntaxat.

1627 3481 1756 3528 Hinc
1797 3482 1940 3529 toties
1977 3482 2124 3530 verba
2165 3481 2248 3529 illa
2287 3484 2460 3546 repetit
2489 3492 2639 3544 atque

1624 3558 1865 3618 inculcat,
1894 3580 1916 3602 ι
1944 3571 1999 3607 ut
2024 3561 2198 3626 populi
2230 3561 2374 3609 fundi
2402 3559 2641 3608 beneficio

1624 3649 1819 3700 nostro,
1843 3656 1941 3687 non
1962 3656 2052 3688 suo
2069 3642 2179 3702 jure
2195 3640 2315 3690 fiant
2330 3663 2372 3689 ιι.
2394 3644 2457 3689 Et
2474 3641 2646 3705 pauno

1622 3728 1768 3780 post:
1797 3740 1822 3759 α
1843 3718 1901 3766 ld
1923 3720 1963 3766 si
1984 3730 2053 3766 est
2075 3721 2341 3782 ejusmodi,
2363 3731 2419 3767 ut
2442 3721 2649 3784 populis

1621 3795 1787 3843 liberis
1805 3812 1862 3845 sc
1882 3798 2123 3847 soederatis
2141 3797 2519 3864 permittendum
2537 3815 2644 3847 esse

1620 3874 1859 3933 videatur,
1889 3887 1945 3925 ut
1970 3887 2184 3926 statuant
2209 3878 2305 3942 ipsi
2330 3892 2432 3923 uon
2462 3875 2522 3923 de
2549 3892 2644 3923 no·

1619 3955 1746 4010 stris,
1778 3955 1861 4003 sed
1885 3955 1945 4003 de
1962 3957 2061 4005 suis
2088 3958 2229 4005 rebus
2251 3979 2295 4004 ιι.
2317 3982 2387 3992 -—
2410 3955 2489 4002 ΔΙ.
2513 3970 2642 4003 cou-

1613 4033 2104 4096 jiciunt,foederatis.
2131 4038 2182 4085 J.
2200 4036 2261 4082 V.
2290 4037 2343 4082 1..

1661 4127 1664 4132 ·
1693 4129 1742 4161 α.
1773 4116 1943 4178 Neque
1967 4126 2151 4163 'nutare
2170 4113 2424 4163 civitatem.
2446 4146 2458 4158 .
2481 4146 2494 4158 .
2516 4111 2646 4159 inve·-
