2994 4778
574 310 663 381 30
1198 306 1293 373 Μ.
1345 307 1420 373 Τ.
1475 306 2051 376 CICERONIS

662 437 785 503 XI.
816 430 948 499 Hic
970 442 1128 498 tum
1154 438 1439 496 senatus
1465 425 1839 511 sollicitus,
1870 450 1995 496 vos
2022 427 2300 522 equites
2318 438 2338 469 ¹
2374 430 2685 515 excitati,

568 540 767 612 Italia
806 550 1062 610 cuncta
1104 547 1469 631 permota,
1534 558 1785 629 omnes
1831 535 2147 632 denique
2195 538 2517 608 omnium
2557 563 2684 634 ge-

571 673 827 721 nerum
855 662 1068 742 atque
1101 642 1442 713 ordinum
1471 646 1660 714 cives
1687 648 1986 715 summoe'
2006 646 2417 743 reipublicae
2440 672 2482 718 a
2506 673 2691 718 cou-

495 803 501 811 ·
575 757 846 832 sulibus
887 770 1102 851 atque
1143 774 1183 820 a
1226 772 1510 821 summo
1551 754 1850 849 imperio
1886 754 2280 851 petendum
2319 780 2471 827 esse
2499 748 2694 825 auxi-

576 869 753 939 lium
787 860 1343 947 arbitrabantur,
1386 885 1616 956 quum
1660 862 1762 932 illi
1806 863 1939 934 soli
1983 880 2252 952 essent,
2298 880 2553 963 praeter
2587 863 2696 934 fu-

577 979 849 1049 riosum
900 973 1100 1042 illum
1157 967 1571 1057 tribunum,
1623 968 1770 1042 duo
1821 972 2232 1070 reipublicae
2283 973 2612 1045 turbines
2631 985 2693 1057 ²,

579 1088 706 1183 qui
744 1108 893 1154 non
931 1078 1149 1150 modo
1193 1081 1666 1176 praecipitanti
1709 1084 1951 1178 patriae
1991 1108 2141 1155 non
2184 1083 2696 1169 subvenirent,

582 1194 706 1268 sed
752 1215 905 1264 eam
934 1187 964 1232 ³
1021 1192 1231 1260 etiam
1272 1189 1574 1259 nimium
1622 1190 1822 1261 tarde
1858 1191 2235 1263 concidere
2281 1207 2696 1263 moererent.

580 1299 1059 1399 Flagitabatur
1102 1296 1192 1368 ab
1234 1298 1343 1368 his
1378 1298 1705 1395 quotidie
1737 1326 1964 1398 quum
1998 1303 2305 1398 querelis
2332 1301 2702 1373 bonorum

583 1413 907 1483 omnium
929 1461 947 1494 ‚
980 1422 1134 1477 tum
1172 1409 1384 1477 etiam
1430 1406 1763 1506 precibus
1798 1422 2122 1496 senatuS,
2152 1428 2232 1483 ut
2268 1436 2501 1482 meam
2533 1436 2702 1482 cau-

584 1545 733 1593 sam
759 1520 1234 1615 susciperent,
1263 1533 1594 1612 agerent,
1625 1518 1891 1616 aliquid
1919 1520 2234 1617 denique
2258 1522 2344 1592 ad
2370 1536 2701 1593 senatum

584 1629 957 1702 referrent.
987 1628 1076 1696 Hi
1104 1649 1253 1696 non
1283 1624 1502 1696 modo
1530 1627 1855 1724 negando
1873 1681 1892 1714 ,
1918 1630 2037 1700 sed
2071 1633 2283 1701 etiam
2308 1631 2708 1718 irridendO,

589 1738 1094 1837 amplissimum
1145 1759 1512 1831 quemque
1553 1736 1741 1806 illius
1790 1736 2060 1810 ordinis
2107 1739 2702 1836 insequebantur.

587 1852 719 1920 Hic
746 1846 987 1918 subito
1023 1869 1250 1942 quum
1281 1843 1719 1916 incredibilis
1743 1849 1819 1916 in
1851 1849 2282 1946 Capitolium
2315 1849 2711 1920 multitudo

593 1983 680 2029 ex
729 1970 879 2027 tota
930 1953 1148 2040 urbe,
1207 1968 1611 2050 cunctaque
1662 1955 1863 2026 Italia
1909 1961 2392 2046 convenisset,
2436 1974 2710 2029 vestem

594 2064 1010 2137 mutandam
1052 2088 1342 2150 omnes,
1392 2088 1654 2160 meque
1706 2070 1915 2135 etiam
1963 2073 2165 2137 omni
2209 2071 2521 2156 ratione,
2565 2071 2715 2166 pri-

595 2188 760 2247 vato
810 2173 1108 2245 consilio
1152 2172 1543 2268 (quoniam
1597 2174 1900 2271 publicis
1950 2176 2253 2248 ducibus
2303 2178 2715 2276 respublica

597 2284 955 2378 careret),
1006 2280 1538 2353 defendendum
1596 2299 1960 2380 putarunt.
2011 2290 2179 2356 Erat
2229 2286 2482 2357 eodem
2524 2303 2718 2358 tem-

599 2420 777 2494 pore
830 2406 1115 2464 senatus
1156 2392 1232 2461 in
1272 2391 1422 2463 aede
1470 2394 1887 2465 Concordiae
1912 2400 1965 2480 ⁴,
2007 2398 2208 2493 quod
2251 2400 2488 2495 ipsum
2533 2412 2719 2469 tem-

600 2506 803 2602 plum
881 2500 1439 2599 repraesentabat
1533 2507 1949 2574 memoriam
2039 2507 2450 2576 consulatus
2526 2508 2721 2587 mei,

603 2639 832 2711 quum
881 2611 1062 2683 flens
1112 2613 1486 2681 universus
1535 2612 1720 2683 ordo
1763 2616 2249 2686 cincinnatum
2279 2612 2308 2658 ⁵
2350 2615 2726 2686 consulem

605 2723 901 2794 orabat:
940 2745 1108 2789 nam
1162 2719 1340 2789 alter
1395 2720 1513 2790 ille
1557 2720 1898 2795 horridus
1943 2738 2017 2794 et
2067 2748 2354 2796 severus
2391 2723 2730 2793 consulto

598 2857 673 2903 se
718 2821 919 2901 domi
963 2827 1401 2898 continebat.
1442 2830 1601 2918 Qua
1648 2846 1800 2902 tum
1842 2833 2183 2930 superbia
2217 2860 2509 2905 coenum
2546 2832 2730 2903 illud

607 2967 689 3012 ac
724 2938 921 3011 labes
969 2937 1385 3036 amplissimi
1420 2939 1690 3010 ordinis
1730 2965 2019 3038 preces,
2059 2957 2131 3014 et
2170 2944 2726 3015 clarissimorum

674 3159 767 3207 XI.
800 3172 848 3206 ι.
881 3158 977 3202 Vos
992 3154 1184 3219 equites.
1206 3154 1467 3203 presentes
1490 3155 1624 3217 judi-

606 3254 684 3285 ces
707 3250 720 3284 ε
752 3250 861 3281 nam
888 3248 949 3280 cx
972 3233 1127 3279 tribus
1164 3233 1418 3281 ordinibus
1437 3234 1623 3293 judicia

605 3312 887 3362 constabant
901 3343 915 3368 ,
944 3311 1184 3357 senatorio
1203 3341 1218 3367 ,
1244 3312 1456 3372 equestri
1472 3346 1487 3370 ,
1516 3313 1622 3376 ple.

1708 3158 2076 3221 repraesentabat
2124 3160 2403 3207 memoriam
2447 3157 2734 3206 consulatus

1707 3238 1800 3282 mei
1819 3257 1840 3278 ι
1860 3251 1873 3284 :
1898 3251 1991 3298 qua
2014 3238 2074 3284 de
2098 3253 2150 3285 re
2170 3239 2222 3285 in
2244 3237 2511 3300 Philippica
2530 3239 2606 3287 V:
2626 3256 2649 3279 ι
2667 3238 2733 3284 In

1708 3315 1796 3361 hac
1813 3350 1827 3375 ,
1864 3314 2023 3378 inquit
2039 3352 2053 3377 ,
2079 3318 2195 3364 cella
2232 3316 2518 3364 Concordiae
2559 3314 2578 3380 (
2601 3331 2633 3362 o
2655 3313 2732 3362 dii

608 3393 734 3440 heio.

676 3485 728 3517 α.
760 3465 1005 3515 Tareina.
1034 3465 1145 3512 Piso
1171 3474 1220 3512 et
1243 3465 1481 3514 Gabinius
1502 3500 1517 3524 ‚
1539 3470 1622 3530 qui

609 3563 762 3612 remp.
800 3542 1119 3609 procellarnm
1161 3543 1311 3592 instar
1343 3545 1590 3604 iactabant
1608 3581 1625 3605 ,

607 3625 995 3685 seditionumque
1022 3621 1196 3671 fluetus
1224 3625 1550 3673 concitabant.

678 3707 727 3754 3.
751 3703 850 3751 Sed
863 3717 987 3750 eam.
1016 3701 1165 3751 Abest
1184 3719 1311 3752 eum.
1333 3705 1383 3751 J.
1399 3707 1462 3753 V.
1484 3706 1540 3751 1..

677 3791 728 3839 4.
755 3785 812 3829 In
840 3781 947 3829 oede
971 3781 1276 3830 Concorde'ae.
1306 3784 1413 3845 Qua
1439 3783 1493 3830 in
1521 3783 1623 3832 aedc

608 3865 787 3910 factum
822 3868 895 3906 est
922 3858 1157 3928 Cicerone
1185 3861 1383 3908 consule
1412 3874 1624 3912 senatus-

607 3939 879 3989 consultum
906 3936 968 3984 de
1003 3938 1267 3998 conjuratis
1297 3941 1581 3990 occidendis
1606 3957 1622 3993 ε

606 4020 717 4067 idco
737 4014 931 4075 subjicit
953 4029 968 4063 ε
992 4037 1018 4057 κ
1040 4016 1186 4077 Quod
1212 4017 1369 4080 ipsum
1388 4020 1623 4083 templum

1709 3394 2024 3441 immortales!
2038 3395 2083 3458 )‚
2105 3399 2154 3442 in
2173 3409 2265 3458 qua
2289 3410 2365 3442 mc
2391 3394 2587 3442 consule
2605 3392 2735 3441 salu·-

1711 3484 1834 3521 tnres
1862 3473 2110 3520 sententiae
2129 3472 2270 3521 dictae
2291 3483 2401 3520 sunt
2417 3508 2431 3530 ,
2461 3472 2636 3537 quibus
2663 3472 2735 3519 ad

1710 3549 1835 3596 hanc
1856 3551 1983 3598 diem
2002 3553 2207 3600 viximus
2225 3589 2240 3612 ,
2261 3570 2370 3602 cum
2391 3552 2560 3616 gladiis
2576 3550 2736 3597 homi·

1711 3645 1795 3676 nes
1820 3630 2046 3678 collocati
2072 3643 2202 3680 stant
2217 3654 2257 3679 a.

1786 3709 1832 3756 5.
1863 3708 2196 3757 Cincinnatum
2219 3709 2477 3757 consulem.
2502 3706 2579 3753 Ad
2602 3720 2729 3753 con-

1712 3795 1945 3850 temptum
1985 3803 1998 3836 :
2049 3788 2184 3852 quod
2233 3786 2550 3851 amplissimus
2602 3784 2729 3832 ordo

1713 3865 2058 3927 nequissimum
2091 3866 2364 3923 consulem,
2402 3865 2487 3927 qui
2521 3865 2614 3912 sibi
2647 3879 2730 3910 ca-

1713 3943 1926 3992 lamistro
1968 3962 2154 3993 comam
2196 3945 2246 3991 in
2285 3943 2537 3993 cincinnos
2571 3946 2724 3993 intor-

1712 4035 1904 4086 queret,
1939 4040 2046 4071 cum
2068 4023 2291 4086 lacrymis
2310 4033 2484 4072 oraret.
