2994 4778
675 439 1061 508 ORATIO
1110 440 1318 506 PRO
1367 440 1440 506 P.
1494 441 1883 510 SEXTIO.

2244 442 2328 537 37

228 560 405 651 tet),
436 571 661 655 pacto
695 555 1235 654 jam‘foederew
1283 559 1849 654 provinciarum,
1890 561 2213 658 producti
2256 566 2328 632 in

228 670 406 738 circo
457 668 817 738 Flaminio
858 670 935 737 in
978 668 1398 737 concionem
1450 667 1541 738 ab
1591 668 1715 738 illa
1773 666 1953 739 furia
2004 693 2083 741 ac
2131 685 2330 768 peste

230 780 472 872 patriae
494 829 517 862 ‚
553 779 870 847 maximo
898 799 1060 845 cum
1092 776 1361 871 gemitu
1395 791 1635 847 vestro
1659 830 1678 863 ,
1716 776 1835 847 illa
1865 779 2136 864 omnia,
2176 803 2333 874 quae

224 898 371 955 tum
430 900 690 956 contra
741 908 893 971 me,
946 898 1336 980 contraque
1388 884 1910 982 rempublicam
1938 896 1993 928 ¹¹
2036 886 2336 972 dixerat,

220 1018 397 1064 voce
441 1018 531 1064 ac
564 994 917 1065 sententia
952 1017 1077 1063 sua
1116 993 1786 1091 comprobaverunt.

308 1108 478 1174 XV.
520 1101 782 1173 Iisdem
820 1101 1240 1173 consulibus
1272 1102 1684 1175 sedentibus
1713 1119 1926 1200 atque
1956 1107 2344 1200 inspectan-

220 1210 418 1282 tibus
442 1265 463 1297 ‚
500 1212 643 1281 lata
686 1211 801 1281 lex
828 1227 932 1282 est
952 1222 1002 1297 ¹,
1035 1237 1128 1283 ne
1156 1215 1466 1309 auspicia
1494 1213 1808 1284 valerent
1830 1266 1848 1298 ‚
1884 1238 1979 1283 ne
2014 1215 2175 1309 quis
2208 1212 2339 1283 ob-

222 1323 602 1392 nuntiaret
620 1331 675 1405 2,
739 1346 832 1390 ne
877 1322 1039 1417 quis
1094 1322 1233 1417 legi
1288 1318 1834 1404 intercederet³;
1879 1335 1961 1390 ut
2006 1319 2347 1390 omnibus

222 1429 422 1501 fastis
441 1434 474 1481 ⁴
540 1427 797 1500 diebus
847 1430 1071 1525 legem
1129 1426 1296 1500 ferri
1354 1429 1630 1514 liceret,
1689 1444 1773 1500 ut
1827 1429 1941 1500 lex
1987 1430 2190 1512 AElia,
2232 1429 2347 1499 lex

223 1538 426 1610 Fufia
453 1536 484 1582 ⁵
525 1562 620 1608 ne
666 1538 931 1609 valeret
962 1564 977 1606 :
1008 1562 1150 1634 qua
1195 1563 1340 1608 una
1373 1541 1781 1635 rogatione,
1826 1542 1987 1634 quis
2036 1553 2176 1623 est,
2221 1542 2345 1634 qui

225 1673 375 1718 non
416 1645 807 1742 intelligat,
844 1648 1248 1717 universam
1278 1647 1790 1746 rempublicam
1824 1672 1974 1718 esse
2002 1646 2349 1717 deletam?

227 1756 499 1828 Iisdem
534 1754 948 1825 consulibus
982 1756 1588 1852 inspectantibus,
1624 1780 1988 1826 servorum
2031 1755 2348 1825 delectus

228 1863 638 1936 habebatur
698 1888 833 1959 pro
893 1861 1230 1934 tribunali
1286 1864 1610 1950 Aureli0,
1668 1865 1961 1933 nomine
2014 1862 2349 1957 collegio-

225 1999 391 2045 rum
409 1972 469 2059 θ,
521 1996 751 2068 quum
800 1974 1082 2042 vicatim
1134 1971 1462 2043 homines
1522 1970 2168 2058 conscriberentur,
2221 1971 2347 2040 de-

302 2180 379 2213 xo.
397 2166 551 2212 Paeto
553 2163 668 2225 jam
670 2161 867 2227 foedere
868 2163 1245 2227 provinciarum.

232 2245 300 2291 Ut
319 2242 603 2307 provincias
624 2242 897 2304 acciperent
916 2258 943 2287 a
966 2241 1140 2290 Clodio
1164 2242 1245 2289 tri·

232 2321 365 2367 buno
384 2321 458 2384 pl.
485 2335 609 2382 quas
632 2318 843 2377 vellent,
870 2335 922 2366 ea
943 2319 1072 2383 lege,
1094 2322 1133 2366 si
1156 2320 1248 2384 ipsi

236 2400 368 2462 prius
389 2400 431 2447 ei
454 2397 796 2462 permitterent
813 2433 827 2456 ,
852 2407 907 2444 ut
923 2432 937 2454 ,
952 2414 1059 2460 quae
1084 2398 1248 2457 vellet,

235 2477 290 2524 iu
312 2477 652 2541 rempublicam
672 2474 924 2538 perficeret
937 2510 951 2533 ,
972 2476 1068 2523 hoc
1091 2485 1178 2536 est,
1195 2486 1252 2523 ut

233 2555 363 2618 leges
384 2555 664 2619 reipublicae
689 2553 1115 2617 perniciosissimas
1138 2571 1251 2618 per·

236 2635 357 2682 fene
374 2645 559 2698 posset.

309 2726 332 2760 1
346 2727 386 2759 1.
413 2713 534 2774 Quoe
549 2722 654 2758 tutu
670 2719 841 2756 contra
860 2725 960 2765 me,
986 2720 1251 2773 contraque

234 2790 575 2854 rempublicam
618 2787 831 2836 dixerat.
877 2789 1044 2850 Quum
1090 2787 1253 2835 edixe-

234 2878 370 2926 runt,
387 2879 444 2915 ut
456 2876 651 2914 senatus
660 2900 676 2924 ‚
689 2865 775 2928 qui
787 2875 988 2930 propter
999 2881 1253 2913 moerorem
1312 2869 1319 2882 ’

235 2945 461 2993 vestitum
480 2953 748 2994 mutaverat
763 2976 778 3001 ,
804 2942 869 3000 ad
894 2944 1153 3006 pristinum
1171 2959 1254 2991 ve·

234 3025 406 3072 stium
423 3021 622 3069 redita.

304 3106 430 3150 XV.
456 3114 503 3150 r.
528 3104 655 3148 Lata
672 3100 754 3147 lex
774 3110 860 3148 ese.
889 3102 1113 3162 Quatuor
1129 3099 1256 3164 leges

238 3183 357 3245 πάρ.
393 3177 693 3245 pernicium·
724 3178 837 3225 tulit
875 3179 930 3225 P.
969 3177 1171 3225 Clodius
1203 3178 1256 3224 iu

236 3260 492 3308 u-ibnmtn
526 3256 599 3322 pl.
638 3256 698 3305 de
729 3273 918 3305 annona
934 3291 949 3316 ‚
984 3267 1040 3304 ut
1070 3255 1258 3321 populo

237 3339 558 3395 frumentum,
588 3335 726 3399 quod
748 3348 889 3384 antea
910 3335 1185 3383 semissibus
1210 3345 1259 3381 et

238 3418 498 3465 trientibus
551 3415 757 3463 dabatur
772 3452 788 3478 ‚
831 3415 976 3478 gratis
1028 3414 1221 3462 daretur
1242 3428 1257 3462 :

240 3495 461 3554 meram,
503 3505 565 3542 ut
619 3492 821 3557 collegis
862 3494 1258 3541 restituerentur:

241 3576 427 3622 tertiam
442 3611 458 3634 ,
486 3584 546 3621 ut
568 3571 758 3620 infirma
777 3586 1031 3620 censorum
1048 3579 1259 3634 potestas

243 3648 1263 3716 esset:quartamhauc‚dequahicCicero

247 3730 491 3794 loquitur:
514 3729 633 3779 vide
655 3730 810 3788 infm,
832 3729 884 3776 in
906 3727 1155 3784 Pisonem,
1177 3727 1264 3773 Pe-

257 3806 438 3856 diam
453 3843 468 3865 ‚
487 3808 705 3858 Diouem
722 3843 737 3868 ,
753 3806 845 3854 lib.
868 3805 1160 3852 xxxvln.

331 3900 379 3932 2.
408 3889 478 3934 Ne
511 3886 625 3952 quis
650 3883 980 3934 obnuntiaret.
1014 3882 1090 3929 Ne
1119 3881 1272 3944 magi·

256 3972 429 4010 stratus
471 3959 841 4026 renuntiando,
898 3960 1017 4024 quid
1070 3975 1273 4024 augures

254 4052 487 4091 servantes
522 4046 587 4093 de
623 4042 750 4091 caelo
776 4039 1117 4100 advertissent,
1153 4055 1273 4087 con·

255 4120 443 4168 cionem
460 4123 806 4170 dissolverent.

1352 2190 1356 2195 ·
1407 2168 1456 2213 3.
1480 2165 1596 2230 Legi
1610 2163 1934 2213 intmedeme.
1953 2163 2030 2212 Ne
2048 2163 2134 2212 ulli
2152 2163 2349 2212 tribuno

1336 2244 1406 2291 fas
1424 2256 1545 2291 esset
1564 2244 1657 2307 legi
1679 2244 1926 2292 obsistere.

1409 2331 1463 2377 4.
1492 2322 1723 2371 Omnibus
1719 2320 1890 2386 fastis.
1918 2322 2081 2383 Quum
2097 2321 2266 2369 diebus
2287 2322 2349 2367 fa·

1336 2402 1422 2449 stis
1447 2401 1671 2448 omuibus
1698 2402 1892 2465 quidem
1916 2401 2020 2465 lege
2048 2416 2185 2464 agere
2205 2436 2219 2459 ,
2245 2417 2346 2447 non

1338 2479 1561 2527 omnibus
1609 2490 1763 2526 tamen
1822 2495 1931 2525 cum
1974 2478 2160 2542 populo
2213 2493 2351 2540 agere

1336 2558 1503 2605 liceret
1519 2592 1532 2614 ,
1555 2556 1754 2606 Clodius
1778 2557 1923 2603 fastos
1943 2572 2110 2602 omnes
2137 2555 2355 2602 comitia-

1337 2637 1407 2684 les
1427 2636 1717 2696 eminuit,
1733 2635 1830 2681 hoc
1859 2644 1955 2690 est,
1978 2643 2034 2679 ut
2051 2668 2065 2692 ,
2094 2631 2226 2695 quod
2249 2633 2357 2694 qui·

1336 2713 1542 2762 busdam
1587 2715 1719 2764 tastis
1770 2710 1947 2760 licebat
1964 2745 1981 2771 ,
2029 2710 2082 2757 id
2128 2710 2354 2759 omnibus

1336 2792 1522 2841 liceret.

1415 2873 1460 2920 5.
1491 2872 1595 2918 Lex
1621 2868 1754 2918 AElia
1769 2905 1785 2931 ‚
1805 2868 1888 2916 Iex
1908 2866 2050 2936 Fufia
2070 2882 2132 2914 ne
2148 2866 2355 2915 valer-oe.

1340 2950 1474 2999 Dicit
1501 2959 1657 2997 antem
1673 2983 1688 3007 ,
1709 2946 1842 3011 quod
1865 2946 2086 3011 proxime
2108 2960 2121 2994 :
2142 2961 2252 2994 nam
2272 2946 2355 2993 lex

1340 3028 1460 3076 AElia
1485 3037 1537 3074 et
1565 3025 1693 3074 Fufia
1727 3026 1787 3073 de
1812 3025 2038 3089 auspiciis
2077 3035 2124 3071 et
2157 3023 2357 3070 obnunss

1340 3106 1540 3153 tiatione
1566 3114 1696 3160 erat3
1724 3103 1810 3150 sed
1838 3102 1993 3165 legem
2021 3103 2242 3148 nominat
2260 3136 2275 3158 ,
2303 3111 2356 3148 ut

1343 3181 1576 3230 invidiam
1595 3181 1646 3225 in
1662 3179 1892 3229 Clodium
1910 3187 2097 3240 augeat.

1418 3260 1472 3306 6.
1511 3255 1721 3305 Nomine
1753 3255 2074 3321 collegiorum.
2116 3255 2325 3320 collegia
2343 3292 2358 3314 ‚

1346 3341 1442 3388 hoc
1476 3348 1571 3396 est,
1596 3335 1872 3385 infimorum
1891 3336 2142 3383 hominum
2158 3370 2173 3395 ,
2209 3348 2359 3383 certas

1347 3430 1473 3468 artes
1502 3416 1681 3481 pariter
1706 3417 2029 3463 exercentium
2057 3427 2325 3463 conventus
2346 3450 2361 3472 ‚

1345 3499 1441 3558 jam
1463 3495 1581 3543 iude
1608 3511 1634 3542 a
1660 3494 1820 3542 Numa
1845 3509 1958 3557 rege
1981 3509 2082 3541 esse
2112 3493 2328 3541 instituta
2345 3528 2360 3551 ,

1345 3577 1397 3624 iu
1422 3575 1566 3623 Plinii
1591 3573 1808 3623 Naturali
1827 3573 2039 3622 Historia
2055 3607 2069 3630 ,
2096 3583 2145 3620 et
2167 3574 2217 3619 iu
2248 3573 2361 3620 Plu-

1349 3654 1518 3702 tarcho
1553 3654 1784 3717 scriptum
1824 3662 1936 3700 est:
1975 3663 2172 3715 postea,
2209 3667 2359 3715 quum

1349 3733 1524 3780 horum
1543 3729 1858 3794 collegiorum
1879 3746 2104 3778 numerus
2131 3741 2253 3778 esset
2279 3746 2364 3777 au·

1355 3820 1485 3867 ctus,
1506 3811 1665 3856 omnia
1677 3841 1690 3865 ‚
1709 3819 1882 3872 praeter
1894 3824 2046 3872 pauca
2063 3820 2207 3872 atque
2219 3820 2366 3864 certa,

1358 3898 1411 3935 ut
1430 3887 1675 3935 fabrorum
1690 3920 1704 3942 ,
1728 3884 2049 3949 fictorumque
2070 3902 2176 3949 quae
2197 3887 2370 3934 civita·

1361 3966 1424 4013 tis
1449 3964 1630 4012 utilitas
1659 3963 1978 4022 desiderabat,
2005 3964 2224 4028 pluribus
2252 3965 2368 4026 legi-

1362 4043 1456 4090 bus
1471 4041 1655 4090 sublata
1670 4053 1782 4090 sunt
1792 4076 1806 4100 ,
1822 4058 1979 4105 neque
1992 4042 2147 4089 solum
2163 4039 2367 4104 legibus,

1368 4120 1451 4168 sed
1476 4120 1618 4168 etiam
1644 4119 2094 4178 senatusconsultis,
2123 4128 2177 4165 at
2200 4120 2251 4164 L.
2272 4118 2376 4166 Cae-
