2994 4778
628 430 765 531 2274
1271 436 1368 502 M.
1423 436 1500 500 T.
1554 435 2112 505 clcssaoms

621 581 801 627 nore
822 570 875 642 ⁷,
922 570 999 626 ut
1045 556 1346 625 omnino
1394 554 1684 624 nemini.
1737 559 1888 625 Cur
1927 558 2139 652 igitur
2176 577 2591 656 exspectem
2632 565 2782 636 ho·

619 672 891 739 minem
922 667 1275 763 aliquem,
1313 668 1438 761 qui
1474 687 1592 734 me
1627 689 1791 734 cum
1827 667 1950 736 illo
1979 669 2052 737 in
2082 669 2375 764 gratiam
2413 671 2788 745 reducat?

616 779 926 851 Reduxit
968 776 1150 848 ordo
1190 774 1668 871 amplissimus
1686 772 1741 862 ⁸,
1781 791 1853 846 et
1881 779 2062 847 ordo
2092 780 2184 863 is,
2226 781 2351 876 qui
2383 795 2489 850 est
2522 797 2597 852 et
2629 807 2779 879 pu·

621 892 791 963 blici
831 888 1139 970 consilii,
1174 901 1246 957 et
1288 910 1617 955 meorum
1646 887 1974 956 omnium
2007 890 2475 960 consiliorum
2506 908 2786 965 auctor

619 1015 691 1071 et
712 1002 1223 1099 princepS.Vos
1243 1020 1532 1091 sequor,
1554 1009 1793 1091 patres
1822 999 2234 1095 conscripti,
2253 997 2461 1071 vobis
2479 1001 2773 1075 obtem-

617 1136 839 1210 per0‚
870 1110 1080 1179 vobis
1109 1106 1501 1178 assentior:
1536 1109 1662 1200 qui
1687 1160 1705 1190 ‚
1749 1106 2091 1203 quamdiu
2131 1115 2206 1180 C.
2253 1114 2543 1184 Caesaris
2576 1139 2778 1185 con-

621 1222 769 1292 silia
810 1222 883 1290 in
922 1216 1292 1315 republica
1330 1239 1479 1284 non
1513 1218 1818 1286 maxime
1846 1215 2279 1313 diligebam,
2313 1246 2432 1293 me
2461 1249 2776 1321 quoque

617 1356 783 1403 cum
839 1329 963 1400 illo
1012 1330 1252 1396 minus
1303 1325 1776 1419 conjunctum
1832 1327 2225 1416 videbatis3
2284 1349 2770 1431 posteaquam

615 1439 837 1512 rebus
886 1438 1099 1535 gestis
1151 1448 1432 1505 mentes
1482 1449 1754 1507 vestras
1803 1437 2355 1538 voluntatesque
2397 1451 2774 1533 mutastis,

617 1578 734 1623 me
786 1575 936 1621 non
990 1549 1226 1618 solum
1279 1549 1616 1615 comitem
1671 1570 1823 1617 esse
1874 1555 2247 1622 sententiaa·
2298 1567 2589 1643 vestrae,
2633 1557 2770 1628 sed

619 1667 830 1735 etiam
879 1658 1324 1731 laudatorem
1365 1655 1658 1727 vidistis.

716 1777 840 1842 XI.
898 1768 1037 1840 Sed
1090 1766 1264 1862 quid
1313 1781 1456 1852 est,
1503 1766 1700 1861 quod
1745 1768 1820 1836 in
1864 1767 1998 1839 hac
2036 1794 2245 1842 causa
2285 1777 2597 1847 maxime
2636 1778 2774 1849 ho-

615 1886 843 1954 mines
885 1877 1329 1949 admirentur
1362 1890 1433 1945 et
1468 1875 2002 1972 reprehendant
2041 1905 2283 1952 meum
2328 1887 2719 1958 consilium
2746 1944 2768 1971 ‚

614 2017 842 2091 quum
888 2014 1022 2086 ego
1063 1987 1254 2057 idem
1293 2001 1502 2056 antea
1536 1986 1762 2056 multa
1802 1986 2241 2061 decreverim
2267 2046 2286 2077 ‚
2328 2019 2491 2090 qua·
2527 2002 2767 2094 magis

615 2101 705 2173 ad
743 2101 1055 2171 hominis
1099 2097 1516 2193 dignitatem
1540 2150 1559 2181 ‚
1604 2120 1822 2192 quam
1863 2097 1954 2167 ad
2001 2100 2415 2196 reipublicae
2454 2110 2764 2178 necessi-

614 2226 833 2282 tatem
874 2208 1368 2308 pertinerent?
1415 2206 2028 2303 supplicationem
2081 2211 2546 2306 quindecim¹
2602 2216 2762 2287 die·
2859 2254 2871 2267 ν

615 2345 777 2392 rum
823 2318 1108 2388 decrevi
1155 2316 1508 2387 sententia
1548 2340 1725 2386 mea.
1767 2318 2203 2415 Reipublicae
2250 2326 2418 2396 satis
2456 2341 2611 2397 erat
2645 2342 2766 2399 tot

613 2430 937 2512 dierum,
976 2443 1159 2523 quot
1185 2433 1280 2497 ·C.
1323 2428 1627 2496 Mari02.
1666 2429 1818 2497 Diis
1861 2430 2390 2506 immortalibus
2417 2461 2569 2507 non
2606 2455 2765 2510 erat

615 2544 868 2639 exigua
896 2538 1144 2610 eadem
1168 2535 1585 2634 gratulati0‚
1610 2561 1772 2631 quae
1799 2562 1884 2606 ex
1912 2543 2236 2611 maximis
2260 2541 2538 2615 bellis3.
2567 2551 2765 2644 Ergo

612 2653 730 2723 ille
757 2650 1088 2723 cumulus
1114 2649 1395 2718 dierum
1445 2645 1761 2716 hominis
1789 2662 1898 2717 est
1924 2649 2254 2746 dignitati
2293 2654 2640 2727 tributus.
2674 2665 2763 2729 In

613 2787 763 2859 quo
801 2785 973 2856 ego,
1014 2781 1167 2854 quo
1200 2754 1499 2825 consule
1537 2752 1931 2839 referente,
1974 2762 2289 2856 primum
2319 2764 2573 2837 decem
2605 2769 2762 2839 die-

611 2895 772 2943 rum
810 2868 1238 2964 supplicatio
1272 2864 1559 2934 decreta
1592 2868 1726 2934 Cn.
1760 2869 2107 2965 Pompeio
2133 2928 2149 2956 ,
2183 2874 2608 2950 Mithridate
2647 2882 2758 2950 in-

613 2979 951 3063 terfect0‚
999 2974 1479 3070 confectoque
1526 2974 2012 3049 Mithridatico
2062 2980 2289 3070 hello,
2336 2986 2546 3079 cujus
2585 3015 2758 3059 sen-

610 3094 833 3163 tentia
892 3090 1211 3188 primum
1271 3085 1636 3183 duplicata
1693 3099 1799 3156 est
1861 3090 2296 3185 supplicatio
2351 3099 2759 3171 consularis

610 3205 634 3298 (
662 3201 835 3298 mihi
884 3205 1074 3270 euim
1124 3201 1291 3303 estis
1343 3195 1649 3281 assensi,
1707 3219 1976 3290 quum,
2040 3201 2363 3295 ejusdem
2424 3211 2756 3304 Pompeii

684 3447 730 3494 7.
756 3432 968 3479 Honore.
999 3432 1116 3478 Non
1142 3430 1299 3477 solum
1325 3430 1469 3476 oefert
1489 3428 1635 3491 quid,
1721 3444 1778 3477 ao
1797 3430 1999 3481 feliciter
2017 3438 2254 3495 eveniret3
2273 3438 2330 3485 2⁰
2343 3452 2460 3503 post
2478 3442 2754 3492 victoriam,

608 3507 695 3558 sed
724 3507 901 3571 quibus
926 3508 1087 3555 verbis
1116 3507 1415 3554 decernatur.
1444 3508 1632 3554 Contu·
1794 3526 1842 3559 α.
1884 3513 2015 3574 Quot
2051 3514 2105 3564 C.
2143 3516 2329 3566 Mario.
2365 3522 2584 3568 Devietis
2621 3524 2758 3572 Cim-

607 3586 862 3636 meliosum
900 3586 1052 3647 magis
1071 3618 1087 3642 ‚
1119 3599 1265 3647 quam
1306 3583 1631 3632 honorificum
1721 3590 1849 3649 bria
1870 3607 1971 3655 quo
1995 3603 2237 3658 tempore,
2264 3609 2321 3646 ut
2343 3600 2408 3646 ait
2433 3601 2757 3664 Plutarchus,

607 3676 680 3715 eat
744 3663 865 3711 illud
932 3665 1277 3726 Spartanorum
1348 3662 1631 3712 decretum:
1718 3670 1932 3733 populus
1959 3688 2186 3721 romanus
2219 3679 2277 3725 C.
2307 3680 2521 3727 Marium
2551 3683 2758 3731 tet-tim

604 3742 863 3809 &Quando
886 3742 1080 3805 quidem
1100 3740 1376 3789 Alexander
1398 3741 1504 3790 vult
1530 3758 1632 3790 esse
1719 3748 2021 3798 conditorem
2035 3754 2323 3817 appellavit,
2341 3770 2459 3821 post
2477 3761 2758 3811 Romulum

611 3824 761 3882 deus,
791 3821 908 3869 deus
927 3831 1033 3869 esto
1053 3843 1093 3867 n.
1717 3826 1899 3875 scilicet
1944 3839 1995 3875 et
2041 3832 2329 3893 Camillum3
2376 3839 2518 3901 eique
2568 3842 2756 3904 singuli

626 3907 629 3910 '
679 3902 727 3948 ⁸.
755 3898 889 3948 Ordo
912 3899 1254 3964 amplisu'mm.
1283 3903 1584 3949 Senatorum.
1718 3905 1846 3955 inter
1869 3909 2037 3972 epulas
2061 3912 2271 3975 privatas
2299 3932 2451 3964 coeuae
2469 3920 2718 3982 primitias
2739 3958 2756 3981 ‚

676 3982 767 4027 XI.
816 3994 860 4026 1.
903 3979 1314 4042 Supplicatt'onem
1353 3979 1628 4044 quindecim
1719 3987 1919 4048 perinde
1942 4005 2001 4036 ac
2023 3989 2116 4038 diis
2138 3992 2428 4042 libavemnt.

613 4059 815 4108 druiem.
867 4057 1064 4122 Duplex
1109 4074 1260 4120 genua
1306 4060 1626 4125 supplicatio·
1791 4066 1839 4113 3.
1865 4068 1990 4130 Quoe
2011 4084 2077 4115 ea·
2095 4072 2328 4119 unua-imis
2348 4073 2498 4122 bellis.
2521 4076 2749 4126 Suband.

602 4155 716 4190 num
752 4137 878 4198 fuit,
912 4132 966 4181 ιο
988 4148 1099 4184 ante
1146 4136 1349 4208 benum,
1402 4152 1457 4188 ut
1496 4138 1620 4185 bene
1716 4142 2077 4196 decernebam.
2509 4141 2518 4150 '
