2994 4778
916 430 1666 505 ARGUMENTUM.
2218 429 2359 529 169

310 567 457 610 acres
478 547 884 610 accusationes
908 561 1058 625 tius,
1080 570 1280 629 eaeque
1303 570 1506 624 omnes
1540 570 1615 612 ex
1649 551 1798 628 reip.
1828 551 2195 614 contentione
2218 571 2353 614 sus-

311 661 515 726 ceptae3
556 647 930 707 defensiones
953 648 1061 707 etsi
1090 649 1190 708 illa
1213 662 1380 709 erant
1405 649 1465 708 in
1494 668 1568 708 eo
1595 648 1869 722 meliora,
1895 668 2024 727 quae
2050 649 2204 724 dixi,
2230 672 2350 712 uon

307 744 741 805 contemnendae
775 758 1004 816 tamen,
1049 765 1299 824 saneque
1342 745 1675 806 tolerabiles
1694 770 1740 807 n.
1767 747 1912 805 Tres
1954 744 2082 823 ejus
2127 765 2354 809 accusa·

305 841 517 911 tiones,
544 861 697 920 quas
726 841 934 901 Cicero
959 842 1246 921 appellat,
1286 843 1452 902 fuere
1488 841 1682 922 prima
1726 840 1790 901 in
1833 844 1903 902 C.
1928 842 2249 904 Antonium
2276 843 2352 904 de

295 937 631 1016 majestate,
662 937 767 1015 qui
799 938 1162 997 consulatum
1201 957 1332 997 cum
1359 939 1642 999 Cicerone
1674 950 1954 1017 gesserat3
1995 937 2249 997 secunda
2288 939 2353 998 in

293 1034 716 1113 Sempronium
751 1032 1086 1093 Atratinum
1126 1031 1200 1092 de
1239 1033 1496 1108 ambitu,
1522 1048 1584 1093 et
1618 1048 1922 1112 utramque
1948 1032 2233 1112 significat
2255 1035 2355 1096 Ci-

293 1150 431 1190 cero
459 1131 524 1190 in
546 1130 663 1189 hac
683 1130 977 1204 oratione,
1003 1149 1120 1209 qua
1140 1150 1274 1189 eum
1303 1130 1603 1205 defendit,
1630 1149 1756 1210 cap.
1791 1150 1817 1191 ι
1849 1143 1908 1189 et
1937 1131 2034 1202 313
2064 1130 2265 1205 tertia,
2290 1145 2359 1192 ut

292 1226 535 1305 opinor,
558 1228 623 1285 in
647 1231 714 1286 C.
741 1226 1014 1300 Laelium,
1040 1240 1109 1286 ut
1135 1246 1210 1293 ex
1240 1225 1585 1302 Quintiliani
1610 1226 1826 1297 verbis,
1846 1228 1959 1301 v1,
1984 1227 2019 1288 3
2036 1270 2054 1300 ,
2082 1227 2187 1305 39,
2210 1226 2352 1289 mihi

291 1324 508 1383 videor
554 1342 731 1402 posse
782 1321 1094 1402 conjicere.
1134 1322 1381 1403 Scripsit
1418 1325 1595 1383 etiam
1643 1323 1983 1384 concionem
2027 1322 2104 1385 de
2152 1323 2352 1402 aquis,

293 1440 474 1500 quam
517 1420 834 1481 Frontinus
881 1420 955 1479 de
988 1420 1332 1498 Aquaeduct.
1369 1435 1477 1482 art.
1522 1422 1599 1497 76
1641 1422 1933 1496 nominat;
1996 1440 2127 1483 eam
2173 1421 2351 1482 fuisse

292 1539 413 1579 non
460 1518 675 1582 dubito
713 1533 919 1579 contra
955 1520 1225 1597 aquarios
1264 1532 1324 1580 et
1362 1518 1751 1596 tabernarios;
1799 1539 1937 1580 nam
1979 1521 2137 1600 ipse,
2162 1521 2348 1600 Epist.

294 1619 478 1684 VIII,
523 1616 597 1674 6:
634 1640 662 1668 ι
677 1614 786 1673 nisi
808 1634 916 1693 ego
933 1657 954 1689 ,
992 1615 1213 1694 inquit,
1237 1634 1370 1675 cum
1398 1614 1738 1676 tabernariis
1763 1629 1824 1676 et
1853 1615 2107 1694 aquariis
2128 1634 2348 1695 pugna-

296 1730 449 1784 rem,
476 1722 756 1770 veternus
781 1709 1071 1769 civitatem
1099 1723 1499 1820 occupasset.

368 1812 618 1867 «Mores
659 1806 720 1864 in
764 1827 837 1866 eo
877 1806 1107 1866 minime
1138 1828 1273 1867 cum
1304 1808 1539 1888 ingenio
1568 1806 1924 1868 conferendi.
1961 1805 2348 1870 Iracundissi-

295 1923 449 1963 mum
477 1902 737 1982 appellat
766 1907 987 1964 Seneca
1017 1903 1117 1963 lib.
1156 1908 1248 1964 111
1281 1904 1356 1963 de
1394 1907 1528 1980 Ira,
1567 1906 1694 1985 cap.
1729 1906 1786 1964 8.
1827 1903 2221 1978 Quintilianus
2261 1904 2343 1964 ait

295 2001 333 2058 l.
358 2003 401 2060 1.
425 2001 680 2079 -dignus
720 2001 809 2059 vir
846 2001 942 2059 cui
990 2020 1152 2060 mens
1188 2001 1450 2061 melior...
1491 2001 1886 2082 contigisset».
1928 2001 2135 2061 Cicero
2177 2003 2340 2060 Brut.

297 2118 439 2158 «nec
464 2117 615 2157 vero
640 2101 725 2155 Μ.
759 2097 999 2156 Coelium
1025 2097 1485 2173 praetereuudum
1509 2097 1783 2170 arbitror,
1816 2115 2194 2176 quaecumque
2218 2096 2343 2175 ejus

296 2194 351 2252 in
375 2194 540 2254 exitu
570 2195 665 2253 vel
693 2194 959 2266 fortuna,
987 2194 1077 2252 vel
1102 2214 1262 2254 mens
1286 2194 1398 2253 fuit
1410 2220 1457 2254 υ.
1478 2199 1742 2272 Nequam
1766 2206 1825 2254 et
1844 2194 2155 2273 prodigum
2173 2193 2347 2254 fuisse

304 2311 367 2350 ex
385 2292 476 2351 his
502 2292 720 2351 velleii
752 2291 946 2352 verbis
981 2292 1347 2371 intelligitur:
1373 2317 1399 2345 α
1422 2296 1620 2367 Quum
1645 2312 1720 2351 ne
1748 2312 1781 2350 a
1810 2292 1922 2351 diis
1948 2291 2186 2370 quidem
2216 2311 2343 2351 ser-

309 2389 415 2447 vari
437 2403 638 2469 posset
679 2387 920 2470 (quippe
947 2388 1112 2468 pejor
1140 2389 1224 2448 illi
1250 2409 1343 2448 res
1378 2388 1703 2463 familiaris,
1741 2408 1915 2467 quam
1959 2408 2119 2448 mens
2160 2394 2342 2462 erat),

309 2484 365 2542 in
389 2502 633 2563 praetura
672 2505 954 2544 novarum
989 2485 1317 2545 tabularum
1360 2499 1566 2544 auctor
1592 2485 1814 2556 exstitit
1834 2509 1879 2547 n.
1906 2483 2129 2545 Eodem
2157 2484 2341 2564 perti-

304 2595 429 2640 nent
458 2584 559 2642 illa
595 2581 976 2657 Quintiliani,
1006 2586 1068 2657 1,
1093 2583 1166 2642 6:
1189 2588 1371 2643 «Haec
1396 2580 1790 2662 (etymologia)
1818 2578 1996 2640 habet
2023 2579 2338 2659 aliquando

298 2697 449 2738 usum
483 2680 909 2750 necessarium,
941 2679 1168 2757 quoties
1200 2679 1680 2759 interpretatione
1711 2697 1835 2751 res,
1866 2675 1942 2735 de
1977 2695 2096 2756 qua
2134 2676 2341 2755 quaeri·

297 2787 401 2848 tur,
423 2790 586 2854 eget;
618 2789 686 2835 ut
710 2796 890 2854 quum
919 2781 1004 2835 M.
1039 2778 1252 2837 Coelius
1280 2797 1341 2837 se
1369 2797 1495 2836 esse
1521 2774 1815 2836 hominem
1847 2775 2002 2853 frugi
2034 2773 2158 2832 vult
2196 2793 2340 2853 pro-

291 2869 454 2947 bare,
482 2893 604 2932 non
634 2874 771 2951 quia
795 2872 1090 2932 abstinens
1121 2873 1196 2931 sit
1240 2872 1397 2952 (nam
1424 2872 1487 2932 id
1519 2894 1594 2932 ne
1633 2873 1866 2932 mentiri
1901 2870 2139 2950 quidem
2178 2884 2342 2948 pote-

292 2969 426 3047 rat),
456 2969 557 3028 sed
590 2969 733 3047 quia
769 2970 925 3028 utilis
965 2969 1187 3044 multis,
1219 2969 1279 3028 id
1316 2983 1437 3040 est,
1488 2969 1851 3040 fructuosus,
1897 2967 2054 3027 unde
2081 2966 2237 3026 dicta
2266 2965 2341 3026 sit

289 3065 641 3144 frugalitas».
674 3066 1044 3145 Impudicum
1085 3078 1146 3125 et
1174 3067 1453 3125 lascivum
1491 3065 1727 3144 [fuisse,
1756 3077 1915 3124 certe
1948 3064 2010 3123 in
2044 3063 2344 3141 utriusque

289 3161 418 3219 vitii
444 3163 737 3224 infamiam
758 3163 1092 3242 incurrisse]
1114 3162 1369 3228 ostendit
1400 3162 1589 3220 oratio
1616 3160 1931 3226 Ciceronis.
1954 3157 2216 3221 Saltandi
2241 3178 2342 3218 ar-

285 3271 401 3318 tem
425 3259 728 3339 diligenter
750 3259 974 3336 didicit,
987 3259 1251 3339 ingenuis
1276 3257 1610 3319 indecoram
1633 3271 1806 3335 atque
1836 3255 2232 3329 inhonestam;
2263 3255 2338 3314 cf.

284 3354 822 3416 Macrob.Saturn.
862 3352 1505 3432 11‚1o.1nconstautis
1538 3352 1755 3431 ingenii
1782 3351 1914 3414 fuit.
1943 3351 2200 3412 Primum
2230 3351 2341 3410 tri-

285 3448 478 3511 bunus
501 3451 714 3532 plebis,
740 3470 861 3529 quo
894 3471 1048 3534 anno
1074 3456 1135 3510 P.
1176 3450 1417 3512 Clodius
1444 3470 1480 3509 a
1508 3449 1730 3512 Milone
1760 3449 1985 3508 occisus
2013 3461 2134 3517 est,
2178 3448 2340 3528 opti-

286 3561 505 3608 matum
526 3562 724 3627 partes
748 3547 1029 3606 defendit.
1050 3551 1183 3622 Qua
1214 3546 1289 3606 de
1315 3567 1380 3607 re
1407 3547 1490 3606 sic
1512 3546 1766 3607 Cicero
1751 3567 1812 3605 m
1831 3550 2051 3615 Bruto,
2078 3564 2208 3623 cap.
2233 3564 2338 3623 79.

285 3647 459 3704 «talis
486 3645 754 3704 tribunus
784 3644 973 3724 plebis
998 3645 1139 3720 fuit,
1179 3659 1244 3705 ut
1271 3663 1445 3705 nemo
1476 3658 1682 3705 contra
1719 3642 1937 3703 civium
1973 3640 2341 3721 perditorum

286 3742 620 3822 popularem
660 3741 1174 3820 turbulentamque
1209 3742 1559 3802 dementiam
1587 3762 1625 3800 a
1658 3741 1861 3800 senatu
1890 3753 1953 3799 et
1987 3759 2022 3798 a
2046 3737 2340 3798 bonorum

287 3858 454 3897 cansa
476 3839 699 3899 steterit
727 3838 1085 3898 constantius
1104 3865 1149 3898 υ.
1180 3844 1328 3899 Mox
1363 3838 1510 3897 ortis
1555 3838 1710 3896 inter
1745 3841 2029 3897 Caesarem
2066 3848 2125 3894 et
2161 3838 2338 3893 Pom-

283 3935 474 4014 peium
496 3935 800 3997 discordiis
822 3948 1089 3994 neutram
1111 3935 1172 3992 in
1194 3947 1422 4014 partem
1445 3933 1721 3992 inclinare
1748 3932 1905 3991 visus
1936 3930 2132 3990 est.1d
2157 3929 2338 4009 signi-

283 4033 413 4091 fleat
443 4034 643 4091 Cicero
670 4033 858 4112 Epist.
887 4034 988 4102 11,
1026 4030 1141 4091 15:
1177 4031 1343 4112 «ipsa
1382 4028 1718 4122 republica,
1759 4029 1984 4108 inquit,
2014 4026 2160 4086 nihil
2194 4025 2336 4084 mihi

286 4140 372 4185 est
397 4128 615 4203 carius3
656 4130 714 4188 in
744 4148 863 4207 qua
892 4141 954 4187 tu
983 4148 1102 4188 non
1128 4128 1297 4188 valde
1341 4140 1397 4186 te
1425 4126 1644 4204 jactas,
1691 4125 1983 4188 districtus
2015 4123 2170 4183 euim
2198 4119 2339 4180 mihi
