2994 4778
583 387 729 459 606
1265 386 2038 458 ARGUMENTUM.

662 508 840 567 veteri
873 506 1132 586 hospitio
1160 518 1334 584 atque
1364 505 1663 576 nuncium,
1693 506 1961 586 dignitati
1988 510 2247 588 aetatique
2274 512 2579 583 hominis,
2598 533 2729 591 pre-

658 603 823 663 cibus
848 623 1052 662 eorum
1092 603 1193 681 qui
1225 602 1555 679 frequentes
1581 606 2015 664 concurrissent
2053 606 2302 686 hospites
2334 623 2531 687 atque
2560 612 2729 667 amici

658 702 919 781 Dejotari
941 700 1014 760 ad
1038 700 1507 780 deprecandum,
1489 725 1504 739 ·
1544 702 1616 760 de
1634 704 2045 769 controversiis
2070 705 2502 765 tetrarcharum
2528 721 2733 785 postea

659 818 721 857 se
760 797 1123 877 cogniturum
1166 816 1289 854 esse
1328 795 1511 869 dixit3
1562 798 1785 876 regium
1827 800 2099 857 vestitum
2134 801 2190 858 ei
2230 802 2484 859 restituit
2534 802 2731 881 (Hirt.

658 894 797 953 Bell.
825 893 916 952 Al.
943 913 996 951 c.
1017 891 1145 970 67).
1192 894 1438 950 Intravit
1462 896 1656 951 Caesar
1692 895 1956 972 Dejotari
1985 895 2267 966 domum,
2296 898 2730 976 magnificeque

659 991 908 1051 donatus
934 989 990 1047 ei
1018 990 1245 1048 veniam
1272 988 1470 1061 dedit,
1495 990 1578 1047 ita
1596 1002 1789 1049 tamen
1820 1004 1885 1049 ut
1910 994 2071 1071 regni
2094 1007 2358 1071 partem,
2384 995 2731 1053 Armeniam

662 1088 973 1159 adimeret,
1012 1088 1234 1165 regium
1261 1105 1406 1146 vem
1439 1105 1657 1145 nomen
1695 1088 1750 1145 ei
1799 1090 2162 1148 concederet.
2204 1092 2451 1149 Biennio
2486 1092 2733 1151 tandem

660 1194 1169 1273 post‚composito
1191 1192 1312 1251 scil.
1341 1192 1708 1269 Hispaniensi
1734 1191 1923 1265 belle,
1951 1196 2414 1267 saucomarias,
2465 1198 2732 1274 Deiotari

661 1311 838 1370 gener
857 1332 874 1359 ,
919 1309 1123 1348 socero
1157 1308 1332 1366 quam
1364 1287 1443 1346 ob
1483 1308 1715 1348 causam
1761 1290 2018 1348 infensus
2060 1291 2387 1364 incertum,
2429 1296 2729 1352 Castorem

660 1389 841 1447 fitium
869 1406 1034 1446 suum
1060 1390 1305 1446 Romam
1339 1385 1654 1464 misitsqui
1675 1405 1844 1444 avum
1872 1400 2203 1458 accusaret,
2249 1388 2419 1466 qnod
2444 1394 2725 1449 Caesarcm

662 1483 820 1563 apud
861 1503 925 1542 se
962 1484 1347 1542 diversantem
1387 1481 1612 1540 insidiis
1653 1482 2001 1561 intercipere
2047 1486 2402 1543 tentavisset.
2456 1490 2517 1544 Is
2559 1488 2723 1545 simul

661 1580 1013 1660 Phidippum
1045 1578 1328 1637 medicum
1346 1620 1364 1649 ‚
1396 1578 1781 1657 eumdemque
1809 1581 1961 1658 regis
2000 1600 2263 1652 servum,
2289 1584 2567 1642 mercede
2587 1605 2724 1642 cor-

659 1680 845 1757 rupit,
869 1690 937 1735 et
964 1676 1039 1735 ad
1067 1674 1452 1734 accusandum
1478 1679 1817 1756 Dejotarum
1855 1675 2212 1735 subornavit.
2253 1680 2498 1757 Duplici
2531 1682 2717 1758 potis-

660 1777 867 1835 simum
894 1786 1234 1853 argumento
1262 1775 1352 1832 usi
1382 1786 1515 1832 sunt
1552 1786 1949 1848 accusatores,
1980 1776 2333 1855 Phidippum
2370 1779 2712 1837 insidiarum

661 1873 834 1931 fuisse
858 1872 1154 1929 conscium
1170 1914 1187 1942 ‚
1216 1882 1276 1929 et
1310 1871 1651 1948 Dejotarum
1679 1890 1907 1950 semper
1929 1894 1963 1931 a
1988 1877 2212 1932 Caarc
2239 1876 2419 1933 fuisse
2440 1877 2714 1949 alienum,

655 1984 1002 2046 tempusque
1047 1966 1321 2025 idoneum
1374 1967 1499 2043 ejus
1553 1968 1926 2045 opprimendi
1975 1983 2251 2047 captasse.
2309 1973 2721 2031 Defensionem

659 2065 909 2143 suscepit
932 2064 1169 2135 Cicero,
1200 2063 1471 2139 antiquus
1504 2064 1763 2141 Dejotari
1791 2062 2005 2144 hospes
2028 2081 2087 2125 et
2113 2067 2330 2126 amicus
2353 2112 2372 2139 ,
2393 2070 2497 2146 qni
2524 2090 2722 2127 coram

657 2165 881 2221 Cnsat‘e
903 2160 1059 2220 intra
1084 2161 1341 2238 privatos
1369 2161 1619 2237 parietes
1641 2160 2102 2221 adversariorum
2137 2164 2358 2222 crimen
2382 2178 2723 2243 ceter-asque

657 2255 1245 2337 suspicioncs,quibus
1259 2256 1516 2315 delatum
1541 2258 1758 2315 crimen
1773 2256 2085 2327 nitebatur,
2107 2261 2275 2319 facile
2298 2260 2487 2320 diluit.
2500 2262 2721 2321 Habita

657 2354 889 2415 videtur
910 2354 1100 2413 oratio
1122 2359 1195 2427 Q.
1231 2351 1410 2413 Fabio
1438 2354 1698 2412 Maximo
1718 2397 1736 2426 ‚
1782 2358 1845 2413 C.
1868 2354 2166 2416 Trebonio
2197 2376 2347 2417 coss.
2369 2378 2553 2437 quum
2588 2362 2723 2419 Cae-

647 2458 848 2513 ‹sarlv
867 2453 1068 2513 consul
1099 2452 1302 2530 primis
1323 2451 1532 2510 diebus
1558 2452 1818 2511 octobris
1861 2455 2071 2513 mensis
2097 2475 2171 2514 ex
2196 2456 2478 2535 Hispania
2510 2459 2723 2517 trium-

658 2551 921 2629 phasset,
962 2548 1346 2628 depositoque
1389 2549 1694 2607 consulatu
1733 2549 1974 2609 Fabium
2018 2565 2079 2610 et
2104 2551 2461 2611 Trebonium
2502 2555 2567 2612 in
2607 2568 2724 2613 tres

656 2649 997 2708 novissimos
1012 2647 1148 2706 anni
1168 2663 1389 2704 menses
1417 2646 1739 2705 suffecisset
1765 2668 1900 2705 ann.
1925 2652 2000 2708 U.
2026 2669 2162 2724 709.
2198 2655 2467 2709 Ceterum
2501 2651 2583 2710 de
2614 2652 2725 2711 hac

656 2765 760 2804 sua
785 2746 1051 2804 oratione
1075 2743 1200 2802 haec
1215 2744 1419 2802 Cicero
1442 2742 1515 2801 ad
1532 2743 1925 2803 Dolabellam:
1953 2770 1978 2796 α
1995 2746 2440 2804 Oratiunculam
2462 2767 2583 2825 pro
2600 2753 2722 2807 Dc-

647 2842 876 2921 jotaro,
899 2860 1076 2920 quam
1097 2839 1436 2918 requirebas
1455 2884 1472 2912 ‚
1496 2839 1786 2898 habebam
1820 2861 2065 2914 mecum,
2085 2843 2245 2920 qnod
2269 2862 2389 2900 non
2418 2844 2717 2922 putabam.

655 2945 857 3020 ltaque
885 2958 1014 2997 eam
1046 2936 1156 2996 tibi
1189 2938 1338 3009 misi,
1374 2956 1549 3016 quam
1577 2937 1751 2995 velim
1779 2938 1863 2996 sic
1890 2940 2079 3015 legaS,
2112 2952 2179 2997 ut
2210 2960 2439 2998 causam
2479 2954 2721 3000 tenuem

653 3050 717 3097 et
747 3040 980 3117 inopem
1000 3079 1018 3108 ,
1051 3056 1162 3094 nec
1192 3035 1510 3113 scriptione
1540 3053 1892 3113 magnopere
1925 3035 2176 3113 dignam.
2202 3037 2316 3096 Sed
2358 3058 2467 3116 ego
2495 3039 2721 3118 hospiti

655 3136 834 3194 veteri
879 3148 938 3194 et
994 3135 1182 3194 amico
1223 3133 1627 3192 munusculum
1665 3134 1898 3193 mittere
1933 3134 2099 3192 volui
2144 3135 2466 3207 levidense,
2521 3157 2717 3196 cmso

655 3232 753 3290 filo
772 3274 789 3303 ‚
812 3229 1135 3308 cujusmodi
1164 3230 1348 3308 ipsius
1372 3230 1597 3288 soleant
1618 3249 1744 3289 esse
1764 3248 2004 3288 munera
2024 3256 2065 3290 n.
2096 3229 2189 3290 Ad
2212 3232 2347 3291 Div.
2372 3237 2494 3304 IX,
2539 3254 2629 3292 ια.

736 3424 804 3478 In
833 3421 1079 3480 exordio
1106 3421 1315 3482 Cicero
1343 3422 1425 3479 ait
1452 3439 1515 3478 se
1554 3420 1616 3478 in
1650 3419 1761 3479 hac
1792 3437 1961 3480 causa
1987 3421 2388 3498 compluribus
2417 3425 2490 3482 de
2522 3427 2706 3485 causis

655 3517 821 3579 initio
867 3517 1101 3576 dicendi
1141 3515 1517 3575 vehementer
1554 3517 1911 3582 conturbari.
1961 3519 2215 3578 Primum
2247 3522 2411 3600 quod
2452 3522 2556 3581 sibi
2596 3543 2711 3600 pro

651 3614 843 3696 capite
889 3612 1251 3688 fortunisque
1282 3612 1468 3689 τρεῖς,
1520 3624 1581 3670 et
1622 3614 1747 3690 ejus
1776 3614 2012 3692 quidem
2057 3617 2209 3695 regis
2253 3618 2565 3677 dioendnm
2602 3621 2715 3690 sit,

652 3732 827 3793 quem
876 3721 1043 3770 antea
1086 3708 1291 3767 solitus
1336 3705 1412 3769 sit
1469 3723 1682 3769 cuncto
1746 3729 1877 3769 cum
1932 3725 2135 3770 senatu
2198 3733 2438 3774 ornare.
2483 3715 2712 3776 Deinde

654 3822 1050 3869 accusatorum
1086 3806 1320 3865 alterius
1346 3805 1666 3886 (Castoris)
1696 3807 2042 3867 crudelitate
2062 3852 2078 3880 ‚
2108 3811 2349 3871 alterius
2375 3814 2399 3891 (
2415 3813 2713 3892 Phidippi)

651 3905 995 3986 indignitate
1017 3903 1387 3964 commoveri.
1414 3909 1565 3964 Tum
1593 3904 1704 3962 hoc
1726 3906 1899 3964 etiam
1932 3927 1992 3965 se
2020 3907 2314 3967 interdum
2341 3910 2712 3988 perturbare,

648 4004 806 4085 quod
834 4005 909 4063 de
937 4005 1192 4065 facinore
1211 4015 1415 4062 contra
1441 4003 1623 4061 vitam
1643 4006 1885 4063 Caesaris
1907 4005 2061 4083 apud
2086 4021 2217 4064 eum
2242 4008 2434 4085 ipsum
2452 4010 2711 4088 judicem

649 4101 959 4162 dicendum
989 4103 1092 4173 sit,
1144 4102 1205 4159 in
1236 4119 1355 4178 quo
1391 4113 1582 4159 tamen
1611 4101 1852 4160 Caesaris
1879 4101 2240 4162 humanitate
2280 4125 2341 4164 se
2369 4107 2554 4166 levari
2585 4127 2710 4167 me-
