2994 4778
584 436 964 504 οΒΑΤιο
1011 437 1210 503 PRO
1258 434 1354 501 M.
1405 435 1996 502 MARCELLO.
2203 420 2336 530 567

220 557 376 639 sic,
405 577 627 650 quem
674 552 890 626 deum
916 551 1006 639 ¹³,
1057 554 1116 624 si
1152 554 1428 650 cupiat,
1469 551 1807 648 opitulari
1851 575 2063 647 posse
2095 556 2340 653 reipu-

219 664 432 736 blicae
463 662 892 734 credamus?

326 777 518 844 VIII.
565 775 823 843 Omnia
881 788 1050 843 sunt
1100 769 1468 845 excitanda
1520 769 1722 854 tibi¹‚
1768 775 1843 841 C.
1897 773 2143 852 Caesar,
2182 777 2344 858 uni,

225 908 399 980 quae
432 885 667 978 jacere
703 883 961 968 sentiS‚
995 880 1165 953 belli
1209 881 1433 979 ipsius
1476 882 1753 978 impetu
1775 934 1794 966 ‚
1827 879 2023 977 quod
2060 890 2346 953 necesse

225 994 407 1080 fuit,
438 992 760 1091 perculsa
795 1006 1011 1088 atque
1040 1004 1390 1088 prostrata
1425 1017 1442 1059 ε
1470 988 2016 1061 constituenda²
2044 989 2346 1086 judicia*

227 1100 632 1172 revocanda
698 1100 872 1171 fides
888 1097 943 1188 ³,
1000 1099 1553 1196 comprimendae
1620 1097 1954 1170 libidines
1970 1100 2025 1185 4,
2097 1125 2349 1200 propa-

229 1212 470 1309 ganda
503 1207 865 1295 soboles⁵;
898 1213 1172 1297 omnia,
1208 1234 1372 1306 quae
1401 1209 1670 1306 dilapsa
1694 1210 1838 1304 jam
1868 1210 2351 1294 defluxerunt,
2416 1294 2419 1297 Α

231 1323 505 1393 severis
542 1320 817 1418 legibus
857 1319 1225 1391 vincienda
1269 1334 1459 1389 sunt.
1503 1324 1668 1390 Non
1706 1318 1841 1389 fuit
1878 1319 2348 1391 recusandum

231 1434 313 1501 in
353 1447 558 1503 tanto
606 1431 792 1501 civili
847 1430 1083 1510 hello,
1132 1444 1479 1524 tantoque
1530 1433 1932 1499 animorum
1989 1427 2244 1499 ardore
2280 1444 2348 1499 et

233 1565 606 1611 armorum
630 1594 649 1628 ,
680 1541 860 1637 quin
891 1554 1218 1636 quassata
1247 1537 1644 1634 respublica
1663 1594 1682 1623 ‚
1715 1540 2155 1636 quicumque
2185 1538 2349 1608 belli

232 1665 543 1722 eventus
580 1649 866 1733 fuisset,
906 1649 1133 1720 multa
1184 1646 1518 1745 perderet
1556 1663 1626 1717 et
1677 1664 2097 1718 ornamenta
2134 1646 2357 1742 digni-

237 1760 435 1846 tatis,
470 1774 541 1829 et
591 1759 914 1856 praesidia
962 1756 1362 1829 stabilitatis
1394 1780 1573 1841 suae3
1631 1756 1998 1852 multaque
2051 1771 2356 1851 uterque

234 1866 394 1939 dux
439 1865 704 1938 faceret
752 1881 1095 1950 armatus,
1148 1889 1307 1962 quae
1358 1864 1548 1934 idem
1601 1880 1883 1958 togatus
1918 1865 2069 1935 fieri
2112 1864 2355 1963 prohi-

233 1977 538 2049 buisset.
581 1980 757 2067 Quae
793 1976 1087 2072 quidem
1130 1970 1301 2043 tibi⁶
1341 1997 1537 2044 nunc
1574 1976 1813 2043 omnia
1853 1972 2021 2045 belli
2065 1976 2357 2046 vulnera

320 2184 402 2231 13.
438 2185 589 2246 Quem
619 2183 777 2231 deum.
816 2184 969 2245 Impie
1000 2181 1256 2245 loquutum
1343 2191 1407 2226 ut.
1420 2196 1593 2244 pravas
1620 2193 1745 2228 artes
1765 2182 2005 2245 malasque
2034 2181 2261 2229 libidines
2295 2183 2358 2230 ab

235 2265 420 2311 hocin
455 2263 565 2309 1000
597 2273 837 2309 oratorem
866 2260 1074 2308 declarat
1099 2258 1254 2306 Wolf.
1336 2260 1594 2318 juveutute
1639 2259 1926 2322 prohibeas,
1961 2272 2090 2308 em.-
2139 2263 2201 2311 Et
2244 2278 2356 2309 saue

239 2343 333 2407 qui
361 2341 498 2388 adest
519 2373 534 2400 ,
565 2341 607 2387 si
635 2340 778 2398 velit,
802 2341 960 2404 ipsum
979 2339 1259 2388 Ciceronem

240 2423 299 2469 in
336 2420 625 2477 Maniliana,
657 2419 941 2474 Horatium,
972 2416 1258 2481 Virgilium3

239 2516 354 2549 non
372 2499 435 2546 sd
454 2514 600 2546 unum
616 2498 748 2546 hune
760 2507 1004 2544 auctorem
1026 2496 1263 2560 pertinere

241 2580 431 2628 crimen
456 2577 554 2625 hoe
586 2577 817 2625 deliestus
842 2591 1014 2624 oensor
1038 2592 1262 2640 comper·

242 2671 355 2707 enm
382 2657 597 2708 habebit.

320 2737 457 2783 vm.
487 2751 528 2783 ι.
545 2733 722 2782 Omnia
744 2746 859 2781 sume
875 2732 1144 2781 excitanda
1160 2734 1260 2780 tibi.

244 2817 378 2877 Qun
418 2815 514 2861 siut
555 2812 754 2861 Caessris
795 2810 957 2860 officia
1003 2812 1147 2859 docet
1169 2826 1186 2872 ς
1216 2822 1264 2859 et

243 2895 359 2942 bne
385 2903 459 2941 est
480 2907 589 2955 pars
613 2889 847 2939 orationis
874 2890 1133 2954 praecipua.

326 2989 377 3020 α.
424 2969 766 3019 Constituendo
807 2968 1017 3034 judicia.
1079 2971 1267 3032 Nempe

244 3054 381 3099 inter
417 3066 544 3098 arna
580 3050 810 3096 siluerant
834 3048 978 3110 leges.
1001 3049 1265 3111 Quomodo

246 3129 561 3177 constituerit
577 3128 736 3176 Cesar
752 3127 934 3188 judicia
952 3161 965 3184 ,
991 3128 1101 3176 vide
1113 3130 1265 3175 Tran-

245 3209 462 3273 quillum
502 3210 552 3256 in
592 3207 753 3263 sulio,
782 3223 885 3271 cap·
909 3215 994 3264 41,
1038 3218 1087 3254 et
1121 3207 1267 3254 Dion.

248 3288 346 3335 lib.
367 3289 549 3335 xun.

330 3368 382 3415 3.
403 3364 842 3433 Remeandafides.
864 3365 1033 3414 Cicero
1053 3363 1269 3411 secundo

247 3443 547 3494 officiorum
575 3460 589 3494 z
632 3444 815 3492 «Nulla
839 3460 915 3492 res
941 3444 1269 3491 vehementius

251 3523 603 3588 rempublicam
651 3525 870 3571 contiuet
925 3538 1068 3586 quam
1121 3520 1271 3579 fides,

249 3620 370 3668 qut
395 3619 497 3650 esse
523 3601 653 3650 nulls
676 3613 866 3667 potest,
897 3602 987 3648 nisi
1004 3602 1094 3648 erit
1112 3617 1273 3648 neees-

250 3684 383 3732 snris
410 3682 593 3731 solutio
620 3697 776 3730 rerum
801 3682 1089 3730 crediturum
1106 3680 1275 3730 »Nido

251 3765 467 3811 Sueten.
498 3777 612 3824 esp.
643 3769 727 3815 42.

333 3848 385 3896 4.
411 3838 793 3903 comprimenda!
819 3840 1052 3888 libidines.
1083 3839 1274 3886 Sallust.

256 3919 326 3966 de
375 3917 623 3981 republica
668 3917 939 3967 ordin-ndu
984 3935 998 3967 :
1046 3940 1067 3960 ι
1107 3919 1277 3979 Neque

254 3998 515 4061 quisquam
542 4008 591 4044 te
623 3995 687 4044 sd
715 3997 936 4044 crudeles
960 4012 1129 4061 poenss
1145 4029 1159 4053 ‚
1194 4005 1280 4043 sut

256 4073 436 4123 acerba
456 4074 640 4136 judicis
662 4072 887 4132 invocat,
906 4075 1085 4138 quibus
1110 4075 1281 4122 cirins

262 4163 481 4202 ”statur
511 4152 692 4216 magis,
715 4168 859 4217 quem
883 4154 1140 4217 corrigitur
1156 4188 1170 4212 ‚
1199 4152 1282 4201 sed

1344 2338 1565 2384 Lucanus
1581 2374 1595 2395 ,
1642 2338 1892 2385 Petronius
1919 2351 1965 2386 et
1995 2339 2077 2387 slii
2102 2334 2363 2388 maximsm'

1345 2415 1581 2463 bellorum
1610 2416 1822 2464 civilium
1860 2430 2044 2481 partem
2081 2420 2145 2467 ad
2188 2421 2355 2466 luxum

1346 2505 1394 2543 et
1411 2495 1662 2542 libidinem
1686 2496 1971 2545 retulerunt.

1420 2577 1470 2623 5.
1502 2575 1832 2640 Propaganda
1866 2577 2065 2624 soboles.
2095 2578 2194 2624 Diu
2230 2577 2357 2623 mul-

1348 2666 1548 2717 tumque
1572 2670 1674 2701 nou
1700 2655 1873 2702 Caesari
1901 2655 2083 2712 solum,
2104 2654 2191 2702 sed
2217 2656 2365 2702 etism'

1346 2736 1572 2797 Augusto
1629 2749 1737 2781 cum
1789 2733 2055 2796 profligatis
2107 2733 2359 2781 hominum

1349 2813 1565 2860 moribus
1583 2812 1864 2860 luctandum
1885 2813 2001 2876 suit,
2023 2824 2079 2859 nt
2099 2813 2227 2860 cives
2246 2829 2360 2860 suos

1348 2893 1411 2940 nd
1434 2909 1569 2940 vem
1589 2892 1681 2955 legi
1689 2892 1917 2954 [imasque
1941 2895 2130 2955 nuptias
2145 2927 2159 2950 ,
2186 2903 2231 2939 et
2250 2908 2363 2955 pro·

1350 2973 1654 3034 vagationem
1703 2970 1888 3018 sobolis
1932 2970 2362 3034 educationemque

1350 3051 1616 3098 liberorum
1659 3048 1963 3097 inducerent.
1990 3049 2118 3096 Vide
2154 3049 2362 3096 Dionem

1350 3130 1436 3177 lib.
1463 3130 1628 3175 xuu
1645 3163 1659 3185 ,
1683 3138 1733 3175 et
1756 3126 2090 3190 Tranquillum
2119 3127 2172 3174 in
2197 3129 2229 3174 J
2233 3126 2334 3174 ulio
2351 3163 2366 3184 ,

1353 3224 1398 3254 c.
1419 3215 1510 3265 4²,
1528 3220 1719 3252 necnon
1742 3206 1795 3251 in
1810 3205 2016 3252 Octavio
2030 3241 2043 3262 ,
2063 3222 2168 3268 esp.
2190 3205 2274 3261 34.
2292 3207 2366 3253 Ex

1352 3287 1449 3333 hoe
1468 3282 1794 3347 propagandae
1811 3283 1995 3330 sobolis
2014 3283 2180 3332 studio
2201 3295 2367 3333 ustum

1348 3366 1429 3425 jus
1472 3363 1618 3410 trium
1669 3361 1929 3408 liberorum
1948 3396 1962 3420 ‚
2008 3362 2144 3425 quod
2190 3374 2369 3426 quanta

1353 3442 1607 3507 privilegis
1635 3442 1937 3501 contineret,
1962 3440 2117 3505 liquet
2158 3459 2185 3490 e
2223 3443 2371 3489 literis

1355 3522 1500 3569 Plinii
1528 3531 1575 3568 et
1601 3520 1795 3579 Traiani
1830 3519 1963 3567 ultro
1998 3520 2222 3585 citroque
2261 3522 2371 3569 mis·

1358 3602 1423 3649 sis
1435 3636 1451 3658 ‚
1477 3610 1527 3647 et
1541 3616 1604 3647 ex
1620 3614 1680 3647 eo
1696 3597 1830 3662 quod
1852 3609 1963 3662 post
1983 3610 2186 3648 mortem
2205 3600 2344 3647 Drusi
2359 3636 2373 3654 .

1362 3692 1415 3728 ut
1442 3680 1541 3727 Dio
1563 3689 1723 3726 namt
1750 3680 1784 3726 l.
1804 3681 1921 3726 LV:
1942 3701 1970 3728 ,-
1988 3680 2121 3726 Livia
2144 3689 2303 3726 autem
2324 3681 2374 3725 in

1363 3759 1590 3806 solatium
1618 3768 1665 3804 et
1692 3757 1863 3805 statuis
1889 3757 2065 3806 donata
2103 3770 2175 3804 est
2193 3791 2207 3815 ,
2246 3767 2293 3804 et
2326 3758 2378 3804 iu

1364 3852 1526 3884 esrum
1563 3851 1813 3882 nnmerum
1850 3835 1997 3882 relata
2028 3845 2098 3882 est
2114 3870 2129 3896 ,
2166 3851 2276 3899 quae
2309 3847 2382 3884 ter

1367 3916 1661 3978 peperissent
1676 3936 1715 3961 -.
2156 3935 2159 3940 ·

1437 3991 1489 4041 6.
1511 3993 1632 4052 Quoe
1654 3992 1850 4054 quidem
1873 3992 1975 4040 eibi.
1994 3992 2214 4040 Lambini
2231 3994 2381 4048 MSS,

1369 4086 1511 4135 «quae
1535 4070 1625 4117 tibi
1652 4069 1847 4133 quidem
1868 4070 2030 4118 omnis
2056 4070 2170 4117 belli
2188 4071 2385 4118 vulnera

1370 4148 1578 4199 uuanda
1605 4160 1715 4197 sunt
1732 4171 1772 4195 n.
1809 4150 2051 4196 Sananda
2075 4161 2146 4196 est
2169 4150 2312 4197 etiam
2340 4151 2391 4197 in
