2994 4778
675 414 1062 482 ORATIO
1113 415 1312 484 PRO
1362 417 1433 484 P.
1493 417 1881 488 SEXTIO.

2243 420 2336 515 95

212 533 427 636 per¹⁵
471 538 562 626 Q.
614 529 994 606 Catulus¹⁶
1036 532 1214 619 fnit,
1264 558 1487 631 quem
1527 560 1769 633 neque
1809 539 2109 634 periculi
2154 554 2336 614 tem-

213 660 486 744 pesta,
542 669 785 742 neque
842 643 1140 715 honoris
1187 668 1361 716 aura
1404 648 1649 744 potuit
1694 671 2040 744 umquam
2079 651 2170 723 de
2204 677 2339 724 suo

213 780 465 842 mrsu,
501 769 632 827 aut
674 778 835 853 spe,
869 769 997 825 aut
1035 768 1232 825 metu
1272 754 1658 827 demovere
1680 766 1762 826 ¹7.

298 869 626 937 XLVIII.
673 868 838 935 Haec
879 865 1295 952 imitamini,
1333 889 1464 962 per
1500 863 1675 936 deos
1712 866 2177 939 immortales!
2210 872 2337 967 qui

203 975 675 1074 dignitatem,
726 978 855 1072 qui
910 972 1191 1047 laudem
1212 1028 1233 1063 ,
1282 979 1410 1071 qui
1457 975 1753 1071 gloriam
1798 977 2138 1073 quaeritis.
2161 984 2340 1052 ‚Haec

201 1087 446 1184 ampla
482 1100 702 1175 sunt,
754 1085 905 1156 haec
947 1083 1225 1172 divina,
1262 1083 1413 1156 haec
1454 1086 1913 1173 immortalia3
1961 1085 2114 1157 haec
2157 1084 2342 1159 fama

199 1196 696 1280 celebrantur,
746 1199 1239 1266 monumentis
1283 1194 1645 1266 annalium
1695 1195 2166 1284 mandantur,
2207 1222 2339 1294 po·

202 1309 514 1378 ster-itati
553 1313 1119 1405 propagantur1.
1154 1309 1280 1377 Est
1314 1304 1550 1393 labor;
1588 1330 1737 1378 non
1769 1330 1976 1403 nego.
2016 1308 2340 1378 Pericula

203 1440 505 1514 magnar,
552 1413 802 1485 fateor.
859 1445 893 1480 ιι
921 1414 1163 1486 Multae
1214 1415 1481 1486 insidiae
1520 1431 1687 1486 sunt
1723 1414 2073 1503 bonis²»;
2112 1420 2337 1489 veris·

205 1527 378 1598 sime
426 1525 712 1596 dictum
759 1540 890 1596 est.
944 1524 1138 1596 «Sed
1187 1540 1257 1598 te
1309 1525 1417 1614 id,
1453 1525 1654 1622 quod
1687 1525 1894 1597 multi
1931 1526 2338 1613 invideant,

204 1637 632 1733 ‹multique
672 1649 1047 1733 expetant,
1089 1636 1374 1707 Inscitia
1417 1639 1550 1723 sit,
1604 1636 1878 1732 inquit,
1934 1636 2335 1732 postulare,

205 1750 331 1817 «si
381 1762 469 1817 tu
523 1744 850 1816 laborem
896 1769 1172 1816 summa
1228 1770 1396 1816 cum
1448 1770 1620 1816 cura
1678 1743 1933 1817 efferas
1976 1745 2328 1818 nullum».

207 1855 400 1926 Idem
440 1855 589 1924 alio
625 1853 789 1924 loco
824 1852 1036 1940 dixit,
1072 1854 1273 1952 quod
1297 1852 1755 1952 exciperent-³
1784 1853 2094 1952 improbi
2114 1857 2331 1945 cives,

205 1967 614 2051 «Oderint,
663 1964 839 2035 dum
887 1980 1280 2036 metuant».
1336 1965 1717 2036 Praeclara4
1757 1969 1950 2036 euim
1990 1964 2105 2034 illa
2161 1988 2333 2062 prae·

209 2091 406 2173 cepta
483 2074 789 2146 dederat
842 2074 1220 2168 juventuti.
1285 2073 1422 2147 Sed
1486 2088 1729 2144 tamen
1775 2072 1924 2144 haec
1975 2076 2124 2162 via,
2185 2074 2334 2146 haec

209 2188 376 2257 ratio
429 2182 858 2282 reipublicae
901 2183 1389 2281 capessendae,
1445 2185 1621 2254 olim
1681 2197 1830 2253 erat
1888 2185 2110 2279 magis
2167 2208 2330 2281 per-

214 2294 687 2378 timescenda,
733 2317 962 2389 quum
1006 2295 1251 2365 multis
1294 2296 1370 2363 in
1407 2291 1626 2364 rebus
1670 2292 2147 2364 multitudinis
2179 2308 2330 2365 stu-

286 2479 367 2527 1⁵.
391 2479 568 2541 qur.
588 2475 744 2526 Periit
761 2477 890 2523 enim
917 2486 1031 2540 post
1052 2491 1228 2526 eonn-

212 2556 362 2605 latum
385 2559 653 2607 Geminis:
683 2569 797 2622 post
821 2556 1051 2607 Raditum
1074 2557 1126 2605 in
1147 2572 1226 2605 ae·

214 2649 327 2685 mm
336 2656 355 2696 ;
373 2638 470 2687 boc
485 2640 629 2688 etiam
644 2636 934 2686 Plutarchus
964 2647 1015 2684 et
1028 2636 1130 2685 alii.

284 2719 365 2766 16.
407 2719 469 2780 Q.
509 2719 732 2767 caeulns.
777 2714 928 2764 Filius
960 2716 1098 2775 eius,
1139 2713 1227 2778 qui

210 2813 312 2844 eun
334 2798 393 2847 C.
416 2799 583 2846 Mario
608 2796 786 2846 consul
807 2796 923 2845 fuit.

280 2893 355 2937 ¹7·
370 2879 653 2924 Dea-oure.
677 2873 1156 2923 A1.d1·n·moe.s.v.
1172 2873 1226 2919 L.

273 2958 506 3004 uvm.
526 2971 547 3001 ι
558 2987 574 3002 .
589 2958 951 3017 Pmpaganeur.
964 2950 1080 2998 Non
1094 2948 1232 2996 brevi

208 3035 436 3100 temporis
470 3032 772 3082 definiuntur
812 3030 971 3094 spatio
986 3062 1003 3089 ,
1039 3028 1127 3077 sed
1160 3029 1229 3076 ita

208 3116 573 3177 produc-nm,
594 3123 651 3161 ut
671 3111 737 3159 ad
759 3109 1086 3176 posteritatem
1113 3122 1230 3170 per-

210 3195 397 3242 veniant

272 3290 319 3322 a.
350 3276 487 3321 Sane
514 3270 671 3319 bonis.
698 3266 1053 3316 vena-mia
1076 3265 1229 3312 Atreo

212 3354 263 3400 1..
294 3353 462 3409 Accii,
488 3365 580 3398 seu
607 3348 760 3406 Anii,
788 3347 935 3410 positi
959 3354 1104 3405 suut,
1140 3342 1229 3406 qui

211 3433 409 3495 ungium
439 3439 590 3496 poeta
622 3426 822 3475 Sullano
846 3437 1062 3488 tenpore
1080 3421 1230 3470 flore·

211 3509 303 3558 ht.
336 3511 562 3559 Priorum
601 3506 805 3567 huiusce
843 3519 1009 3552 versus
1043 3510 1228 3566 partem

212 3590 419 3638 affluit
448 3589 630 3638 Cicero
654 3599 750 3651 pro
771 3583 935 3632 Plane.
967 3603 992 3623 α
1014 3579 1230 3643 Vigilan-

214 3667 321 3715 dnn
346 3680 419 3717 est
457 3681 677 3730 semper3
713 3662 879 3711 multe
908 3659 1094 3707 insidia
1113 3667 1229 3706 aunt

215 3743 403 3796 botin.
444 3750 525 3796 De
559 3760 664 3809 quo
690 3742 808 3791 loco
835 3740 946 3788 vid·
987 3738 1125 3802 plura
1164 3735 1226 3784 ad

216 3824 468 3875 Pheia-n
533 3841 647 3889 cap.
695 3830 782 3877 2⁴.
856 3818 1036 3869 Confer
1083 3816 1228 3865 etiam

213 3903 381 3951 Sea-e.
403 3905 455 3952 de
477 3910 584 3967 Ira,
606 3907 660 3966 1,
690 3903 774 3950 ιδ.
802 3899 916 3948 Fuit
937 3911 1087 3962 porro
1108 3894 1232 3943 cele-

212 3982 439 4032 benfin·
470 3985 655 4034 Accius
692 3982 811 4036 me,
845 3993 990 4042 quem
1017 3986 1231 4023 atrocem

212 4076 349 4112 meat
373 4065 598 4123 Ovidius,
632 4062 713 4110 eui
741 4071 980 4109 summam
1009 4055 1106 4102 vim
1134 4065 1230 4101 tra·

212 4144 361 4206 gin
392 4144 564 4192 tramit
587 4137 945 4205 Qahtilianm
976 4135 1118 4182 Putat
1145 4147 1231 4180 an·

1313 2479 1409 2517 ten
1439 2467 1564 2516 duos
1595 2483 1697 2516 ease
1735 2467 2012 2515 octonarios
2037 2466 2337 2526 trochaicus,

1313 2563 1525 2613 qnorum
1548 2546 1729 2595 multus
1745 2546 1838 2595 fuit
1859 2548 1910 2594 in
1926 2546 2138 2610 antiquis
2156 2556 2333 2609 tragoe·

1314 2626 1409 2674 diis
1453 2641 1602 2675 usus:
1638 2647 1662 2667 σι
1687 2625 1783 2674 Sed
1818 2635 1865 2672 te
1906 2622 1983 2681 id,
2020 2622 2156 2687 quod
2195 2622 2336 2671 multi

1312 2704 1586 2763 invideant,
1613 2704 1847 2767 multique
1866 2713 2121 2767 expetant,
2146 2700 2335 2748 inscitia

1313 2784 1373 2832 'st
1416 2783 1690 2841 Postulare,
1728 2783 1768 2831 si
1808 2793 1864 2830 tu
1899 2779 2114 2828 laborem
2151 2795 2334 2827 summa

1315 2878 1426 2910 cnm
1441 2879 1559 2910 eura
1578 2863 1748 2910 efferas
1765 2860 1954 2908 nullum
1974 2880 2017 2905 ιι.

1385 2943 1433 2990 3.
1462 2940 1772 3003 Exciperent.
1798 2937 2044 3003 Improbi,
2071 2952 2220 3001 quum
2242 2954 2337 3002 pro

1314 3034 1482 3067 eorum
1520 3034 1659 3066 sensu
1705 3034 1761 3064 ac
1808 3017 2057 3064 voluntate
2099 3016 2334 3078 scriptum

1314 3097 1513 3161 legunt,
1536 3097 1797 3158 arripiunt,
1823 3105 1870 3141 ot
1889 3093 2120 3141 memoria
2144 3103 2310 3139 tenent
2324 3126 2339 3148 ,

1315 3188 1462 3239 atque
1474 3176 1618 3223 etiam
1634 3174 1902 3221 imitatione
1912 3188 2098 3235 usuque
2113 3186 2340 3235 compro·

1316 3256 1439 3304 bant
1462 3268 1475 3300 τ
1511 3255 1704 3317 itaque,
1729 3251 1864 3315 quod
1891 3251 2071 3298 Accius
2102 3245 2162 3296 de
2189 3249 2340 3298 Atreo

1316 3334 1503 3383 dlxerat
1518 3370 1534 3393 ,
1556 3331 1618 3380 ab
1637 3331 1873 3396 improbis
1894 3329 2177 3378 hominibus
2198 3327 2339 3379 avide

1316 3423 1387 3462 eat
1410 3422 1685 3476 exceptum.

1388 3503 1438 3551 4.
1467 3491 1737 3540 Praeclam.
1764 3490 1972 3536 Excusat
1997 3499 2218 3552 poetam,
2247 3487 2337 3551 qui

1317 3572 1492 3621 dixerit
1508 3607 1524 3630 ,
1552 3568 1768 3625 oderint,
1796 3568 1911 3615 dum
1934 3578 2171 3615 metuant.
2207 3565 2337 3614 Scri-

1317 3653 1444 3717 psit,
1472 3649 1661 3714 inquit,
1689 3647 1816 3706 hoc,
1843 3646 1928 3710 qui
1959 3642 2214 3709 scripserat
2234 3645 2334 3705 jam

1313 3731 1394 3780 illa
1408 3767 1424 3789 ,
1445 3730 1619 3779 Mulca-
1646 3724 1836 3775 insidioe
1853 3736 1969 3772 sunt
1984 3721 2139 3779 bonis,
2162 3734 2209 3770 et
2228 3739 2338 3787 quae

1315 3819 1610 3875 sequuntur:
1633 3821 1734 3853 non
1756 3805 1885 3852 enim
1911 3801 2186 3861 verebatur,
2211 3812 2266 3848 ut
2286 3801 2335 3847 in

1316 3906 1377 3940 eo
1391 3925 1408 3951 ,
1432 3886 1570 3951 quod
1591 3887 1793 3933 Atreum
1820 3883 2061 3930 dicentem
2090 3880 2204 3928 facit
2220 3916 2236 3942 ,
2257 3881 2339 3946 ju-

1316 3967 1510 4019 ventuti
1546 3972 1769 4021 noceret,
1802 3976 1950 4024 quam
1985 3959 2252 4007 utilissimi·
2283 3974 2340 4005 ac

1315 4043 1642 4098 saluberrimis
1671 4040 1767 4089 illis
1794 4039 2052 4105 preceptis
2070 4073 2087 4100 ,
2114 4054 2177 4085 ex
2205 4035 2336 4084 AEaci

1317 4139 1525 4192 ρει-ιω·
1543 4120 1746 4188 prolatis
1757 4121 1858 4182 jam
1875 4117 2131 4167 imbuerat-
