2994 4778
696 446 834 518 566
1046 465 1049 468 ’
1326 446 1421 513 Μ.
1473 445 1553 511 Τ.
1606 446 2172 515 CICERONIS

692 582 912 657 quam
971 555 1237 654 quibus
1303 571 1383 626 tu
1438 554 1743 628 salutem
1805 556 2334 654 insperantibus
2394 556 2813 628 reddidisti?

695 676 804 741 An
846 694 934 737 ex
973 692 1061 738 eo
1109 690 1451 754 numern,
1487 668 1618 767 qui
1665 690 1808 737 una
1846 682 2084 737 tecum
2123 665 2469 737 fuerunt?
2502 669 2670 735 Non
2712 681 2811 736 est

697 773 1104 852 credibilis6
1143 791 1385 848 tantus
1427 779 1500 849 in
1537 778 1687 849 ullo
1731 775 1966 859 furor,
2009 790 2126 863 ut,
2172 800 2320 873 quo
2347 774 2543 846 duce
2577 779 2811 846 omnia

697 912 975 961 summa
1014 888 1099 957 sit
1147 885 1483 983 adeptus,
1529 887 1746 984 hujus
1776 888 1993 955 vitam
2042 910 2190 956 non
2229 899 2622 981 anteponat
2658 910 2809 955 suae.

700 1005 848 1082 An,
895 1000 952 1068 si
990 999 1097 1068 tui
1143 995 1325 1067 nihil
1365 1000 1682 1094 cogitant
1731 995 2055 1081 sceleriS,
2099 995 2492 1067 cavendum
2542 1011 2691 1080 est,
2728 1020 2808 1065 ne

697 1107 872 1204 quid
924 1104 1240 1178 inimici?
1282 1108 1470 1196 Qui?
1519 1131 1771 1178 omnes
1826 1107 2052 1193 enim,
2095 1106 2224 1202 qui
2271 1103 2648 1189 fueruntz’,
2698 1120 2811 1175 aut

696 1242 825 1287 sua
870 1216 1257 1313 pertinacia
1293 1219 1510 1286 vitam
1547 1217 1977 1301 amiserunt,
2012 1230 2138 1286 aut
2175 1229 2301 1285 tua
2338 1215 2810 1284 misericordia

698 1327 1196 1398 retinuerunt:
1226 1339 1305 1396 ut
1332 1340 1457 1395 aut
1501 1326 1680 1397 nulli
1718 1326 2086 1423 supersint
2118 1323 2210 1395 de
2255 1325 2564 1396 inimicis
2578 1319 2633 1407 ⁸,
2656 1340 2808 1408 aut,

697 1437 825 1531 qui
861 1432 1372 1530 superfuerunt
1388 1446 1447 1519 9,-
1483 1437 1626 1506 sint
1664 1436 2090 1506 amicissimi.

794 1543 931 1615 Sed
970 1558 1243 1626 tamen,
1282 1568 1512 1639 quum
1558 1546 1634 1614 in
1684 1546 1938 1615 animis
1980 1541 2355 1614 hominum
2391 1557 2605 1612 tantae
2647 1543 2807 1613 late-

701 1655 844 1725 brae
866 1656 1017 1724 -sint
1045 1664 1105 1697 ¹⁰
1139 1668 1207 1722 et
1254 1656 1431 1724 tanti
1467 1679 1821 1737 recessus,
1859 1678 2242 1749 augeamus
2277 1677 2449 1723 sane
2481 1656 2810 1749 suspicio-

699 1788 864 1834 nem
918 1779 1152 1851 tuam;
1191 1763 1403 1834 simul
1443 1767 1631 1836 enim
1683 1763 2106 1861 augebimus
2148 1772 2297 1834 et¹¹
2360 1762 2810 1858 diligentiam.

698 1875 876 1944 Nam
919 1873 1084 1968 quis
1122 1887 1230 1943 est
1267 1876 1589 1944 omnium
1626 1889 1769 1944 tam
1795 1876 2085 1970 ignarus
2111 1897 2391 1958 rerum,
2428 1887 2575 1942 tam
2617 1871 2808 1942 rudis

697 1985 770 2052 in
806 1982 1219 2079 republica,
1271 1998 1413 2054 tam
1468 1983 1645 2054 nihil
1685 2009 2030 2080 umquam
2061 2008 2196 2054 nec
2232 1984 2322 2054 de
2361 2008 2530 2068 sua,
2563 2007 2689 2053 nec
2723 1982 2806 2051 de

698 2095 1066 2163 communi
1116 2092 1340 2164 salute
1375 2094 1727 2190 cogitans,
1772 2094 1899 2190 qui
1941 2118 2089 2163 non
2121 2092 2508 2188 intelligat,
2545 2106 2664 2161 tua
2711 2114 2806 2159 sa·

610 2229 623 2240 ·
701 2202 850 2274 lute
878 2205 1234 2275 contineri
1261 2228 1459 2274 suam
1481 2258 1501 2290 ,
1536 2218 1606 2274 et
1640 2230 1728 2274 ex
1756 2204 1970 2276 unius
1999 2218 2120 2274 tua
2147 2205 2289 2272 vita
2322 2198 2642 2299 pendere
2667 2226 2805 2271 um-

702 2313 955 2380 ninm?
1013 2311 1366 2409 Equidem
1428 2313 1518 2384 de
1580 2327 1649 2382 te
1712 2310 1863 2382 dies
1905 2314 2361 2409 noctesque,
2413 2325 2500 2380 ut
2553 2309 2802 2391 debe0‚

697 2423 1014 2518 cogitans
1036 2478 1055 2509 ,
1090 2446 1294 2494 casus
1334 2422 1701 2494 dumtaxat
1729 2422 2085 2495 humanos
2104 2475 2123 2507 ,
2154 2436 2223 2491 et
2258 2418 2577 2491 incertos
2607 2444 2800 2490 even·

701 2546 815 2602 tus
870 2531 1386 2617 valitudinis12,
1447 2547 1518 2603 et
1566 2547 1835 2615 naturoe
1890 2532 2294 2603 communis
2365 2529 2803 2628 fragilitatem

695 2644 1126 2728 extimesco;
1187 2640 1577 2737 dulceque,
1640 2665 1865 2739 quum
1920 2640 2322 2737 respublioe
2399 2637 2805 2711 immortalis

694 2774 847 2822 esse
888 2749 1185 2838 debeat,
1231 2774 1384 2820 eam
1409 2751 1500 2820 ‘in
1535 2754 1748 2821 unius
1781 2751 2100 2821 mortalis
2128 2753 2364 2820 anima
2400 2751 2800 2820 consistere.

695 2863 768 2932 Si
806 2885 976 2932 vero
1017 2860 1103 2930 ad
1144 2859 1497 2931 humanos
1537 2884 1775 2945 casuS,
1816 2862 2274 2956 incertosque
2317 2874 2622 2929 eventus
2654 2855 2805 2927 vali-

688 2968 998 3055 tudinis,
1028 2966 1556 3038 scelerisetiam
1589 2968 1878 3040 accedat
1918 2966 2488 3065 insidiarumque
2518 2992 2804 3039 consen-

690 3125 821 3173 bello
851 3132 1012 3186 parte·
1035 3131 1140 3169 tuns
1161 3130 1273 3167 sunt
1301 3119 1521 3184 sequuti3
1550 3136 1705 3183 neque
1865 3134 1918 3183 9.
1963 3116 2327 3184 Supefieemne.
2366 3119 2662 3179 Lambinus,
2699 3122 2798 3167 zm.

687 3203 812 3251 adeo
834 3217 896 3249 ex
919 3200 977 3248 iis
994 3214 1120 3263 quos
1144 3198 1261 3248 olim
1286 3198 1501 3247 insen-0⁵
1527 3198 1708 3247 benefi·
1793 3198 2055 3263 probante,
2080 3209 2350 3261 supersunt.
2384 3200 2435 3247 J.
2455 3200 2523 3246 V.
2537 3201 2595 3247 1..

687 3280 775 3328 ciis
802 3279 1103 3342 obligavisti,
1132 3278 1197 3327 iu
1224 3287 1275 3324 ut
1296 3277 1419 3324 nulli
1438 3278 1591 3341 magis
1613 3277 1705 3325 tibi
1872 3294 1947 3325 ιο.
1981 3280 2154 3325 Taneae
2178 3278 2384 3325 latebroe
2409 3277 2524 3325 εἶκε.
2559 3279 2713 3326 Prin·
2743 3273 2799 3322 ad

686 3360 786 3406 nint
806 3357 1027 3406 obnoxii.
1795 3358 2031 3419 Quintum
2072 3357 2266 3404 frntoem
2304 3356 2517 3421 epistola
2537 3370 2553 3403 :
2597 3356 2798 3404 «Uniu-

753 3437 806 3485 6.
852 3437 967 3484 Non
1004 3446 1077 3484 ese
1132 3434 1389 3485 credibilis.
1436 3436 1511 3483 Ne
1562 3438 1707 3483 Pom·
1794 3428 2028 3498 cujusque
2062 3444 2274 3492 notun,
2317 3435 2476 3493 frons,
2503 3435 2666 3493 oculi,
2699 3431 2799 3479 vnl-

682 3515 883 3580 peinnos
920 3514 973 3559 in
1009 3513 1242 3560 invidiam
1270 3524 1441 3571 vocet,
1474 3528 1575 3560 non
1608 3522 1705 3561 tam
1793 3525 1902 3574 mn,
1927 3502 2144 3578 persepe
2171 3515 2493 3576 mentiuntur,
2510 3516 2670 3562 oratio
2696 3526 2799 3559 vero

685 3595 747 3643 de
773 3592 894 3658 ipsis
917 3606 1061 3654 qnam
1092 3591 1153 3638 de
1181 3591 1461 3639 cns-riani-
1484 3591 1703 3639 lnborare
1792 3595 2052 3658 mpinime
2071 3616 2113 3642 ω.

682 3674 891 3722 videtur.
916 3670 1091 3718 Cauri
1119 3670 1353 3717 rationem
1368 3668 1548 3722 indixit
1565 3670 1703 3734 prio·
1867 3689 1944 3721 ιι.
1981 3674 2048 3719 Et
2082 3671 2401 3738 diligenciam.
2436 3673 2725 3722 Gundoma-
2754 3673 2799 3716 in

682 3770 758 3801 res
792 3751 885 3800 sibi
919 3749 1226 3798 devinciendi
1243 3785 1258 3810 ,
1292 3749 1477 3799 seilicet
1513 3752 1695 3802 benefl-
1789 3749 1998 3802 vitandis
2022 3750 2288 3816 periculis..

678 3834 794 3880 ciis:
822 3832 894 3879 sie
912 3830 1052 3877 ulcus
1079 3829 1279 3876 Cauris
1304 3828 1478 3879 leniter
1496 3842 1698 3891 tractat,
1863 3847 1942 3880 ω.
1988 3835 2207 3879 lacertos
2253 3842 2447 3877 mnan
2494 3828 2794 3877 valitudinis.

677 3914 781 3972 eJ'us
808 3910 1132 3974 suspicionem
1158 3908 1330 3955 leniter
1357 3910 1592 3960 refellens.
1787 3911 2003 3960 Delenda
2040 3922 2201 3959 censet
2227 3909 2416 3957 Weisk.
2448 3910 2585 3973 quasi
2623 3908 2799 3972 glonn-

749 4006 796 4050 7.
828 3985 1157 4052 Quifuerunt.
1185 3988 1388 4037 Inimici.
1517 3975 1526 3984 ⁴
1783 3991 1901 4037 toris
1943 4006 2088 4036 mann
2127 3989 2430 4053 interposita.
2475 3990 2582 4049 Qua
2621 3986 2799 4034 ratione

746 4069 794 4116 8.
820 4068 891 4113 De
916 4065 1139 4114 inimicis.
1163 4070 1277 4115 Haec
1296 4067 1398 4115 duo
1419 4070 1559 4117 verba
1581 4070 1690 4118 sub·
1779 4085 1881 4119 non
1920 4069 2080 4115 video.
2113 4068 2323 4115 iuferius
2356 4067 2486 4116 enin
2516 4067 2687 4115 iterata
2715 4078 2796 4111 no·

671 4146 909 4199 audienda
928 4156 1088 4194 censet
1107 4147 1357 4195 Patricius.
1779 4165 1883 4197 vam
1913 4147 2010 4194 vim
2036 4145 2232 4211 habent.
