2994 4778
678 422 1060 491 ORATIO
1113 415 1317 486 PRO
1367 417 1445 482 L.
1484 418 1562 484 C.
1616 414 1975 480 BALBO.

2243 408 2384 495 3113

260 568 527 616 norum
568 542 746 629 fuit,
784 566 1010 639 quum
1049 562 1303 636 magna
1340 546 1504 634 pars
1556 535 1631 603 in
1677 534 1762 603 iis
1799 529 2202 602 civitatibus
2248 529 2381 601 sce-

260 654 455 726 deris
524 656 637 724 sui
704 650 1109 722 libertatem
1183 647 1449 719 civitati
1522 641 1931 715 anteferret.

2017 645 2383 711 Postremo

256 763 416 835 haec
473 765 583 833 vis
625 776 732 833 est
758 763 964 832 istius
1004 772 1075 830 et
1102 759 1323 854 juriS,
1364 770 1436 827 et
1463 753 1707 836 verbi,
1745 767 1827 823 ut
1878 748 2082 822 fundi
2128 749 2384 847 populi

251 871 627 944 beneficio
663 884 951 958 nostru,
981 894 1128 939 non
1158 892 1291 938 suo
1325 867 1487 961 jure
1515 861 1797 936 fiant13.
1834 864 2078 952 Quum
2119 858 2389 955 aliquid

261 986 589 1085 populus
624 1008 961 1056 romanus
990 984 1235 1077 jussit,
1276 979 1351 1051 id
1376 982 1434 1051 si
1470 993 1576 1050 est
1617 976 1974 1072 ejusmodi
1996 975 2058 1030 ¹4
2093 988 2174 1044 ut
2215 973 2376 1069 qui-

261 1096 576 1168 busdam
628 1094 917 1193 populis
959 1097 1106 1163 sive
1143 1089 1548 1175 foederatiS,
1589 1091 1736 1158 sive
1779 1085 2053 1170 liberis,
2091 1085 2390 1181 permit-

264 1205 576 1276 tendum
605 1228 755 1275 esse
786 1200 1145 1290 videatur,
1182 1215 1265 1272 ut
1297 1212 1614 1271 statuant
1641 1197 1776 1294 ipsi
1806 1221 1955 1266 non
1990 1193 2080 1264 de
2110 1193 2394 1275 nostri3‚

265 1312 394 1385 sed
443 1313 541 1384 de
589 1315 737 1384 suis
781 1310 1034 1398 rebus,
1074 1336 1223 1408 quo
1256 1309 1418 1404 jure
1459 1308 1568 1378 uti
1608 1305 1873 1386 velint;
1911 1318 2108 1386 tum,
2148 1316 2395 1372 utrum

265 1420 483 1493 fundi
533 1421 703 1493 facti
742 1423 922 1507 sint,
960 1445 1053 1491 an
1103 1445 1290 1505 non,
1327 1415 1798 1514 quaerendum
1840 1438 1991 1485 esse
2028 1410 2396 1493 videatur3

268 1533 361 1605 de
392 1547 650 1605 nostra
684 1556 856 1603 vero
890 1528 1298 1628 republica,
1330 1526 1421 1597 de
1456 1541 1708 1597 nostro
1740 1526 2080 1622 imperi0,
2132 1521 2221 1591 de
2270 1545 2400 1590 no-

274 1642 440 1711 stris
481 1640 734 1727 bellis,
786 1638 876 1710 de
913 1639 1255 1724 victoria,
1298 1635 1389 1707 de
1442 1635 1709 1719 salute,
1762 1633 2027 1706 fundos
2087 1630 2401 1730 populos

277 1748 435 1821 fieri
476 1749 895 1820 noluerunt.

372 1864 499 1930 IX.
556 1862 813 1956 Atqui,
849 1861 909 1929 si
959 1854 1558 1954 imperatoribus¹
1609 1854 1916 1938 nostris»,
1961 1853 2019 1921 si
2076 1852 2446 1943 senatui„

279 1973 338 2042 si
401 1969 688 2068 populo
744 1992 1045 2039 romano
1100 1991 1250 2036 non
1298 1963 1581 2050 licebit,
1646 1962 2035 2060 propositis
2089 1959 2401 2056 praemiis

281 2081 542 2152 elicere
591 2103 679 2150 ex
713 2076 1117 2152 civitatibus
1154 2077 1518 2146 sociorum
1553 2086 1772 2169 atque
1813 2071 2209 2140 amicorum
2260 2066 2403 2138 for·

282 2195 642 2264 tissimum
677 2204 894 2289 atque
922 2189 1276 2286 optimum
1319 2207 1684 2282 quemque
1723 2180 1812 2251 ad
1855 2179 2236 2252 subeunda
2271 2203 2406 2275 pro

296 2481 395 2528 tur,
418 2468 728 2534 Neapolitani
746 2474 793 2514 et
820 2464 1157 2516 Heracleenaea
1183 2477 1305 2510 con·

292 2549 480 2596 donem
499 2546 674 2612 populi
689 2545 1016 2604 advocarunt,
1038 2555 1093 2591 ut
1111 2544 1163 2591 in
1182 2558 1309 2591 eom·

288 2642 435 2675 nune
492 2625 804 2674 consulerent
822 2656 837 2675 .
892 2622 1125 2686 quidnam
1180 2623 1308 2668 tacto

288 2723 418 2771 opus
468 2716 629 2764 ωας
663 2714 829 2752 utrum
879 2701 1163 2750 beneficium
1217 2699 1310 2747 sibi

288 2786 510 2834 oblatum
532 2783 937 2848 amplecterentur
955 2816 971 2841 ,
999 2798 1063 2829 au
1087 2779 1310 2845 repudia·

288 2877 418 2914 rent.
453 2865 605 2913 Multi
641 2865 694 2911 in
719 2864 780 2911 iia
818 2860 1097 2910 civitatibus
1136 2860 1312 2923 reperti

287 2955 442 3002 aunt,
476 2943 565 3007 qui
599 2943 835 2991 honorem
861 2939 1069 2987 civitatis
1103 2953 1313 3004 romanae

288 3033 665 3086 aspernarentur
684 3055 700 3079 ,
749 3020 1039 3084 mallemque
1096 3017 1316 3066 foederati

288 3119 406 3153 eane
421 3117 561 3165 qnam
578 3101 708 3148 eivea
728 3100 931 3148 romani.

377 3198 398 3229 x
407 3175 436 3228 3
445 3216 460 3228 .
480 3177 695 3245 Utsundi
696 3179 870 3244 populi
882 3176 1113 3246 beneficio
1130 3188 1315 3232 nostro.

290 3277 399 3308 non
426 3276 516 3308 suo
527 3258 805 3326 jur-estant.
836 3257 952 3305 Nou
976 3257 1104 3304 enim
1123 3257 1204 3316 jue
1227 3255 1312 3302 ba-

290 3341 415 3388 bent
441 3339 619 3403 populi
651 3338 792 3385 liberi
821 3352 879 3384 ac
910 3334 1128 3383 soederati
1153 3332 1315 3383 adsci-

291 3418 465 3467 aeendi
505 3419 633 3481 legea
672 3416 845 3480 populi
883 3415 1067 3463 romani
1082 3448 1098 3471 ‚
1142 3429 1318 3476 eaeque

291 3515 381 3547 aua
407 3498 646 3546 aententia
666 3512 723 3544 ae
746 3494 974 3557 suffragio
994 3491 1318 3556 comproban-

296 3578 381 3635 di,
396 3575 488 3625 aed
511 3586 567 3624 ut
584 3575 638 3622 id
658 3573 835 3621 faciant
854 3571 1090 3637 permittit
1107 3569 1321 3635 populna

298 3669 564 3725 romanua3
591 3669 681 3701 nee
719 3651 826 3699 leve
858 3650 983 3697 illud
1010 3660 1109 3698 erat
1133 3648 1320 3697 benefi-

298 3735 436 3782 cium
460 3733 636 3799 populi
662 3732 845 3788 romani
865 3765 880 3789 ,
914 3741 971 3779 ut
994 3740 1178 3794 partem
1201 3728 1324 3789 juria

299 3811 381 3859 aui
424 3827 537 3858 cum
578 3810 725 3858 aociia
750 3819 801 3856 et
825 3807 1008 3856 Latinis
1052 3806 1323 3855 communi·

304 3901 461 3938 mre!-

1393 2457 1613 2506 foederati
1632 2492 1647 2517 ,
1680 2458 1754 2505 uti
1782 2472 1845 2503 ex
1871 2439 1967 2502 lice
1994 2454 2107 2501 loco
2133 2453 2289 2518 liquet
2313 2470 2417 2500 ma-

1393 2536 1718 2586 nifestissime.
1768 2535 2004 2597 Quaenam
2047 2543 2207 2580 autem
2257 2541 2418 2579 essent

1394 2617 1474 2665 illa
1489 2650 1507 2677 ,
1532 2632 1641 2679 qnae
1659 2630 1761 2662 non
1790 2611 2192 2677 permittebantur
2210 2609 2417 2657 foedera-

1397 2697 1487 2755 tis,
1527 2695 1673 2743 docet
1707 2709 1826 2741 mox
1851 2690 2065 2747 Tulliae,
2090 2705 2198 2753 qua!
2232 2687 2417 2736 scilicet

1397 2774 1460 2822 ad
1490 2789 1641 2838 remp.
1672 2771 1734 2820 ad
1760 2770 2043 2835 imperium,
2078 2777 2127 2816 et
2151 2766 2213 2815 ad
2240 2776 2417 2815 etatum

1399 2854 1469 2901 rei
1487 2868 1698 2901 rcmanae
1715 2849 2042 2916 pertinebant.

1472 2934 1563 2979 IX.
1624 2948 1671 2979 ι.
1726 2927 1884 2993 Aequi
1905 2963 1920 2988 ‚
1970 2926 2014 2974 si
2058 2922 2420 2989 imperatoribus

1400 3011 1576 3058 nostris
1590 3044 1606 3070 ,
1626 3020 1718 3057 etc.
1744 3010 1814 3056 Ut
1830 3008 1934 3055 haec
1956 3022 2069 3054 cum
2092 3001 2422 3067 superioribus
2485 3053 2488 3060 ι

1403 3089 1676 3137 cobaereant
1691 3122 1705 3145 ,
1747 3085 1818 3133 eie
1859 3083 2165 3148 interpretari
2193 3090 2419 3146 oportet:

1401 3169 1553 3231 Atqui
1580 3168 1621 3214 ai
1648 3164 2018 3231 imperatoribus
2041 3160 2251 3217 nustria,
2279 3169 2331 3206 et
2349 3174 2422 3205 ae-

1396 3245 1539 3317 ⁴nutui
1555 3279 1572 3306 ,
1596 3254 1644 3292 et
1670 3241 1858 3308 populo
1894 3256 1997 3288 non
2028 3238 2195 3305 licebit
2221 3236 2424 3285 fortini-

1402 3339 1537 3372 mum
1562 3337 1801 3387 quemque
1823 3335 1884 3369 ex
1905 3317 2150 3368 soederatia
2168 3350 2186 3377 ‚
2206 3328 2257 3365 et
2281 3317 2426 3363 aociia

1404 3403 1601 3451 civitate
1637 3401 1849 3459 donare,
1885 3399 1981 3447 niai
2019 3396 2189 3451 fundi.
2232 3394 2290 3442 id.
2323 3404 2425 3454 eat,

1405 3493 1629 3530 auctores
1671 3480 1786 3528 sacti
1823 3478 2003 3526 fuerint
2041 3475 2291 3533 finden-ati,
2330 3485 2427 3521 ata·

1408 3572 1605 3610 tuentur
1632 3560 1693 3609 de
1715 3570 1887 3607 noatro
1913 3556 2118 3622 imperio
2136 3590 2151 3614 ,
2176 3555 2236 3602 de
2262 3563 2427 3601 nostra

1408 3641 1684 3706 republica,
1712 3639 1774 3687 de
1802 3649 1973 3687 nostro
1998 3639 2134 3698 jure,
2165 3634 2225 3681 de
2250 3631 2429 3679 nostris

1411 3721 1551 3769 bellis
1574 3736 1632 3768 ac
1649 3719 1895 3777 victoriis,
1917 3729 2065 3781 atque
2092 3716 2158 3763 ita
2184 3713 2237 3759 in
2261 3724 2429 3758 eorum

1413 3809 1654 3863 potestate
1694 3800 1839 3845 eitum
1879 3797 1999 3854 erit,
2038 3810 2101 3840 an
2145 3788 2432 3839 fortissimus

1417 3878 1549 3924 viroa
1588 3877 1641 3922 in
1678 3886 1892 3924 nostram
1929 3875 2172 3922 civitatem
2197 3868 2435 3916 adscisca-

384 3978 473 4026 24.
510 3969 578 4016 Id
599 3967 645 4015 si
668 3979 742 4015 est
764 3965 1012 4032 ejusmodi,
1040 3965 1156 4014 Nou
1179 3964 1330 4028 igitur
1416 3970 1554 4014 mua,
1578 3953 1937 4018 privabuntque
1965 3968 2081 4010 noa,
2103 3950 2146 3998 ei
2168 3946 2431 4000 voluerint,

306 4048 474 4097 onnia
519 4049 652 4107 jussa
696 4057 747 4094 et
780 4046 896 4094 scita
933 4045 1107 4109 populi
1143 4042 1332 4091 romani
1419 4048 1567 4097 opert
1619 4043 1763 4096 atque
1821 4032 2009 4082 auxilio
2064 4027 2434 4079 fortissimorum

312 4126 720 4192 permittebantur
764 4124 1027 4176 adsciscere
1084 4122 1233 4178 accii,
1275 4137 1332 4169 ac
1421 4111 1656 4160 virorum.
