2994 4778
606 444 745 533 454
1227 452 1323 518 Μ.
1376 452 1453 519 T.
1508 394 2097 519 clcERoNiS.

697 583 850 650 XII.
904 583 992 649 Et
1033 580 1130 649 ait
1181 564 1392 650 etiam
1431 604 1636 651 meus
1676 577 2081 650 familiaris¹
2130 592 2201 650 et
2236 581 2733 664 necessarum,

601 687 925 787 eamdem
964 712 1246 758 causam
1288 687 1818 760 Alexandrinis²
1873 687 2124 772 fuisse,
2167 712 2294 759 cur
2346 687 2735 759 laudarent

600 796 1022 882 Gabinium,
1084 824 1246 895 quae
1285 797 1461 868 mihi
1502 797 1753 885 fuerit,
1814 824 1946 870 cur
1994 797 2326 868 eumdem
2385 796 2737 883 defende-

598 932 790 977 rem„
821 909 1033 994 Mihi,
1069 912 1147 978 C.
1185 913 1519 995 Memmi,
1557 933 1764 980 causa
1801 906 2241 979 defendendi
2267 906 2566 978 Gabinii
2594 906 2736 979 fuit

597 1019 1082 1090 reconciliatio
1132 1023 1389 1115 gratiae.
1449 1022 1705 1117 Neque
1748 1043 1861 1090 me
1900 1043 2073 1089 vero
2129 1019 2435 1115 poenitet
2459 1072 2478 1102 ,
2526 1042 2729 1088 mor·

599 1127 771 1197 tales
807 1129 1209 1198 inimicitias
1230 1125 1283 1216 3,
1328 1130 1800 1228 sempiternas
1832 1130 2174 1199 amicitias
2215 1126 2500 1199 habere.
2540 1131 2729 1203 Nam

595 1237 654 1307 si
698 1260 812 1307 me
848 1238 1150 1307 invitum
1191 1252 1436 1334 putas,
1477 1263 1570 1309 ne
1605 1242 1734 1310 Cn.
1771 1239 2093 1334 Pompeii
2130 1242 2452 1307 animum
2487 1235 2725 1309 offen·

592 1345 874 1432 derem,
935 1344 1339 1449 defendisse
1397 1372 1725 1434 causam3f
1775 1363 1847 1418 et
1907 1347 2151 1431 illum,
2198 1360 2272 1417 et
2332 1371 2448 1416 me
2506 1346 2719 1418 vehe-

592 1471 874 1527 menter
909 1460 1257 1553 ignoras&
1289 1462 1545 1555 Neque
1575 1460 1765 1529 enim
1788 1458 2169 1555 Pompeius
2200 1482 2321 1528 me
2353 1481 2480 1527 sua
2508 1481 2725 1528 causa

591 1564 988 1662 quidquam
1028 1564 1262 1636 facere
1316 1567 1662 1638 voluisset
1705 1570 2042 1649 invitum
2082 1590 2322 1663 neque
2372 1592 2547 1664 eg0‚
2599 1570 2721 1637 cui

591 1677 920 1745 omnium
958 1676 1218 1745 civium
1252 1675 1542 1747 libertas
1570 1678 1928 1748 carissima
1954 1675 2239 1761 fuisset,
2274 1700 2509 1746 meam
2540 1700 2720 1772 pro·

584 1786 929 1881 jecissem.
983 1785 1345 1874 Quamdiu
1392 1789 1918 1858 inimicissimus
1954 1776 2312 1858 Gabinio⁵
2360 1784 2502 1864 fui,
2560 1811 2719 1856 non

585 1899 1050 1967 amicissimus
1102 1897 1281 1967 mihi
1337 1923 1484 1967 non
1538 1900 1919 1996 Pompeius
1968 1896 2143 1984 fuit3
2202 1922 2376 1982 nee,
2431 1911 2718 1993 postea—

586 2032 803 2102 quam
845 2006 1032 2077 illius
1072 2002 1530 2078 auctoritati6
1568 2032 1722 2079 eam
1764 2007 1929 2079 dedi
1968 2008 2285 2092 veniam,
2330 2030 2551 2101 quam
2584 2004 2716 2076 de·

586 2115 751 2203 bui,
807 2115 1205 2213 quidquam
1260 2117 1620 2205 simulavi,
1666 2144 1759 2188 ne
1810 2143 1974 2189 cum
2023 2142 2181 2189 mea
2226 2115 2557 2215 perfidia,
2611 2115 2721 2185 illi

584 2229 797 2295 etiam
833 2228 966 2322 ipsi
1004 2226 1353 2314 facerem,
1405 2230 1521 2300 cui
1572 2226 2010 2300 beneficium
2064 2226 2459 2309 dedissem,
2522 2226 2719 2318 inju-

584 2337 778 2406 riam.
808 2336 988 2408 Nam
1020 2362 1170 2410 non
1197 2339 1572 2439 redeundo
1601 2343 1675 2411 in
1701 2341 1997 2437 gratiam
2017 2363 2186 2410 cum
2214 2338 2536 2421 inimico,
2566 2359 2725 2406 non

582 2444 938 2517 violabam
988 2451 1435 2544 Pompeium.
1478 2453 1547 2521 Si
1597 2474 1728 2547 per
1767 2474 1933 2520 eum
1986 2448 2331 2520 reductus
2368 2445 2725 2517 insidiose

583 2554 963 2640 redissem,
1027 2581 1144 2627 me
1200 2559 1465 2638 scilicet
1519 2563 1861 2645 maxime,
1931 2558 2057 2630 sed
2126 2559 2454 2655 proxime
2508 2556 2725 2627 illum

654 2773 774 2819 xn.
813 2789 853 2817 ι.
889 2774 1025 2819 Meus
1038 2771 1330 2835 santiliank.
1367 2773 1421 2821 C.
1446 2774 1601 2820 Mem·
1690 2776 1729 2821 si
1758 2775 1866 2838 quis
1894 2786 1965 2822 est
2001 2777 2087 2838 qui
2130 2786 2188 2822 et<
2217 2791 2269 2822 se
2297 2784 2347 2822 et
2373 2790 2568 2821 causam
2602 2772 2719 2821 ledi

583 2852 707 2898 mins
725 2861 992 2898 accusator.
1193 2855 1196 2860 “
1688 2851 1830 2916 putet
1847 2889 1860 2910 ‚
1892 2869 2042 2917 quum
2079 2853 2430 2917 Chrysogonus
2469 2852 2724 2915 vitupere-

653 2946 702 2979 a.
736 2927 972 2975 Eamdem
996 2943 1193 2976 causam
1221 2928 1595 2978 Alexandrinis.
1689 2943 1786 2989 tur,
1810 2933 1851 2978 is
1868 2948 2057 2979 eausam
2077 2934 2270 2996 ignorat
2285 2965 2299 2990 ,
2321 2933 2533 2994 seipsum
2556 2947 2721 2995 prope

1686 3026 1785 3057 non
1806 3011 2002 3058 novit».

1761 3090 1815 3138 5.
1864 3089 2108 3151 Quamdiu
2160 3088 2511 3136 inimicissimus
2564 3090 2721 3136 Gabi>-

583 3009 757 3058 snum
777 3008 1010 3072 Pompeio
1033 3008 1292 3073 placerent.
1322 3009 1494 3059 Cicero
1514 3008 1599 3056 diu

573 3087 895 3152 ·repngnevit,
932 3098 990 3135 ut
1025 3097 1155 3151 patet
1182 3089 1324 3151 epist.
1370 3103 1415 3148 1,
1446 3087 1511 3135 sd
1535 3090 1598 3150 Q.
1658 3157 1665 3164 ,

582 3170 795 3215 Fratrem
819 3201 834 3227 ,
869 3166 955 3215 lib.
993 3169 1083 3215 11:
1121 3188 1143 3208 ι
1168 3166 1426 3232 Pompeius
1463 3183 1490 3214 a
1526 3184 1603 3215 me

583 3246 722 3294 valde
749 3246 1005 3296 contendit
1042 3247 1102 3295 de
1140 3247 1299 3296 reditu
1326 3249 1376 3294 in
1404 3247 1607 3311 gratiam

587 3326 604 3383 (
628 3340 740 3371 cum
759 3327 1038 3389 Gabinio),
1058 3326 1143 3374 sed
1160 3327 1321 3375 adhuc
1342 3326 1466 3374 nihil
1483 3342 1605 3391 pro·

585 3402 722 3462 fecit,
749 3418 871 3461 neo,
904 3405 948 3452 si
979 3405 1126 3451 ullam
1152 3411 1336 3468 partem
1373 3404 1606 3452 libertatis

585 3479 789 3537 tenebo,
825 3481 1047 3543 proficiet
1067 3505 1108 3531 -.

657 3560 706 3606 3.
738 3560 971 3606 Mortales
988 3557 1281 3606 ἰηὺηἰσίιίω.
1310 3558 1369 3605 Id
1388 3570 1460 3605 est
1470 3594 1485 3616 ,
1489 3558 1606 3621 sra-

578 3639 722 3702 giles.
754 3638 1064 3685 1mesmdem
1099 3639 1333 3684 rationem
1374 3637 1495 3683 illud
1534 3650 1605 3686 est

583 3720 648 3779 Q.
708 3708 891 3766 Caecilii
944 3715 1127 3763 Metelli
1188 3716 1321 3781 apud
1378 3716 1599 3766 Livium:

586 3822 609 3839 a
637 3797 899 3861 vulgatum
937 3795 1088 3855 illud,
1135 3799 1247 3861 quia
1295 3813 1456 3845 verum
1497 3809 1600 3860 est,

583 3876 634 3922 in
669 3875 978 3938 proverbium
1021 3878 1187 3924 venit:
1221 3877 1472 3926 Amicitias
1511 3878 1600 3925 im·

584 3954 806 4002 mortales
831 3989 845 4012 ,
897 3956 1170 4004 inimicitias
1226 3957 1453 4006 mortales
1500 3974 1600 4005 esse

583 4033 755 4081 debere
775 4056 816 4080 ιο.

656 4121 704 4168 6.
735 4115 801 4159 Et
827 4112 958 4161 illum
973 4149 990 4171 ,
1021 4127 1068 4162 et
1095 4130 1193 4163 me.
1217 4151 1228 4162 .
1253 4153 1261 4162 .
1301 4117 1513 4179 ignoras.
1540 4118 1596 4161 Iu

585 4203 704 4241 orat.
740 4209 831 4256 pro
861 4196 1045 4243 Roscio
1079 4196 1307 4242 Amerino
1340 4209 1352 4240 ε
1394 4217 1418 4234 κ
1447 4193 1596 4255 Quod

1690 3166 1789 3214 nio.
1826 3171 1880 3215 L.
1908 3169 2022 3216 Piso
2048 3179 2096 3216 et
2131 3172 2193 3216 A.
2224 3167 2463 3215 Gabinius
2488 3169 2719 3216 conules

1690 3251 1750 3294 eo
1791 3262 1921 3294 anno
1957 3263 2058 3310 quo
2096 3249 2271 3296 Cicero
2296 3249 2453 3294 Roma
2481 3247 2717 3310 expukus

1692 3335 1790 3382 est,
1816 3327 2121 3374 vehementer
2143 3326 2188 3374 ei
2213 3325 2501 3382 obsum-uun
2527 3327 2716 3373 luctum

1693 3405 1819 3452 enim
1844 3415 1893 3452 et
1914 3405 2303 3469 deprecationem
2325 3404 2720 3468 prohibuere-13

1693 3483 1947 3531 edixerunt
1969 3485 2111 3531 etiam
2143 3495 2199 3532 nt
2223 3484 2287 3531 sd
2314 3499 2456 3531 suum
2483 3486 2721 3533 vestitus-

1694 3573 1937 3609 senatores
1964 3563 2202 3620 redirentz,
2229 3574 2277 3610 et
2303 3578 2456 3626 qnam
2484 3564 2723 3628 princeps

1694 3641 1748 3687 P.
1789 3640 2018 3688 Lentulus
2054 3642 2338 3689 auctoritate
2382 3652 2432 3689 et
2475 3643 2722 3689 sententia

1692 3734 1776 3765 sua
1814 3735 2003 3767 causam
2030 3721 2278 3768 Ciceronis
2322 3720 2507 3768 exsulis
2544 3737 2721 3769 susee-

1689 3798 1862 3861 pinet,
1897 3799 2042 3847 ambo
2070 3802 2116 3847 ei
2148 3800 2373 3847 eonsules
2400 3801 2723 3848 vehementer

1689 3878 1832 3924 etiam
1852 3888 1994 3941 atque
2016 3879 2160 3926 etiam
2182 3881 2477 3926 restiterunt.

1759 3957 1811 4004 6.
1842 3956 1978 4003 Illius
2005 3957 2286 4005 auctoritati
2290 3993 2303 4004 .
2328 3956 2590 4019 Pompeius
2617 3955 2725 4003 Ga-

1688 4035 1826 4081 binio
1857 4037 2070 4092 favebat,
2109 4037 2221 4099 quia
2258 4052 2388 4083 anno
2416 4037 2520 4083 686
2556 4035 2719 4098 legem

1689 4113 1861 4160 tulerat
1877 4148 1890 4171 ,
1915 4131 2007 4177 qus
2031 4106 2290 4178 Pompeius
2308 4114 2442 4163 solus
2465 4115 2570 4162 dux
2592 4131 2720 4163 cun—

1688 4203 1757 4241 trs
1777 4193 1953 4255 piratas
1973 4195 2151 4241 electus
2167 4194 2339 4242 suerat.
