2994 4778
694 454 782 525 28
1314 456 1408 521 M.
1458 455 1536 522 T.
1589 454 2159 523 CICERONIS

688 577 860 646 tiam
890 601 905 643 :
947 573 1250 647 inclusas
1288 573 1443 668 ejus
1478 572 1807 644 libidines
1831 627 1850 661 ,
1892 574 2019 669 qui
2071 572 2311 668 paullo
2345 575 2649 670 propius
2681 598 2790 643 ac·

691 699 1082 767 cesserant,
1121 683 1606 755 intuebantur.
1650 686 1980 779 Denique
2031 682 2241 752 etiam
2293 684 2642 752 sermonis
2676 708 2794 752 an-

690 817 799 865 sas
873 793 1083 864 dabat
1106 848 1124 881 ‚
1191 791 1457 888 quibus
1524 790 1932 862 reconditos
2007 791 2160 885 ejus
2232 813 2481 875 sensus
2552 804 2794 861 tenere

688 926 1080 999 possemus.
1135 898 1502 971 Laudabat
1551 899 1771 970 homo
1821 899 2079 971 doctus
2118 897 2625 997 philosophos,
2668 924 2795 970 ne-

691 1013 837 1083 scio
887 1034 1106 1107 quos3
1152 1032 1389 1104 neque
1446 1034 1696 1082 eorum
1741 1024 1979 1087 tamen
2022 1011 2317 1078 nomina
2359 1022 2643 1105 poterat
2690 1008 2793 1078 di-

687 1129 936 1191 cere²z
982 1116 1106 1188 sed
1156 1130 1396 1188 tamen
1433 1142 1557 1189 eos
1595 1117 1929 1189 laudabat
1975 1118 2325 1204 maxime,
2373 1117 2501 1211 qui
2543 1116 2792 1188 dicun-

689 1225 854 1300 ειη-3
908 1239 1164 1325 praeter
1192 1241 1484 1297 ‚ceteros
1540 1251 1691 1298 esse
1741 1241 2066 1297 auctores
2112 1239 2184 1296 et
2230 1224 2636 1297 laudatores
2677 1252 2795 1297 vo-

683 1339 1014 1435 luptatis;
1062 1336 1267 1430 cujus
1291 1391 1316 1418 .,.
1348 1350 1418 1407 et
1455 1361 1604 1432 quo
1645 1351 2000 1433 tempore,
2045 1349 2118 1405 et
2158 1359 2306 1432 quo
2350 1333 2610 1420 mod0,
2646 1360 2792 1405 non

625 1491 645 1513 0
684 1446 1067 1544 quaerebat.
1113 1446 1434 1517 Verbum
1473 1448 1713 1544 ipsum
1748 1445 2086 1516 omnibus
2138 1443 2417 1515 modis‘*
2454 1446 2674 1515 animi
2726 1460 2796 1516 et

683 1558 1003 1653 corporis
1027 1554 1413 1628 devorabat
1432 1582 1452 1644 ;
1476 1555 1910 1651 eosdemque
1927 1555 2261 1653 praeclare
2283 1553 2520 1625 dicere
2538 1552 2795 1639 aiebat,

686 1669 1039 1765 sapientes
1090 1669 1330 1736 omnia
1374 1691 1500 1736 sua
1548 1690 1757 1737 causa
1807 1664 2079 1752 facere;
2128 1662 2644 1761 rempublicam
2675 1688 2791 1733 ca·

683 1799 968 1874 pessere
1022 1775 1390 1846 hominem
1447 1775 1635 1846 bene
1684 1798 1936 1844 sanum
1993 1797 2140 1843 non
2201 1785 2569 1870 oportere;
2613 1771 2794 1841 nihil

684 1910 836 1957 esse
871 1884 1337 1982 praestabilius
1368 1885 1595 1955 otiosa
1627 1885 1801 1968 vita,
1835 1898 1907 1953 et
1941 1883 2189 1981 plena,
2226 1895 2298 1953 et
2330 1880 2650 1952 conserta
2680 1906 2794 1951 vo-

681 1993 1114 2091 luptatibus3
1160 2017 1282 2063 eos
1331 2008 1569 2064 autem
1590 1988 1640 2079 ⁵,
1691 1992 1818 2087 qui
1864 1990 2221 2078 dicerent,
2274 1989 2598 2086 dignitati
2639 2014 2794 2062 esse

683 2102 1175 2187 serviendum,
1233 2098 1646 2199 reipublicae
1703 2100 2260 2188 consulendum,
2312 2098 2529 2170 officii
2581 2102 2796 2170 ratio-

683 2235 850 2282 nem
897 2212 974 2280 in
1024 2212 1224 2281 omni
1276 2212 1459 2297 vita,
1513 2235 1661 2281 non
1719 2210 2112 2296 commodi,
2158 2235 2310 2282 esse
2347 2208 2790 2295 ducendam,

682 2317 1058 2392 subeunda
1108 2344 1243 2417 pro
1301 2322 1526 2419 patria
1577 2319 1926 2419 pericula,
1980 2320 2274 2392 vulnera
2331 2319 2791 2417 excipienda,

682 2443 988 2500 mortem
1039 2428 1519 2526 oppetendam
1548 2464 1591 2518 ‚=
1617 2428 2027 2500 vaticinari⁶
2068 2444 2285 2527 atque
2325 2416 2636 2502 insanire
2678 2431 2790 2501 di·

679 2537 904 2611 cebat.
934 2544 1037 2614 Ex
1062 2539 1174 2610 his
1200 2538 1496 2612 assiduis
1525 2540 1587 2636 ej
1598 2564 1679 2611 us
1707 2539 2282 2637 quotidianisque
2311 2540 2791 2626 sermonibus,

675 2734 921 2783 voluntate
941 2745 1138 2782 notatur
1156 2733 1361 2782 inscitia.
1385 2735 1495 2781 Hoc
1520 2732 1687 2796 paullo

675 2811 848 2858 clarius
873 2812 1142 2860 ostenditur
1167 2813 1219 2859 in
1248 2811 1451 2875 epistola
1477 2811 1541 2859 ad
1565 2812 1686 2859 Cor·

674 2887 889 2937 nificinm
901 2923 916 2948 ‚
931 2889 1008 2936 his
1030 2889 1188 2936 verbis
1206 2902 1219 2936 :
1239 2911 1263 2929 ι-
1278 2887 1427 2950 Quod
1453 2889 1522 2951 si,
1539 2900 1594 2936 nt
1612 2904 1684 2948 es,

675 2966 908 3024 cessabis;
953 2967 1177 3014 lacessam
1218 2979 1232 3012 ε
1277 2983 1336 3014 ne
1380 2976 1461 3013 tua
1499 2967 1685 3030 ignavia

676 3047 817 3093 etiam
849 3044 1067 3092 inertiam
1099 3045 1267 3092 afferat
1290 3059 1350 3093 a:
1382 3045 1436 3092 id
1465 3057 1566 3104 est,
1595 3061 1687 3104 ne,

679 3123 797 3172 dnm
815 3122 937 3172 nihil
951 3139 1177 3187 nmquam
1197 3121 1391 3181 scribis,
1412 3125 1556 3171 etiam
1573 3123 1689 3172 scri·

677 3203 790 3251 bere
808 3203 1026 3251 dediscas
1039 3236 1054 3263 ,
1071 3212 1119 3251 et
1137 3201 1377 3251 scribendi
1397 3213 1549 3252 artem
1568 3203 1690 3252 obli·

674 3283 876 3330 viscere.

745 3377 795 3408 2.
823 3361 992 3423 Neque
1014 3375 1171 3407 eonem
1198 3371 1358 3408 tamen
1386 3360 1584 3407 nomina
1596 3377 1688 3424 po·

676 3449 801 3487 terat
824 3438 999 3484 dicere.
1032 3438 1155 3486 Satis
1177 3439 1317 3502 plane
1342 3437 1525 3485 indicat
1543 3473 1559 3498 ,
1585 3454 1687 3487 non

676 3515 921 3573 doctrina,
953 3513 1040 3561 sed
1066 3515 1338 3573 voluntate,
1367 3516 1478 3578 qnia
1507 3516 1686 3564 scilicet

673 3595 972 3658 voluptatem
1004 3592 1252 3656 diligeret,
1285 3595 1511 3642 Pisonem
1544 3595 1686 3643 fuisse

675 3673 964 3737 Epicureum
985 3685 998 3719 :
1024 3671 1109 3733 qui
1129 3672 1254 3719 enim
1275 3687 1444 3720 eorum
1463 3673 1684 3733 nomina,

674 3766 882 3815 quorum
900 3760 1076 3798 sectam
1094 3750 1397 3812 sequebatur,
1415 3752 1659 3815 ignoraret
1671 3789 1686 3815 ,

675 3847 738 3879 ex
761 3829 1012 3879 bominum
1030 3829 1356 3890 sermonibus,
1383 3840 1430 3877 et
1457 3846 1519 3877 ex
1541 3842 1684 3879 natu·

673 3908 762 3958 tali
774 3907 980 3972 quadam
995 3907 1320 3972 propensione
1333 3908 1523 3972 potins,
1540 3925 1685 3972 quam

672 4003 735 4036 ex
776 3985 912 4033 libris
934 4019 950 4046 ,
1002 4001 1151 4050 genus
1198 3985 1320 4032 illud
1363 3985 1682 4052 philosophie

675 4064 959 4130 cognovisse
978 4064 1221 4128 putandus
1243 4074 1333 4112 est.

746 4148 796 4194 3.
822 4142 915 4206 Qui
929 4143 1163 4191 dicuntur.
1189 4143 1372 4207 Saepius
1387 4143 1686 4192 animadver-

1775 2743 1874 2786 tere
1893 2734 1983 2781 fuit
1998 2770 2013 2796 ,
2034 2733 2339 2791 Ciceronem,
2358 2733 2554 2796 quoties
2570 2733 2623 2780 in
2645 2749 2792 2782 coro-

1729 2837 1734 2842 ·
1773 2828 1834 2860 na
1873 2812 1934 2860 de
1977 2812 2160 2860 Graecis
2196 2813 2440 2876 sapientie
2479 2822 2565 2859 ant
2606 2810 2784 2859 artium

1773 2890 2126 2955 professoribus
2151 2891 2332 2939 mentio
2351 2899 2624 2938 occurreret
2638 2924 2653 2949 ‚
2675 2906 2792 2938 eru-

1775 2969 2006 3017 ditionem
2024 2985 2158 3017 snam
2173 2969 2331 3017 celare
2345 3005 2361 3030 ,
2392 2985 2453 3017 ne
2473 2969 2594 3016 infra
2621 2984 2786 3015 roma-

1774 3063 1883 3095 nam
1903 3048 2181 3112 gravitatem
2204 3048 2372 3095 cadere
2389 3063 2443 3095 ea
2463 3047 2724 3095 videretur.

1845 3134 1893 3181 4.
1918 3125 2144 3175 omnibus
2158 3126 2328 3174 modis.
2348 3127 2528 3174 Contra
2545 3140 2689 3188 qnam
2713 3142 2793 3172 re·

1772 3203 1894 3269 liqui
1928 3204 2151 3269 Epicurei
2165 3238 2181 3263 ,
2207 3205 2316 3267 qui,
2341 3203 2561 3251 doctrina
2593 3217 2622 3249 a
2648 3201 2791 3249 libris

1774 3292 1970 3346 accepta
1988 3317 2005 3344 ‚
2035 3298 2137 3330 non
2165 3281 2390 3338 omnibus
2417 3280 2576 3329 modis
2603 3280 2793 3345 ample-

1775 3360 1995 3409 ctendam
2018 3361 2313 3425 voluptatem
2336 3359 2689 3408 existimabant.

1846 3439 1896 3488 5.
1925 3441 2023 3486 Eos
2041 3450 2220 3488 autem.
2246 3439 2571 3503 Philosophus
2590 3438 2652 3485 ab
2671 3438 2792 3502 Epi-

1773 3532 1891 3566 cnro
1916 3516 2263 3576 dissentientes,
2287 3518 2500 3575 Stoicos,
2528 3515 2793 3563 Academi·

1773 3612 1857 3644 cos
1872 3632 1887 3658 ,
1932 3597 2272 3660 Peripateticos
2289 3631 2306 3654 ,
2361 3597 2446 3660 qui
2486 3595 2789 3643 honestatem

1769 3676 1850 3724 vel
1883 3692 2026 3723 unam
2045 3711 2061 3735 ,
2099 3676 2177 3724 vel
2217 3676 2424 3724 maxime
2464 3672 2791 3740 expetendam

1771 3753 2090 3802 affirmabant.

1841 3834 1890 3881 6.
1940 3831 2217 3881 Vaticinari.
2246 3833 2486 3890 Delirare,
2511 3844 2677 3876 eorum
2710 3829 2788 3877 in·

1769 3921 1869 3959 star
1904 3910 1987 3973 qui
2024 3921 2079 3957 nt
2115 3911 2330 3959 divinent
2350 3945 2366 3970 ,
2413 3923 2584 3956 vesana
2627 3919 2789 3956 mente

1772 3989 2005 4036 seruntur.
2047 3989 2190 4036 Unde
2239 3987 2484 4038 Arnobius
2505 4001 2519 4035 ε
2559 4007 2586 4027 ιι
2605 3985 2784 4034 audent

1771 4082 2034 4114 asseverare
2072 4066 2274 4127 furiosi,
2304 4066 2436 4131 quod
2478 4081 2567 4114 vos
2590 4062 2786 4114 credere

1773 4160 1871 4192 non
1898 4143 2175 4193 erubescitis
2199 4145 2300 4191 sani
2325 4167 2369 4193 n.
