2994 4778
725 426 1123 496 ORATIO
1175 429 1291 499 IN
1347 428 1884 497 VATINIUM.
2238 419 2373 494 ¹53

217 552 439 623 ·tem?
494 551 1112 650 promulgat-isne,
1190 551 1672 649 impurissime
1747 562 1820 620 et
1888 546 2369 646 perditissime

252 664 458 736 hostis
486 718 509 753 ‚
567 668 1094 762 quaestionem‘*
1155 664 1247 735 de
1301 679 1412 737 tot
1474 662 1929 762 amplissimis
1977 676 2050 732 et
2103 660 2367 733 talibus

252 778 433 862 viris,
467 772 827 846 indicium
852 772 882 821 ⁵
907 778 1151 845 Vettio
1176 827 1197 860 ‚
1248 778 1541 873 praemia
1583 772 2064 871 amplissima?
2108 768 2376 867 quibus

246 883 491 970 rehum,
545 884 879 955 omnium
919 884 1329 955 mortalium
1366 909 1520 961 non
1564 882 1937 954 voluntate
1963 935 1984 970 ,
2031 878 2159 952 sed
2195 903 2370 951 con·

241 995 413 1063 vicio
460 992 908 1091 repudiatis3
961 991 1352 1090 fregerisne
1387 995 1464 1063 in
1508 1016 1793 1064 carcere
1830 986 2195 1063 cervices⁶
2240 986 2379 1085 ipsi

240 1100 336 1172 illi
364 1103 621 1173 Vettio
638 1156 661 1191 ‚
692 1126 788 1173 ne
806 1100 1007 1199 quod
1033 1101 1376 1173 indicium
1403 1102 1731 1200 corrupti
1758 1100 2004 1172 indicii
2031 1110 2378 1184 exstaret,

241 1213 554 1309 ejusque
585 1211 874 1285 sceleris
900 1212 976 1281 in
1007 1227 1081 1283 te
1108 1215 1344 1310 ipsum
1373 1213 1674 1311 quaestio
1701 1208 2188 1308 flagitaretur?

326 1327 455 1411 Et,
508 1325 862 1419 quoniam
899 1320 1156 1394 crebro
1196 1347 1541 1421 usurpas,
1590 1323 1822 1419 legem
1859 1335 1934 1393 te
1966 1317 2056 1390 de
2087 1317 2382 1389 alternis

244 1432 612 1505 consiliis⁷
647 1431 1051 1528 rejiciendis
1089 1432 1330 1504 tulisse
1354 1486 1374 1520 ‚
1424 1447 1509 1503 ut
1541 1457 1798 1504 omnes
1831 1429 2273 1535 intelligant,
2312 1440 2384 1497 te

244 1569 331 1617 ne
371 1559 582 1616 recte
614 1543 913 1641 quidem
945 1541 1178 1615 facere
1210 1544 1364 1616 sine
1398 1544 1666 1615 scelere
1703 1544 2021 1642 potuisse
2044 1594 2064 1628 ,
2101 1561 2382 1636 quaero‚

247 1680 471 1753 quum
516 1655 637 1727 lex
682 1668 868 1727 esset
904 1678 1107 1751 aequa
1144 1655 1595 1753 promulgata
1643 1653 1851 1725 initio
1893 1655 2383 1750 magistratus,

249 1765 512 1837 multas
548 1767 765 1837 etiam
800 1766 969 1836 alias
1002 1764 1324 1852 tulisses,
1345 1767 1894 1864 exspectarisne,
1927 1762 2100 1833 dum
2133 1765 2209 1832 C.
2244 1763 2384 1830 An-

251 1878 495 1948 tonius
536 1884 704 1948 reus
732 1874 943 1948 fieret
973 1874 1167 1974 apud
1186 1879 1319 1946 Cn.
1336 1875 1730 1948 Lentulum
1749 1868 1782 1920 ⁸
1802 1870 2273 1946 Clodianum?
2305 1883 2380 1940 et

252 2000 726 2082 posteaquam
745 1985 863 2056 ille
877 2000 985 2056 est
1011 2010 1177 2057 reus
1196 1982 1425 2058 factus
1443 2040 1462 2072 ‚
1490 1986 1731 2056 statim
1751 1983 2005 2055 tuleris
2032 1980 2134 2080 [in
2157 1976 2384 2076 eum]‚

255 2098 429 2193 «qui
477 2112 680 2167 tuam
739 2110 903 2195 post
953 2097 1179 2194 legem
1228 2121 1394 2169 reus
1446 2093 1680 2167 factus
1729 2108 2004 2181 essett»
2036 2106 2116 2162 ut
2153 2091 2380 2161 homo

259 2205 652 2277 consularis
693 2206 1057 2293 exclusuS,
1092 2206 1332 2295 miser,
1368 2220 1645 2304 puncto
1672 2206 2022 2301 temporis
2049 2201 2384 2298 spoliare·

264 2328 379 2385 tur
405 2313 773 2386 beneflcio
819 2330 892 2386 et
926 2317 1258 2413 aequitate
1293 2315 1470 2414 legis
1501 2316 1688 2386 tuae?
1724 2316 1973 2402 Dices,
2019 2309 2382 2383 familiari·

270 2438 526 2496 tatem9
563 2424 700 2496 tibi
748 2422 967 2497 fuisse
996 2451 1164 2496 cum
1194 2428 1283 2517 Q.
1305 2431 1641 2497 Maximo.
1679 2425 2020 2497 Praeclara
2056 2420 2382 2495 defensio

273 2533 594 2607 facinoris
635 2536 769 2606 tui.
823 2540 1003 2608 Nam
1041 2540 1335 2608 Maximi
1378 2535 1678 2636 quidem
1721 2558 2000 2608 summa
2037 2533 2192 2604 laus
2236 2544 2382 2616 est,

268 2648 561 2743 sumptis
602 2647 993 2718 inimicitiis
1015 2698 1035 2734 ‚
1067 2662 1398 2746 suscepta
1437 2671 1649 2719 causa
1671 2700 1691 2735 ,
1730 2645 2114 2744 quaesitore
2151 2642 2386 2713 consi-

266 2752 505 2851 lioque
542 2754 870 2842 delect0‚
921 2756 1485 2837 commodiorem
1518 2756 1813 2830 inimico
1847 2780 1982 2827 suo
2025 2749 2382 2825 conditio-

264 2889 427 2935 nem
456 2865 873 2959 rejectionis
900 2866 1070 2939 dare
1092 2868 1452 2942 noluisse:
1489 2869 1814 2967 nihilque
1842 2868 2198 2938 Maximus
2219 2858 2388 2936 fecit

265 2972 577 3045 alienum
593 2988 712 3045 aut
737 2999 869 3046 sua
891 2976 1152 3048 virtute
1172 3032 1191 3065 ‚
1215 2993 1338 3050 aut
1361 2980 1500 3051 illis
1526 2982 1694 3050 viris
1720 2978 2143 3065 clarissimis,
2180 2972 2388 3046 Paul·

338 3144 389 3191 ⁴.
448 3136 775 3199 Qnaesnbnem.
819 3143 930 3189 Hoc
980 3150 1081 3189 ent
1128 3141 1283 3206 legem
1373 3142 1419 3189 ei
1443 3141 1627 3190 alterna
1656 3142 1890 3200 consilia,
1935 3141 1990 3190 id
2024 3150 2129 3199 eet,
2164 3139 2387 3200 iudicum

265 3215 604 3280 promulgare,
630 3229 686 3266 ut
711 3218 953 3279 judicium
982 3229 1114 3268 extra
1151 3221 1288 3269 ordi-
1373 3219 1616 3268 decuriam
1642 3221 1837 3281 rejicere
1861 3221 2044 3270 liceret.
2070 3220 2210 3266 Hane
2235 3218 2391 3281 legem

267 3310 373 3342 netu
399 3297 794 3355 constitueretur,
823 3298 904 3345 eui
926 3299 1158 3361 quasitot
1181 3315 1288 3349 cer·
1373 3298 1694 3362 equissimm
1730 3298 2052 3364 promulgavit
2085 3314 2111 3345 a
2148 3297 2392 3362 magistra-

269 3385 343 3421 tus
364 3390 480 3423 eum
507 3376 712 3423 consilio
730 3374 1075 3439 prediceretur.
1374 3387 1453 3426 tus
1502 3378 1776 3443 principio;
1823 3378 1910 3432 ned
1942 3374 2143 3441 lquum'3
2162 3377 2399 3443 impedire

338 3455 384 3502 5.
400 3453 552 3501 Multi
577 3454 719 3513 olim,
741 3454 909 3503 indici.
934 3459 966 3505 J
973 3492 986 3505 .
1007 3458 1071 3503 V.
1092 3457 1150 3504 1..
1371 3457 1550 3516 vellet,
1575 3474 1638 3506 ue
1656 3459 1713 3508 C.
1738 3459 1980 3507 Antonius
1994 3459 2139 3519 hujus
2156 3456 2395 3507 beneficio

334 3533 386 3581 ⁶.
417 3535 481 3579 1ae
517 3549 716 3580 earcere
753 3534 979 3584 eervices.
1014 3536 1287 3599 Oppressus
1374 3536 1629 3596 frueretur,
1655 3554 1759 3586 eam
1784 3549 1975 3587 tantum
1992 3538 2121 3601 tulit,
2137 3549 2396 3603 postquam

273 3610 506 3659 &iteruin
525 3613 720 3660 Vettius
753 3613 803 3659 in
831 3628 1051 3673 earcere,
1086 3615 1286 3662 Caeurin
1372 3631 1485 3664 reus
1507 3627 1579 3664 est
1602 3618 1781 3667 factus.

277 3690 505 3748 milio·
529 3705 596 3738 Μ
640 3692 772 3739 frmss
814 3702 1033 3756 putent,
1078 3703 1130 3741 et
1155 3692 1288 3740 unde
1445 3698 1493 3744 8.
1516 3697 1609 3745 Vel
1647 3699 1843 3761 potius,
1886 3708 1945 3746 ut
1979 3695 2225 3761 quondm
2257 3693 2402 3752 editi,

278 3770 494 3828 oriretur,
520 3781 687 3834 ponet
715 3770 1029 3835 deprehendi.
1379 3784 1478 3821 «et
1503 3776 1567 3836 Q.
1587 3775 1907 3825 Claudium».
1934 3777 2131 3825 J.v.1,.

348 3849 497 3896 ··.De
518 3848 721 3897 alternis
743 3849 969 3899 consiliis.
1009 3850 1154 3899 Nulla
1194 3852 1295 3900 fere
1451 3867 1504 3915 9.
1572 3853 1713 3901 Dices
1758 3853 2175 3918 familiaritatem.
2237 3854 2405 3915 Quum

283 3926 481 3974 Vatinia
520 3927 671 3988 hujus
718 3927 838 3992 legi·
887 3929 1087 3993 vestigia
1125 3946 1295 3995 nuper·
1381 3930 1442 3978 C.
1468 3933 1717 3980 Antonius
1751 3950 1779 3981 a
1821 3935 1888 3997 Q.
1913 3929 2422 3981 Maximo'aceunre·

283 4016 403 4055 unt.
431 4008 658 4054 Attamen
683 4023 791 4055 eam
825 4007 896 4056 nie
932 4009 1081 4056 fuisse
1111 4010 1298 4057 consti·
1382 4020 1487 4070 tur,
1517 4010 1650 4059 dices
1678 4022 1726 4062 te
1747 4029 1851 4061 non
1878 4016 1950 4062 tui
1979 4014 2157 4084 ipsius
2136 4011 2417 4071 moribus,

284 4091 429 4131 tutan
459 4085 702 4136 arbitror·
737 4086 1041 4135 muniebatur
1078 4088 1207 4137 enim
1242 4098 1297 4137 ut
1387 4090 1474 4138 ned
1518 4091 1660 4139 amici
1702 4092 1943 4142 voluntati
1982 4094 2240 4158 paruisse,
2271 4091 2447 4154 'quum

285 4163 371 4226 qni
402 4164 779 4230 repetundarum
811 4178 1060 4217 aecusatus
1094 4168 1290 4228 fnisset.
1388 4170 1660 4221 Antonium
1686 4170 1928 4223 beneflcio
1954 4172 2075 4236 legi·
2099 4171 2312 4222 orbem.
2392 4229 2421 4242 Α
