2994 4778
171 467 617 487 ”mmm
629 468 2168 494 mmmssummmmmmmmm·
2178 475 2324 497 mm

698 674 1804 780 ARGUMENTUM.

178 881 341 951 Anu.
375 898 446 953 U.
481 897 542 955 C.
575 892 721 964 703,
770 896 832 951 C.
872 892 1179 951 Considius
1220 898 1452 970 Longus
1489 913 1562 951 ex
1599 893 1723 972 lege
1756 895 2028 972 Pompeia
2068 908 2127 953 et
2157 915 2326 955 sena-

270 990 633 1047 tusconsulto
662 988 920 1047 Africam
954 988 1312 1066 provinciam
1359 1008 1468 1068 pro
1499 1002 1747 1066 praetore
1785 988 2067 1062 obtinuit,
2102 1012 2173 1049 ex
2213 1013 2329 1071 qua

268 1106 453 1163 quum
480 1084 818 1156 decederet,
867 1090 937 1158 Q.
970 1086 1264 1163 Ligarium
1305 1087 1552 1162 legatum
1582 1106 1748 1143 suum
1773 1086 1827 1143 ei
1858 1088 2132 1164 praefecit.
2157 1094 2330 1148 Anno

267 1195 546 1261 sequente
586 1202 767 1262 quum
811 1181 1007 1240 subito
1051 1181 1270 1241 bellum
1322 1183 1489 1240 civile
1542 1183 1694 1239 inter
1734 1187 2016 1261 Caesarem
2057 1197 2117 1242 et
2157 1190 2330 1244 Pom-

267 1281 472 1358 peium
504 1280 830 1351 exarsisset,
869 1281 1131 1359 Ligarius
1164 1278 1404 1337 domum
1438 1293 1739 1359 spectans,
1767 1292 1825 1337 et
1865 1280 1936 1339 ad
1976 1302 2112 1340 suos
2134 1284 2335 1342 -redire

271 1378 551 1456 cupiens,
596 1377 702 1436 etsi
733 1397 864 1435 eum
907 1378 1062 1436 cives
1108 1389 1167 1434 et
1219 1377 1430 1457 reliqui
1474 1378 1888 1461 provinciale5‚
1936 1379 2037 1456 qui
2073 1383 2334 1459 Pompeii

272 1472 540 1552 partibus
579 1472 887 1544 favebant,
934 1472 1141 1531 ducem
1174 1472 1391 1531 habere
1433 1472 1741 1545 volebant,
1785 1474 1944 1533 nullo
1988 1496 2050 1533 se
2096 1478 2332 1554 pegotio

271 1571 563 1649 implicari
591 1590 791 1649 passus
824 1584 924 1628 est.
959 1570 1196 1628 Interim
1227 1570 1412 1628 Attius
1444 1575 1665 1644 Varus,
1708 1571 1811 1648 qui
1845 1583 2061 1649 praetor
2094 1592 2232 1631 ann.
2258 1577 2329 1632 U.

277 1688 396 1742 7⁰2
435 1669 686 1726 Africam
721 1666 1085 1735 obtinuerat,
1120 1668 1346 1727 Uticam
1383 1667 1575 1739 venit;
1623 1668 1670 1725 is
1711 1667 1967 1727 delatum
2005 1668 2080 1727 ad
2123 1690 2185 1728 se
2222 1670 2336 1729 im-

272 1767 506 1845 perium
539 1765 748 1845 cupide
776 1766 1041 1843 arripuit.
1086 1771 1229 1839 Quae
1273 1785 1453 1844 quum
1486 1777 1768 1842 geruntur
1802 1771 1867 1824 L.
1893 1767 2079 1827 AElius
2102 1766 2337 1826 Tubero

274 1885 351 1923 ex
402 1868 507 1924 SC.
546 1865 605 1921 in
661 1863 1021 1941 provinciam
1067 1862 1253 1931 venit,
1294 1884 1328 1920 a
1371 1868 1528 1920 Varo
1579 1862 1698 1940 jam
1742 1876 2107 1943 occupatam.
2157 1863 2336 1945 (Caes.

275 1962 355 2019 de
381 1961 519 2019 Bell.
545 1962 668 2019 Civ.
694 1958 795 2018 lib.
821 1963 848 2016 1
870 2001 886 2030 ,
925 1980 1050 2038 cap.
1083 1962 1209 2037 30.)
1236 1948 1517 2018 Exclusus
1542 1960 1721 2037 igitur
1744 1979 1858 2017 una
1882 1981 2012 2019 cum
2040 1962 2161 2020 filio
2181 1967 2253 2037 Q.
2281 1982 2343 2020 se

276 2060 339 2115 in
366 2056 766 2115 Macedoniam
805 2055 880 2114 ad
917 2056 1254 2133 Pompeium
1294 2057 1556 2119 contulit.
1594 2056 1855 2135 Ligarius
1884 2056 1945 2115 in
1973 2058 2171 2117 Africa
2204 2078 2342 2137 per·-

278 2153 527 2224 mansit;
557 2152 922 2229 Pompeianis
953 2164 1144 2209 autem
1177 2151 1236 2208 in
1263 2152 1454 2209 Africa
1481 2150 1750 2221 devictiS,
1779 2171 1959 2229 quum
1985 2156 2193 2227 Caesar,
2221 2154 2339 2212 ira-

281 2252 400 2308 tior
418 2250 514 2321 iis,
533 2250 634 2327 qui
661 2247 877 2306 bellum
901 2247 1043 2305 illud
1066 2247 1416 2324 pertinacius
1436 2246 1887 2319 continuassent‚
1910 2248 2088 2308 vitam
2115 2262 2305 2309 tamen
2322 2294 2340 2324 ,

280 2345 603 2406 Adrumeto
634 2357 835 2423 capto,
863 2342 1096 2423 Ligario
1141 2342 1515 2426 concessisset
1543 2341 1649 2422 (de
1685 2343 1845 2403 Bello
1878 2344 2004 2403 Afr.
2034 2364 2159 2425 cap.
2189 2347 2338 2425 89),

283 2444 447 2501 exsul
481 2441 561 2500 ibi
590 2441 764 2510 vixit,
790 2460 896 2498 nec
926 2459 1096 2498 ausus
1126 2451 1211 2496 est
1241 2439 1301 2495 in
1324 2438 1547 2524 Italiam
1571 2438 1777 2524 redire.
1797 2446 2058 2499 Attamen
2083 2461 2192 2520 pro
2217 2441 2339 2520 ejus

282 2542 468 2599 salute
514 2539 721 2596 fratres
759 2551 817 2593 et
846 2536 1163 2615 propinqui
1202 2536 1410 2593 Caesari
1446 2536 1775 2622 supplicare
1816 2556 1935 2594 non
1970 2536 2340 2596 desistebant.

280 2644 546 2702 Exeunte
566 2649 756 2695 autem
779 2655 912 2694 ann.
927 2640 997 2694 U.
1026 2655 1167 2708 707,
1191 2639 1262 2707 Q.
1283 2635 1466 2693 AElius
1489 2633 1752 2716 Tubero,
1781 2634 2019 2693 Caesaris
2039 2636 2341 2694 clementia

283 2754 406 2793 una
449 2753 579 2791 cum
625 2744 790 2811 patre
833 2732 1154 2800 restitutus,
1194 2731 1487 2810 Ligarium
1530 2729 1824 2814 absentem
1860 2728 2017 2807 apud
2060 2734 2342 2790 Caesarem

285 2828 580 2888 accusavit
598 2871 615 2900 ,
650 2826 809 2905 quod
840 2826 898 2882 in
925 2826 1116 2916 Africa
1142 2826 1356 2886 fuisset.
1387 2830 1537 2885 Eum
1569 2825 1679 2884 hac
1708 2825 1971 2910 pratione
1995 2825 2057 2883 in
2080 2827 2213 2906 {foro
2231 2825 2341 2885 ha-

286 2927 414 2986 bita
437 2926 642 2986 Cicero
674 2922 948 2982 defendit.

370 3078 438 3133 ln
485 3073 734 3133 exordio
790 3073 1005 3132 fatetur
1044 3073 1337 3151 Ligarium
1379 3068 1518 3130 belli
1550 3071 1711 3129 ‘illius
1738 3059 2008 3152 ‘tempore
2048 3073 2107 3130 in
2148 3055 2343 3132 Africa

289 3173 495 3242 fnisse,
524 3171 624 3230 sed
651 3172 698 3228 si
725 3171 839 3228 hoc
866 3155 1141 3228 delictum
1181 3171 1260 3227 sit
1283 3167 1343 3226 id
1385 3186 1508 3225 esse
1532 3169 1586 3225 ei
1617 3186 1747 3225 cnm
1771 3167 2091 3226 Tuberone*
2106 3161 2345 3247 ejusque

287 3284 453 3346 patre
503 3286 823 3326 commune.
871 3271 1004 3325 Duo
1051 3275 1240 3324 antem
1292 3273 1555 3348 tempora
1602 3267 1801 3322 car'e're
1842 3265 2129 3337 crimine',⁸
2166 3286 2349 3326 unum

288 3384 473 3445 quum
497 3366 571 3423 sit
588 3366 809 3445 legatus
834 3365 893 3422 in
919 3364 1173 3422 Africam
1200 3363 1518 3441 profectus»,
1538 3362 1779 3418 alterum
1807 3380 1986 3438 quum
2008 3360 2350 3441 efflagitatus

288 3462 642 3543 aprovincia
670 3462 1016 3540 praepositus
1041 3462 1116 3519 sit
1144 3461 1387 3540 Asrlcae3
1421 3455 1658 3517 tertium
1685 3471 1875 3517 autem
1892 3503 1909 3530 ,
1932 3473 2060 3546 'quo
2085 3474 2218 3538 post
2243 3462 2351 3520 ad-

286 3575 529 3620 ventum
568 3559 707 3618 Vari
738 3559 802 3616 in
840 3547 1035 3617 Africa
1077 3558 1383 3628 restiterit,
1426 3557 1794 3616 necessitatis·
1810 3556 2027 3614 crimen
2069 3549 2193 3616 esse
2233 3578 2351 3616 non

289 3656 644 3726 voluntatis,
692 3674 817 3732 cap.
851 3657 971 3712 1-3.
1015 3659 1081 3711 In
1127 3674 1245 3731 quo
1285 3654 1488 3711 Cicero
1517 3672 1678 3712 suam
1715 3653 1897 3730 ipsius
1929 3645 2353 3712 et·Tuberonis

293 3755 579 3813 rationem
604 3772 735 3810 cum
763 3751 977 3829 Ligarii
1006 3751 1338 3808 conditione
1367 3764 1694 3828 comparum
1720 3748 1932 3826 quibus
1956 3770 2135 3828 quum
2160 3754 2352 3807 Caesar

292 3851 484 3910 multo
516 3848 762 3926 majores
803 3867 1002 3907 causas
1038 3845 1326 3905 irascendi
1352 3845 1660 3915 habuerit,
1701 3858 1760 3902 et
1799 3858 1986 3904 tamen
2025 3846 2350 3924 ignoverit,

292 3950 508 4007 mirum
531 3966 654 4005 esse
678 3964 808 4003 eum
833 3965 865 4003 a
890 3943 1198 4003 Tuberone
1228 3942 1523 4012 accusari,
1552 3941 1653 4018 qui
1676 3942 1861 3999 multo
1886 3940 2180 4001 meliorem
2214 3963 2355 4001 cau-

292 4065 416 4103 sam
458 4062 632 4121 quam
677 4054 981 4099 accusator
1021 4039 1263 4111 habeat,
1293 4058 1419 4116 cap.
1446 4047 1499 4106 l..
1542 4042 1827 4096 Proeterea
1873 4056 2052 4115 quum
2099 4039 2361 4116 Ligarius

295 4143 418 4220 jam
458 4141 517 4198 in
548 4138 749 4197 exsilio
781 4138 888 4207 sit,
927 4137 1078 4194 hanc
1106 4136 1528 4195 accusationem
1563 4153 1686 4191 eam
1720 4133 1831 4190 vim
1878 4134 2095 4192 habere
2137 4133 2318 4191 videri
2347 4178 2363 4204 ‚

430 4242 511 4308 V.
562 4251 658 4301 650.
673 4266 791 4318 pars
808 4246 1033 4298 secunda.
1394 4289 1399 4294 .
2091 4230 2176 4328 37
