2994 4778
609 463 656 533 6

1299 461 2053 533 ARGUMENTUM.

683 585 954 645 omnibus
986 584 1376 664 impenderet,
1405 603 1585 642 unum
1609 602 1722 662 pro
1745 580 2017 639 omnibus
2038 579 2244 639 exsilio
2267 597 2375 638 suo
2403 578 2700 657 suscipere
2719 622 2738 651 ,

680 702 857 762 quam
892 701 1025 740 cum
1068 700 1293 740 summo
1343 698 1550 738 eorum
1590 679 1853 757 periculo
1901 677 2253 761 depugnare.
2303 680 2499 753 Ipsam
2544 689 2736 734 autem

684 792 930 837 mortem
972 776 1225 836 noluisse
1272 787 1586 853 oppetere,
1619 794 1738 832 non
1777 772 1938 852 quod
1983 792 2111 831 eam
2148 773 2406 845 timeret,
2454 771 2556 830 sed
2600 772 2740 849 quia

679 876 1052 956 praevideret,
1083 874 1132 932 si
1158 891 1391 931 causam
1422 871 1718 951 publicam
1750 890 1852 929 sua
1878 890 2033 929 mors
2061 870 2427 948 peremisset,
2448 869 2740 928 neminem

675 992 951 1052 umquam
979 974 1135 1041 sore,
1161 970 1265 1048 qui
1291 970 1536 1029 auderet
1559 971 1851 1048 suscipere
1883 976 2085 1025 contra
2111 965 2411 1045 improbos
2435 967 2592 1024 cives
2629 967 2741 1024 rei·

679 1071 927 1151 publicae
957 1069 1215 1128 salutem.
1246 1070 1456 1147 Itaque
1484 1088 1547 1127 se
1578 1086 1709 1127 eam
1752 1066 2010 1125 discessu
2040 1083 2147 1123 suo
2175 1083 2465 1136 servasse3
2493 1063 2743 1136 caedem,

677 1169 1035 1238 vastitatem,
1080 1164 1382 1238 incendia,
1424 1165 1656 1244 rapinas
1705 1185 1740 1223 a
1787 1161 2014 1222 civibus
2053 1172 2113 1220 et
2150 1158 2297 1220 urbe
2340 1161 2652 1240 repulisse;
2681 1174 2747 1218 et

677 1284 858 1323 unum
905 1262 998 1322 bis
1052 1261 1471 1342 rempublicam
1520 1280 1809 1330 servasse,
1858 1259 2033 1319 semel
2085 1259 2274 1338 gloria
2324 1258 2744 1337 conjurationis

684 1359 1038 1420 Catilinariae
1066 1377 1387 1438 oppressae,
1421 1359 1634 1418 iterum
1661 1377 1918 1417 aerumna
1942 1356 2129 1416 exsilii
2158 1367 2442 1434 suscepta.
2482 1361 2652 1416 Nunc
2680 1375 2745 1413 se

679 1459 819 1515 vivo
854 1477 923 1516 ac
957 1456 1229 1516 restituto
1260 1456 1454 1515 vivere
1486 1474 1686 1515 secum
1724 1454 1897 1513 simul
1930 1453 2258 1533 exemplum
2293 1452 2428 1511 fidei
2462 1451 2747 1531 publice,

680 1553 1009 1633 exemplum
1046 1550 1299 1632 reipubl.
1337 1551 1755 1624 defendendae,
1796 1550 2172 1631 cap.*19-a3.
2205 1531 2334 1609 Jam
2370 1550 2749 1627 persequitur

682 1650 932 1729 reliquas
974 1662 1168 1728 pestes
1208 1648 1465 1709 Gabinio
1506 1662 1569 1707 et
1611 1647 1822 1707 Pisone
1870 1646 2205 1706 consulibus
2243 1644 2492 1725 reipubl.
2535 1645 2747 1705 illatas.

684 1747 940 1805 Primum
966 1744 1127 1823 quod
1159 1745 1261 1804 illo
1302 1745 1430 1823 ipso
1468 1744 1567 1803 die
1593 1763 1714 1822 quo
1740 1744 1946 1804 Cicero
1973 1744 2221 1821 patriam
2252 1742 2363 1802 sibi
2392 1742 2750 1802 carissimam

686 1852 932 1928 propter
975 1843 1155 1921 ipsius
1192 1843 1396 1921 patriae
1435 1840 1735 1900 caritatem
1774 1841 2110 1918 reliquerit,
2139 1840 2408 1899 omnibus
2441 1838 2610 1899 bonis
2649 1840 2750 1898 lu-

688 1953 925 2012 ctuoso,
965 1939 1300 2017 provincias
1338 1938 1704 2018 rogaverint,
1739 1938 2046 2014 statimque
2079 1957 2139 1996 se
2179 1937 2447 2016 perculso
2476 1936 2549 1995 ad
2576 1956 2750 1996 suum

689 2036 1033 2114 sanguinem
1057 2033 1442 2094 hauriendum
1472 2048 1531 2093 et
1557 2034 1811 2113 spirante
1833 2034 2005 2092 etiam
2034 2032 2333 2112 republica
2361 2032 2434 2091 ad
2462 2033 2588 2110 ejus
2609 2053 2754 2112 spo-

686 2133 763 2190 lia
784 2130 1147 2189 detrahenda
1178 2129 1615 2199 advolaverint,
1658 2150 1788 2208 cap.
1820 2138 1917 2198 αἱ..
1949 2129 2177 2188 Deinde
2206 2129 2557 2207 perniciosas
2594 2129 2754 2207 leges

690 2250 725 2287 a
763 2227 974 2286 Clodio
1018 2227 1255 2286 tribuno
1297 2225 1635 2285 consulibus
1674 2246 1794 2284 non
1828 2225 2015 2284 solum
2055 2226 2409 2299 tacentibus,
2448 2225 2549 2284 sed
2577 2227 2753 2285 etiam

684 2323 1150 2403 approbantibus
1175 2325 1319 2383 latas
1342 2323 1611 2402 exagitat.
1626 2324 1881 2382 Primum
1906 2320 2066 2401 quod
2093 2323 2417 2381 censoriam
2448 2322 2753 2381 notionem

686 2422 763 2480 de
793 2421 1090 2501 republica
1116 2423 1444 2495 sustulerit3
1478 2421 1688 2481 tulerat
1730 2421 1882 2480 enim
1922 2421 2161 2500 Clodius
2197 2422 2420 2499 legem,
2465 2442 2539 2480 ne
2576 2441 2756 2499 quem

689 2539 958 2578 censores
987 2519 1048 2577 in
1081 2532 1283 2578 senatu
1322 2518 1568 2598 legendo
1600 2520 1995 2598 praeterirent,
2043 2538 2192 2576 neve
2223 2538 2397 2597 quem
2438 2520 2756 2598 ignominia

691 2617 1019 2685 afficerent,
1056 2616 1169 2675 nisi
1208 2617 1312 2695 qui
1362 2615 1519 2694 apud
1569 2635 1668 2673 eos
1711 2627 2011 2673 accusatus
2057 2628 2117 2673 et
2157 2616 2459 2693 utriusque
2496 2621 2757 2676 censoris

691 2714 974 2770 sententia
1006 2709 1310 2771 damnatus
1350 2724 1519 2771 esset.
1553 2710 1780 2770 Deinde
1804 2711 1967 2790 quod
1996 2711 2270 2791 collegia,
2311 2713 2348 2770 i.
2371 2732 2422 2770 e.
2449 2711 2754 2772 bominum

690 2821 876 2865 certas
902 2821 1054 2865 artes
1087 2821 1145 2865 et
1172 2807 1404 2884 opificia
1435 2806 1660 2885 pariter
1697 2809 2091 2866 exercentium
2121 2809 2532 2868 conventicula
2559 2822 2759 2884 vetera

692 2923 726 2959 a
750 2917 952 2961 senatu
978 2902 1205 2961 sublata
1229 2902 1577 2975 restituerit,
1610 2917 1672 2960 et
1698 2903 1878 2961 multa
1909 2903 2023 2961 alia
2050 2924 2124 2962 ex
2151 2905 2311 2963 omni
2335 2905 2472 2963 saece
2496 2903 2660 2964 urbis
2688 2926 2759 2965 ac

692 2998 927 3057 servitio
974 2998 1356 3058 constituerit.
1402 2997 1627 3057 Deinde
1668 2996 1829 3075 quod
1874 3000 2098 3079 populo
2145 3003 2539 3073 frumentum,
2595 3001 2755 3080 quod

691 3110 858 3154 antea
880 3084 1208 3155 semissibus
1237 3115 1305 3153 ac
1337 3093 1646 3154 trientibus
1666 3095 1726 3153 in
1753 3096 2009 3175 singulos
2034 3095 2262 3184 modios
2283 3096 2556 3171 dabatur,
2581 3098 2759 3175 gratis

660 3249 667 3256 ,
696 3195 751 3250 ei
781 3192 908 3251 dari
924 3193 1194 3269 jusserit,
1228 3213 1340 3271 qua
1369 3193 1494 3272 lege
1525 3212 1716 3273 prope
1755 3195 1959 3271 quinta
1995 3214 2131 3273 pars
2161 3194 2530 3272 vectigalium
2555 3196 2762 3253 aerario

690 3289 968 3365 perierit3
1011 3302 1131 3346 tum
1173 3287 1335 3366 quod
1366 3289 1620 3349 Gabinio
1649 3302 1994 3368 potestatem
2023 3292 2229 3349 fecerit
2262 3291 2624 3369 provinciam
2655 3291 2759 3350 ci-

695 3384 887 3441 liciam
935 3404 1065 3442 cum
1101 3385 1269 3462 Syria
1312 3384 1724 3443 commutandi.
1773 3385 2003 3444 Deinde
2043 3387 2203 3464 quod
2234 3389 2421 3466 legem
2456 3388 2665 3448 AEliam
2700 3402 2763 3446 et

697 3483 919 3539 Fufiam
947 3482 1275 3553 sustulerit,
1303 3501 1482 3559 quum
1516 3482 1769 3552 tulisset,
1797 3503 1871 3541 ne
1899 3484 2032 3561 quis
2059 3503 2130 3542 eo
2166 3485 2259 3544 die
2286 3485 2360 3544 de
2389 3487 2531 3544 caelo
2559 3475 2762 3545 serva—

698 3591 821 3649 ret,
866 3597 985 3655 quo
1028 3597 1158 3635 cum
1201 3577 1425 3656 populo
1467 3579 1562 3656 agi
1600 3593 1812 3656 posset.
1861 3578 2090 3637 Deinde
2115 3581 2277 3658 quod
2304 3582 2430 3660 lege
2458 3581 2764 3656 tribunitia

696 3673 910 3731 Matris
945 3677 1173 3750 Magnas
1211 3674 1570 3732 sacerdotem
1600 3674 2026 3733 Pessinuntium
2054 3676 2379 3736 sacerdotio
2410 3678 2763 3757 spoliaverit.

592 3820 599 3828 .
698 3770 962 3847 Denique
990 3769 1147 3847 quod
1179 3769 1291 3828 alia
1317 3772 1443 3848 lege
1471 3771 1655 3847 Cypri
1685 3770 1810 3850 regi
1839 3772 2147 3831 Ptolemaeo
2175 3793 2415 3852 regnum
2443 3773 2723 3832 ademerit
2744 3820 2762 3849 ‚

699 3864 857 3922 bona
886 3864 1012 3943 ejus
1045 3864 1392 3943 publicarit,
1431 3868 1807 3943 Cyprumque
1845 3867 1906 3924 in
1943 3868 2263 3945 provinciae
2298 3871 2540 3928 formam
2576 3868 2765 3949 redigi

698 3961 958 4037 jusserit,
990 3960 1166 4038 idque
1184 3962 1482 4039 negotium
1500 3963 1706 4021 Catoni
1726 3961 2006 4022 mandati.
2028 3965 2208 4042 Cujus
2230 3966 2371 4045 legis
2393 3978 2534 4024 teste
2551 3967 2762 4038 Dione,

705 4058 803 4116 lib.
828 4062 1181 4131 XXXVIII,
1214 4057 1358 4118 duas
1390 4058 1598 4118 habuit
1627 4079 1858 4132 causaS,
1888 4062 2157 4135 alteram,
2177 4063 2337 4141 quod
2365 4063 2462 4121 ille
2490 4083 2591 4123 rex
2623 4063 2762 4121 olim

710 4155 927 4214 Clodios
948 4176 979 4213 a
1008 4156 1209 4233 piratis
1242 4168 1448 4232 capto,
1476 4156 1808 4233 pecuniam,
1855 4177 1966 4234 qua
1999 4177 2062 4217 se
2091 4159 2432 4232 redimeret,
2468 4174 2762 4236 negasset3
