2994 4778
600 445 730 525 124
1213 443 1311 510 M.
1361 443 1440 510 Τ.
1492 416 2072 511 c1cERo‘N1s

589 564 851 634 horum
890 563 1202 659 impetus
1233 577 1306 633 et
1341 576 1641 633 conatus
1677 569 2213 658 represserunt3
2248 557 2370 651 qui
2402 558 2729 625 auctori-

591 670 770 759 tates,
799 677 927 769 qui
954 671 1097 743 fide
1119 727 1139 760 ,
1174 675 1299 769 qui
1327 672 1725 742 constantia
1745 724 1764 758 ,
1795 672 1922 766 qui
1955 663 2445 763 magnitudine
2474 666 2728 747 animi,

589 782 902 853 consiliis
936 780 1305 852 audacium
1344 782 1792 853 restiterunt:
1825 783 1873 849 ii
1908 801 2183 874 graves,
2222 777 2271 845 ii
2316 776 2729 872 principes,

590 893 639 961 ii
669 890 890 964 duces
909 946 926 975 ‚
951 894 997 963 ii
1034 905 1363 962 auctores
1387 890 1606 985 hujus
1638 890 1945 976 ordinis,
1978 903 2046 958 et
2078 886 2478 984 dignitatis,
2502 898 2728 979 atque

588 1004 870 1100 imperii
910 1025 1194 1098 semper
1227 999 1454 1071 habiti
1504 1016 1699 1072 sunt.
2394 985 2406 999 ’

689 1117 972 1185 LXVII.
1005 1114 1107 1181 Ac
1127 1164 1147 1197 ,
1179 1135 1274 1181 ne
1300 1112 1463 1208 quis
1492 1136 1584 1181 ex
1614 1127 1869 1183 nostro
1889 1164 1909 1197 ,
1939 1123 2064 1180 aut
2093 1106 2507 1204 aliquorum
2546 1128 2731 1201 prae-

595 1236 793 1293 terea
825 1243 992 1295 casu
1032 1219 1222 1291 hanc
1266 1222 1424 1291 vitae
1459 1222 1646 1291 viam
1688 1220 2174 1319 pertimescat,
2214 1222 2409 1286 unus
2469 1217 2543 1284 in
2591 1213 2729 1283 hac

596 1330 1173 1427 civitate,‘quem
1214 1329 1513 1427 quidem
1556 1355 1693 1427 ego
1735 1333 2008 1429 possim
2059 1327 2340 1409 dicere,
2391 1323 2730 1421 praeclare

594 1443 704 1510 vir
747 1438 839 1509 de
885 1438 1256 1536 republica
1304 1443 1642 1527 meritus,
1677 1446 1758 1513 L.
1795 1440 2197 1537 Opimius¹,
2235 1433 2732 1530 indignissime

599 1546 950 1633 concidit3
986 1549 1194 1641 cujus
1227 1560 1836 1641 monumentum?
1865 1546 2413 1619 celeberrimum
2440 1545 2514 1613 in
2542 1541 2732 1630 soro,

601 1655 1012 1753 sepulcrum
1063 1657 1625 1729 desertissimum
1669 1661 1744 1728 in
1790 1657 1999 1728 litore
2054 1652 2561 1752 Dyrrhachino
2634 1677 2733 1722 re·

600 1767 851 1836 lictum
910 1780 1036 1836 est.
1096 1771 1329 1865 Atque
1380 1767 1577 1840 hunc
1644 1783 1883 1839 tamen
1945 1766 2366 1863 flagrantem
2421 1760 2687 1832 invidia
2714 1816 2734 1841 ,

606 1889 902 1974 propter
944 1877 1313 1947 interitum
1363 1883 1440 1951 C.
1481 1878 1828 1964 Gracchi,
1867 1874 2185 1974 semper³
2221 1878 2376 1973 ipse
2418 1871 2738 1971 populus

603 2009 943 2056 romanus
970 1986 1293 2083 periculo
1323 1987 1670 2059 liberavit.
1713 1987 1865 2059 Alia
1891 1985 2221 2083 quaedam
2259 1987 2488 2054 civem
2523 2004 2733 2077 egre·

603 2098 801 2193 gium
832 2096 1061 2192 iniqui
1090 2096 1341 2193 judicii
1375 2098 1693 2195 'procella
1723 2098 2090 2195 pervertit.
2134 2099 2370 2167 Ceteri
2407 2117 2580 2164 vero
2608 2106 2738 2162 aut

602 2209 979 2305 repentina
1016 2210 1085 2276 vi
1129 2208 1439 2305 perculsi
1461 2211 1519 2296 4,
1562 2233 1645 2280 ac
1696 2221 2117 2305 tempestate
2158 2204 2490 2303 populari
2520 2256 2540 2290 ,
2605 2225 2740 2298 per

605 2315 961 2415 populum
1010 2319 1531 2416 tamenipsum
1572 2320 1875 2396 recreati
1906 2331 2081 2388 sunt
2124 2329 2343 2413 atque
2383 2313 2696 2385 revocati
2719 2338 2741 2398 3

609 2442 732 2497 aut
781 2431 1084 2499 omnino
1125 2429 1574 2501 ‘invulnerati
1604 2427 1633 2471 ⁵
1668 2427 2159 2525 inviolatique
2217 2429 2572 2495 vixerunt.
2644 2427 2742 2494 At

609 2561 783 2609 vero
825 2539 910 2621 ii,
945 2539 1072 2634 qui
1118 2553 1405 2610 senatus
1449 2538 1875 2624 consilium,
1903 2539 2031 2635 qui
2066 2535 2565 2606 auctoritatem
2609 2530 2743 2601 bo-

609 2669 906 2733 norum,
948 2651 1076 2744 qui
1105 2649 1430 2718 instituta
1460 2649 1815 2743 majorum
1854 2646 2358 2743 neglexerunt,
2398 2655 2472 2713 et
2510 2643 2739 2736 impe-

613 2757 764 2826 ritae
791 2770 915 2827 aut
942 2758 1308 2827 concitatae
1334 2756 1785 2828 multitudini
1808 2755 2110 2852 jucundi
2139 2779 2291 2826 esse
2322 2752 2743 2833 voluerunt,

613 2983 938 3048 perniciosos,
963 2984 1047 3047 qui
1076 2985 1222 3034 fortes
1246 2996 1294 3034 et
1322 2985 1479 3034 claros
1505 2986 1634 3034 vims
1794 3002 1845 3034 α.
1884 2987 2264 3033 Honmnemum.
2306 2981 2558 3030 Basilicam
2595 2994 2743 3042 quam

614 3072 662 3110 et
681 3062 803 3110 bene
826 3062 886 3110 de
902 3065 1055 3129 patris
1072 3066 1270 3113 meritos
1290 3064 1607 3116 insectantur.

684 3144 890 3193 vall.
923 3158 966 3192 1.
1005 3147 1064 3191 L.
1101 3142 1335 3210 Opimius.
1364 3145 1458 3192 Hic
1487 3146 1636 3193 Grac·

614 3220 710 3269 eho
758 3222 911 3270 hostis
955 3223 1303 3272 infensissimus
1322 3259 1337 3285 ,
1384 3235 1638 3272 accusatus

616 3300 707 3347 suit
729 3300 861 3364 apud
888 3303 1154 3367 populum,
1181 3303 1316 3367 quod
1345 3305 1475 3350 cives
1504 3303 1636 3351 inde·

613 3388 806 3425 mustos
835 3392 994 3454 mofte
1033 3382 1294 3429 multasset.
1350 3381 1526 3444 Populi
1560 3393 1635 3428 tn-

616 3472 727 3504 men
740 3457 929 3517 judicio
949 3459 1040 3506 suit
1055 3459 1325 3507 absolutus.
1352 3458 1446 3505 Sed
1471 3470 1637 3521 postea

619 3534 871 3584 damnatus
906 3537 1020 3595 fuit,
1057 3537 1192 3601 quod
1230 3536 1484 3600 ,Iugurthae
1519 3553 1638 3586 euro

620 3615 775 3662 fuet-st
826 3627 1103 3682 corruptus.
1155 3617 1306 3666 Exsul
1363 3634 1640 3682 supremum

624 3692 754 3741 diem
797 3694 950 3754 obiit,
995 3697 1175 3744 invisus
1217 3706 1638 3761 contemptusque.

620 3772 792 3821 Cicero
817 3784 973 3822 umen
990 3774 1050 3822 de
1068 3774 1154 3822 illo
1174 3775 1642 3840 magnificentissime

622 3851 751 3914 sgit3
777 3852 888 3914 quis
911 3852 1075 3900 eadem
1100 3852 1160 3901 de
1186 3854 1434 3918 republica
1466 3855 1641 3903 sentie-

623 3928 772 3992 bant,
796 3931 1025 3995 quodque
1056 3934 1242 3997 populo
1275 3935 1433 3983 fuerat
1458 3937 1643 3984 invisus

623 4009 760 4073 quod
787 4009 1090 4060 indemnatos
1107 4046 1120 4071 ‚
1154 4014 1280 4061 sieut
1305 4015 1407 4080 ipse
1437 4015 1488 4062 in
1510 4014 1642 4064 Cati-

624 4089 737 4137 lina
768 4091 1130 4152 conjuratione,
1164 4095 1290 4140 cives
1326 4094 1420 4141 vita
1458 4092 1641 4157 spolia·

628 4168 787 4218 visset.

1722 3066 1774 3111 in
1800 3065 1910 3111 foro
1934 3073 2251 3112 exstruxerat.

1796 3145 1843 3192 3.
1877 3145 2087 3207 Semper.
2114 3141 2323 3189 Videtur
2350 3140 2447 3187 hoc
2462 3138 2613 3186 verbo
2638 3151 2742 3184 uon

1723 3223 1870 3270 semel
1895 3258 1910 3284 ,
1967 3238 2058 3285 pro
2110 3219 2317 3268 Gracchi
2338 3245 2351 3250 -
2377 3229 2744 3278 ceterorumque

1724 3301 1854 3349 eaede
1865 3336 1878 3359 ,
1892 3301 2023 3364 apud
2036 3299 2271 3365 populum
2292 3298 2439 3344 fuisse
2453 3305 2744 3344 accusatum.

1796 3389 1847 3437 4.
1896 3379 2054 3426 Ceteri
2094 3395 2216 3426 vero
2257 3386 2353 3424 aue
2399 3374 2654 3439 repentina
2686 3372 2749 3415 ‘m‘

1715 3457 1942 3522 perculsi.
1962 3457 2041 3506 Ab
2067 3458 2187 3504 irsts
2213 3456 2383 3521 plebe,
2403 3455 2465 3503 de
2490 3455 2746 3519 repentino

1728 3538 1961 3585 damuati.
2224 3592 2231 3598 ,

1800 3619 1847 3664 5.
1875 3615 2189 3665 invulnerati.
2221 3618 2319 3676 Ut,
2346 3614 2552 3678 exempli
2578 3628 2750 3670 causa,

1728 3697 1826 3761 Ap.
1841 3696 2071 3746 claudius
2093 3695 2327 3744 Sabinus:
2350 3695 2435 3758 qui
2450 3709 2598 3758 quum
2618 3708 2754 3739 sens·

1729 3788 1808 3824 tus
1823 3786 1970 3839 atque
1989 3776 2294 3839 optimatium
2309 3790 2501 3821 causam
2519 3781 2752 3820 constan·

1732 3855 1910 3903 tissime
1941 3865 2168 3911 tueretur,
2192 3853 2324 3917 plebi
2352 3868 2468 3900 vero
2490 3852 2753 3899 seen-imus

1730 3945 1854 3982 esset
1886 3934 2215 3989 adversarius,
2250 3930 2555 3995 tranquillam
2589 3940 2751 3976 tamen

1730 4023 1875 4076 etque
1892 4013 2175 4061 honoratam
2193 4012 2242 4057 in
2262 4011 2415 4074 patria
2433 4010 2577 4056 vitam
2594 4005 2755 4062 duxit,

1733 4106 1823 4139 nee
1843 4091 1905 4139 ab
1929 4092 2116 4140 infenso
2142 4089 2325 4154 populo
2353 4089 2573 4150 inim-ism
2601 4086 2751 4134 ullam

1733 4168 1858 4217 tulit.
