2994 4778
672 406 802 477 118
1297 407 1392 474 M.
1444 407 1522 474 T.
1576 406 2143 476 CICERONIS

660 526 1012 600 concione
1047 524 1139 596 de
1183 550 1298 597 me
1318 579 1339 612 ‚
1400 542 1475 598 et
1511 526 1603 597 de
1637 525 2040 598 clarissimis
2075 524 2244 596 viris
2286 525 2767 621 interrogavit.

656 643 740 710 ln
782 660 932 733 quo
966 650 1207 707 tamen
1243 660 1365 707 eos
1401 638 1587 708 cives
1631 636 2009 731 conjunxit
2047 635 2302 706 eodem
2340 636 2676 732 periculo
2706 650 2774 706 et

660 748 997 835 crimine,
1038 761 1121 818 ut
1152 771 1197 817 a
1232 770 1348 816 me
1370 746 1617 817 inierit
1653 747 1950 842 gratiam
1979 798 2000 832 ‚
2028 743 2229 841 quod
2270 767 2390 816 me
2422 768 2590 816 cum
2628 768 2773 814 am-

660 858 988 955 plissimis
1031 870 1104 928 et
1142 854 1544 927 fortissimis
1583 857 1752 927 viris
1783 854 2262 952 congregavit.

752 971 1000 1040 LXIV.
1023 965 1161 1037 Sed
1181 979 1429 1062 postea
1454 965 1632 1036 mihi
1649 1020 1668 1050 ‚
1689 965 1891 1037 nullo
1913 990 2075 1036 meo
2099 964 2358 1036 merito
2383 1016 2403 1048 ‚
2422 965 2558 1033 nisi
2575 962 2775 1059 quod

643 1076 865 1152 ,bonis
892 1074 1170 1173 placere
1206 1073 1623 1171 cupiebam,
1641 1098 1898 1147 omnes
1923 1089 2039 1147 est
2074 1073 2367 1146 insidias
2389 1072 2778 1145 sceleratis—

653 1189 832 1258 sime
884 1183 1353 1259 machinatus.
1398 1186 1531 1257 Ille
1571 1185 1664 1257 ad
1708 1208 1869 1273 eOS,
1914 1209 1958 1256 a
2003 1183 2270 1282 quibus
2317 1182 2776 1266 audiebatur,

655 1294 980 1392 quotidie
1004 1293 1275 1392 aliquid
1294 1293 1564 1367 ⁴defecti
1584 1306 1603 1339 ¹
1637 1292 2015 1381 afferebat;
2052 1293 2171 1366 ille
2195 1293 2567 1365 hominem
2601 1291 2778 1362 mihi

656 1407 1200 1493 amicissimum,
1263 1409 1391 1476 Cn.
1440 1406 1901 1504 Pompeium,
1950 1403 2341 1492 monebat,
2393 1418 2480 1473 ut
2547 1427 2778 1473 meam

657 1514 958 1586 domum
985 1528 1376 1600 metueret,
1404 1531 1622 1613 atque
1654 1539 1699 1587 a
1722 1539 1838 1586 me
1877 1517 2034 1612 ipso
2070 1509 2391 1601 caveret3
2426 1512 2546 1584 ille
2575 1536 2656 1583 se
2683 1513 2780 1582 sic

653 1648 820 1695 cum
860 1625 1153 1696 inimico
1190 1648 1359 1695 meo
1396 1625 1807 1722 copularat,
1846 1639 1928 1695 ut
1975 1623 2181 1695 illum
2234 1647 2410 1695 meae
2465 1623 2778 1720 proscri-

656 1734 990 1830 ptiouis²‚
1025 1758 1244 1830 quam
1275 1732 1659 1829 adjuvabat
1693 1739 1885 1807 Sext.
1918 1733 2253 1819 Clodius,
2291 1732 2514 1803 homo
2551 1734 2639 1803 iis
2671 1730 2779 1803 di-

652 1847 1072 1940 guissimu5‚
1110 1844 1550 1941 quibuscum
1592 1846 1809 1933 vivit,
1853 1844 2173 1916 tabulam
2218 1867 2372 1915 esse
2395 1839 2450 1929 ³,
2494 1867 2572 1913 se
2599 1844 2780 1913 scri-

654 1966 937 2048 ptorem
1001 1951 1307 2041 diceret3
1368 1953 1488 2024 ille
1543 1978 1735 2026 unus
1782 1953 2058 2025 ordinis
2122 1954 2399 2025 nostri⁴
2461 1952 2782 2024 discessu

653 2086 857 2152 meo,
916 2061 1118 2136 luctu
1161 2077 1434 2152 vestm,
1496 2062 1731 2159 palam
1774 2064 2175 2136 exsultavit.
2231 2067 2339 2134 De
2396 2087 2550 2159 quo
2593 2087 2735 2158 ego
2764 2117 2783 2148 ‚

624 2196 882 2268 quum
912 2171 1239 2270 quotidie
1276 2169 1588 2261 rueret⁵‚
1633 2171 1939 2255 verbum
1982 2171 2154 2260 feci,
2188 2171 2502 2266 judices,
2565 2195 2783 2242 num-

1760 2391 2028 2440 hocverbo
2047 2391 2131 2439 diu
2148 2391 2355 2449 hescre3
2382 2407 2474 2439 nec
2497 2406 2786 2441 comensem

1760 2472 1888 2518 inter
1911 2488 1992 2529 ως
2033 2469 2399 2535 intelligendum
2434 2482 2510 2518 est
2543 2480 2785 2537 tamquam

1760 2548 1802 2594 si
1823 2548 2056 2611 scriptum
2076 2558 2199 2595 esset
2216 2547 2411 2595 detecti.

655 2392 815 2454 tione,
853 2391 997 2440 sicuti
1031 2391 1082 2438 in
1129 2391 1356 2440 omnibus
1398 2406 1519 2455 quss
1560 2400 1675 2454 post

653 2468 876 2518 exsilium
911 2468 1085 2518 Cicero
1112 2468 1309 2526 habuit,
1340 2469 1438 2516 hoc
1468 2468 1674 2515 maxime

653 2549 783 2597 cavit
810 2565 875 2598 ue
900 2548 1138 2598 cte-arem
1168 2547 1395 2606 laederem
1430 2546 1509 2594 vel
1536 2546 1671 2610 quod

654 2628 875 2694 Pompeii
895 2643 1036 2677 socer
1053 2638 1177 2675 esset
1193 2642 1280 2690 per
1297 2642 1440 2690 quem
1466 2642 1516 2673 se
1541 2625 1675 2674 resti-

656 2718 813 2757 tutum
839 2708 891 2755 in
927 2708 1130 2771 patriam
1166 2706 1310 2753 fuisse
1344 2705 1672 2770 intelligebat,

656 2787 733 2834 vel
761 2785 898 2851 quod
928 2786 1059 2833 mslo
1086 2784 1261 2832 doctus
1286 2800 1397 2831 cum
1425 2785 1679 2848 potentio-

658 2864 792 2913 ribus
838 2862 1090 2913 colluctsri
1125 2877 1227 2912 nou
1263 2863 1363 2923 jem
1403 2863 1677 2912 sustineret.

661 2941 757 2990 Sed
777 2958 854 2989 res
871 2942 941 2989 sic
964 2941 1124 2991 hsbits
1152 2951 1241 2990 est.
1262 2941 1483 3002 Vettius,
1501 2943 1673 3006 impel-

658 3021 786 3069 lente
810 3023 996 3070 Caesare
1019 3032 1067 3067 et
1087 3019 1371 3082 adjuvsute,
1390 3020 1678 3069 clarissimos

659 3111 903 3149 senatores
924 3099 1163 3148 incusavit
1177 3135 1194 3160 ,
1216 3109 1457 3164 tamquam
1477 3100 1519 3147 si
1536 3101 1678 3148 Pom·

659 3179 820 3244 peium
840 3196 926 3244 per
943 3179 1161 3228 fraudem
1178 3178 1467 3227 obtruncare
1487 3179 1680 3228 ststuis-

656 3268 778 3308 seut.
807 3260 923 3306 Non
949 3259 1232 3307 Ciceronem
1265 3259 1567 3307 nominatum
1595 3258 1677 3307 de-

655 3337 894 3399 signavim
920 3336 1007 3384 sed
1029 3339 1124 3395 sit,
1151 3337 1308 3383 virum
1344 3336 1644 3384 consulerem
1661 3374 1679 3400 ,

653 3414 926 3477 eloquentia
945 3415 1248 3463 notissimum
1268 3448 1282 3473 ,
1307 3413 1484 3462 dixisse
1508 3428 1523 3464 ε
1553 3431 1674 3464 rem·

653 3492 898 3556 publicam
928 3504 1014 3540 sut
1053 3492 1307 3540 Servilium
1343 3491 1545 3540 Ahslsm
1588 3507 1672 3543 sut

652 3572 854 3619 Brutum
898 3586 1177 3638 exposcere.
1223 3569 1447 3618 Vatinius
1496 3572 1557 3619 de
1611 3572 1672 3621 iis

648 3649 961 3712 quaerendum
988 3650 1177 3698 censuit
1203 3649 1288 3712 qui
1307 3649 1668 3702 incusabantur.

648 3729 807 3778 Caesar
843 3746 959 3778 vero
994 3746 1142 3793 quum
1178 3739 1410 3776 metueret
1441 3746 1504 3777 ne
1539 3730 1668 3780 fraus

646 3807 767 3856 male
802 3819 925 3857 tects
954 3808 1417 3875 deprehenderetur,
1446 3809 1666 3859 Vettium

641 3887 695 3934 in
709 3888 900 3936 vincula
915 3889 1190 3950 conjectum
1211 3889 1488 3940 obtruncari
1503 3891 1664 3953 jussit.

635 3962 754 4014 ‘Hoc
777 3969 829 4014 iu
857 3984 996 4016 cause
1023 3979 1095 4015 est
1122 3986 1207 4016 cur
1234 3969 1404 4019 Cicero
1421 4006 1435 4028 ,
1463 3973 1663 4020 (bearis

642 4046 817 4111 gratis,
830 4063 930 4094 rem
954 4063 1055 4094 uon
1070 4048 1265 4112 penitus
1280 4051 1556 4114 patefeciat.

714 4128 889 4174 Lxlv.
927 4143 969 4175 1.
997 4126 1203 4191 Aliquid
1220 4128 1413 4193 dejecti.
1439 4128 1585 4176 Multi
1609 4130 1659 4177 in

1835 2643 1885 2676 s.
1903 2624 2419 2693 Mcaeprcscriprionis.
2431 2626 2548 2688 Quo
2560 2627 2786 2676 atilium

1711 2715 1714 2716 ’
1761 2720 1901 2751 suum
1924 2695 2091 2752 orator
2113 2705 2306 2768 gravius
2331 2703 2531 2762 reddet,
2553 2704 2648 2752 hnc
2667 2723 2787 2754 voce

1765 2785 1920 2831 utitur
1943 2799 2051 2847 quae
2070 2784 2333 2848 potentiam
2357 2783 2618 2833 revocabat
2640 2801 2787 2849 supra

1763 2861 1893 2925 leges
1933 2862 2120 2911 elatam.
2167 2863 2354 2910 Marius
2389 2863 2515 2910 euim
2557 2872 2608 2910 et
2652 2864 2785 2911 Sulla

1762 2941 2140 3007 proscriptiones
2193 2941 2281 2989 uui
2322 2942 2650 2991 institueram.
2709 2944 2787 2991 11³

1764 3019 1989 3068 Clodium
2021 3028 2263 3083 tsmqusm
2300 3019 2481 3067 Sullam
2510 3020 2658 3067 elium
2691 3023 2787 3068 rei·

1762 3098 1973 3164 publicae
1989 3098 2177 3146 ruinsm
2194 3097 2473 3146 molientem
2491 3098 2699 3148 inducit.

1835 3179 1883 3227 3.
1915 3178 2150 3226 Tabulam
2173 3194 2295 3226 esse.
2319 3181 2377 3228 Ρ.
2400 3177 2602 3226 Clodius
2621 3176 2788 3225 tabule

1764 3269 1889 3317 erat,
1916 3258 2030 3321 quia
2054 3257 2187 3322 spud
2214 3257 2351 3305 illum
2372 3257 2454 3306 lex
2475 3255 2792 3320 concipieba-

1764 3349 1842 3386 tur
1867 3347 1916 3384 et
1942 3337 2269 3399 scribebatur3
2297 3336 2520 3385 Vatinius
2548 3348 2711 3384 sutem
2739 3349 2792 3383 et

1763 3416 1893 3466 Sext.
1908 3415 2111 3464 Clodius
2122 3433 2182 3465 eo
2200 3416 2501 3465 ventitabant
2517 3426 2574 3465 ut
2587 3432 2790 3480 operam

1761 3495 2054 3546 conferrent.
2086 3495 2260 3543 Sextus
2286 3505 2446 3544 sutem
2471 3494 2555 3543 ille
2579 3495 2789 3545 Clodius

1762 3574 1854 3621 fuit
1875 3573 2262 3624 seditiosissimus
2279 3574 2430 3622 homo
2445 3574 2571 3638 ,qui
2595 3574 2649 3621 P.
2669 3575 2793 3622 Clo-

1759 3651 1829 3700 dii
1847 3667 2024 3717 corpus
2043 3654 2097 3701 in
2105 3653 2266 3702 forum
2287 3652 2477 3711 detulit,
2493 3653 2792 3717 populoque

1758 3731 1961 3780 incitato
1981 3732 2239 3790 cremavit3
2257 3732 2354 3780 hoc
2370 3743 2533 3782 sutem
2554 3732 2790 3782 incendio

1757 3812 1889 3860 curia
1903 3822 1951 3860 et
1978 3811 2176 3859 basilica
2194 3811 2383 3860 AEmssi·
2405 3811 2792 3877 confingi-sverm

1757 3908 1858 3956 quo
1883 3890 2083 3940 crimine
2112 3901 2282 3956 postes
2312 3892 2444 3944 Sext.
2475 3891 2687 3942 Clodius
2716 3905 2793 3943 est

1758 3971 2030 4019 demna-tus.

1833 4060 1880 4105 4.
1915 4048 2111 4097 Ordinis
2138 4050 2316 4097 nostri.
2343 4050 2608 4099 Senatorii.

1823 4131 1868 4178 5.
1909 4130 2062 4191 Quum
2102 4127 2317 4192 quou‘dt‘e
2356 4141 2528 4178 meret.
2569 4131 2786 4195 Aliquid
