2994 4778
652 405 791 476 216

1179 440 1184 445 -
1287 403 1382 468 M.
1434 402 1512 467 T.
1566 398 2113 467 CICERONIS

641 526 800 596 miis
862 521 1308 617 eloquentiae‚
1376 531 1571 588 tanta
1633 516 1999 613 voluptate
2077 511 2362 584 dicendi
2388 507 2489 596 ¹⁶,
2562 527 2790 583 tanta

647 631 966 714 laude¹⁷‚
1028 642 1225 698 tanta
1294 619 1625 723 gratiaffl,
1687 638 1891 694 tanto
1953 624 2340 706 honorem,
2399 637 2545 691 tam
2625 624 2792 690 sint

644 744 960 841 pauci²⁰‚
1015 761 1441 836 semperque
1482 733 1752 805 fuerint
1775 788 1794 816 ,
1831 734 1959 830 qui
2006 733 2081 801 in
2133 731 2272 800 hoc
2303 729 2548 835 labore
2603 755 2825 801 ver--

647 852 942 924 sentur?
1005 846 1431 918 Obterendae
1489 858 1661 915 sunt
1716 865 1965 913 omnes
2023 841 2465 937 voluptate53
2531 839 2791 908 relin-

647 942 935 1058 quenda
988 957 1219 1028 studia
1273 954 1795 1040 delectationis,
1843 949 2156 1045 judices;
2208 946 2459 1036 ludus,
2506 948 2785 1041 jocus,

723 1117 802 1165 ιδ.
827 1113 985 1162 Tanta
1008 1112 1262 1175 voluptate
1286 1108 1494 1157 dicendi.
1526 1107 1654 1155 Vide

646 1193 779 1260 apud
810 1191 1034 1241 Tacitum
1067 1188 1314 1252 dialogum
1354 1187 1414 1236 de
1439 1185 1654 1235 Oratori-

644 1273 762 1330 bus,
788 1285 895 1333 cap.
914 1266 963 1315 6.
992 1266 1184 1315 Tullius
1207 1267 1267 1314 de
1294 1267 1525 1322 Oratore,
1561 1264 1652 1311 lib.

646 1354 694 1398 11
717 1365 732 1399 z
766 1345 938 1410 «Quid
958 1348 1083 1393 enim
1112 1357 1185 1393 est
1211 1356 1295 1392 aut
1321 1355 1415 1391 tam
1449 1343 1654 1391 admira·

647 1430 762 1488 bile,
784 1442 925 1491 quam
950 1441 1012 1472 ex
1034 1422 1225 1472 infinita
1245 1423 1556 1471 multitudine
1571 1422 1657 1469 ho-

646 1507 830 1554 minum
857 1503 1083 1551 exsistere
1108 1518 1282 1559 unum,
1314 1501 1400 1565 qui
1433 1500 1487 1548 id
1520 1499 1657 1563 quod

646 1584 871 1633 omnibus
896 1592 1064 1629 natura
1089 1580 1152 1628 sit
1173 1580 1337 1627 datum
1353 1614 1369 1638 ,
1386 1579 1466 1626 vel
1491 1577 1624 1627 solus
1639 1613 1654 1637 ‚

645 1663 724 1711 vel
742 1677 854 1710 cum
878 1661 1045 1724 paucis
1069 1660 1226 1708 facere
1244 1653 1438 1722 possit?
1456 1668 1542 1705 aut
1559 1666 1656 1704 tam

641 1739 912 1802 jucundum
967 1738 1170 1801 cognitu
1184 1770 1200 1795 ,
1254 1747 1400 1800 atqpe
1449 1734 1621 1783 auditu
1639 1767 1655 1791 ,

646 1833 791 1882 quam
815 1815 1111 1880 sapientibus
1130 1811 1383 1863 sententiis
1409 1812 1660 1876 gravibus·

647 1911 743 1960 que
789 1894 950 1942 verbis
1016 1904 1184 1941 ornata
1238 1892 1399 1941 oratio
1450 1901 1500 1938 et
1551 1906 1658 1954 per-

646 1974 802 2037 polita
819 1973 842 2020 ?
863 1994 888 2013 ι

724 2067 804 2112 ¹7·
828 2052 987 2098 Tanta
1014 2048 1180 2097 laude.
1198 2043 1326 2096 Vide
1343 2047 1477 2111 apud
1497 2046 1655 2093 Tacit.

627 2127 829 2192 ‘dialog
855 2128 915 2176 de
939 2128 1073 2176 Orat.
1101 2144 1208 2190 cap.
1243 2143 1292 2186 7.
1319 2125 1445 2174 Plin.
1467 2126 1660 2185 sanior,

648 2207 794 2272 epist.
818 2222 847 2253 a
862 2240 876 2263 ,
893 2206 983 2255 lib.
1005 2207 1054 2253 11
1073 2220 1130 2253 εἰ
1148 2204 1483 2267 Numquamne
1504 2204 1660 2267 legisti

648 2284 942 2333 Gaditanum
969 2283 1225 2347 quemdam
1242 2285 1302 2332 Τ.
1319 2281 1443 2330 Livii
1464 2284 1661 2330 nomine
1677 2339 1688 2346 ᾗ

651 2363 903 2428 gloriaque
942 2372 1240 2411 commotum
1258 2393 1274 2419 ,
1311 2359 1374 2407 ad
1409 2359 1662 2409 visendum

649 2459 759 2491 enm
784 2442 846 2490 ab
873 2442 1043 2490 ultimo
1071 2454 1302 2489 terrarum
1324 2440 1443 2488 orbe
1461 2442 1662 2509 venisse,

651 2522 907 2585 statimque
931 2537 988 2568 ac
1014 2521 1225 2579 viderat,
1251 2520 1475 2567 abiisse».

727 2600 809 2648 18.
839 2601 993 2648 Tama
1027 2599 1212 2664 gratim
1252 2598 1435 2646 Eodem
1466 2597 1661 2661 dialogo

651 2680 711 2727 de
759 2679 1048 2731 Oratoribus
1084 2692 1097 2726 :
1151 2698 1173 2720 e
1210 2679 1407 2740 Quanto
1457 2677 1661 2739 quisque

653 2758 761 2821 plus
795 2756 1004 2804 dicendo
1042 2763 1259 2818 poterat,
1300 2765 1437 2802 tauto
1476 2753 1662 2802 facilius

651 2836 863 2883 honores
905 2833 1283 2896 assequebatur;
1334 2843 1470 2880 tanto
1513 2832 1661 2896 magis

654 2916 706 2963 in
763 2914 884 2978 ipsis
945 2911 1217 2959 honoribus
1270 2912 1477 2975 collegas
1548 2927 1661 2959 suos

652 2991 898 3055 anteibat3
956 2999 1093 3037 tauto
1147 2989 1258 3053 plus
1303 2989 1436 3051 apud
1479 2990 1660 3052 prinei-

651 3088 737 3136 pes
788 3071 976 3135 gratiae,
1024 3071 1140 3134 plns
1180 3070 1480 3117 auctoritatis
1529 3067 1662 3133 apud

651 3161 832 3213 patres,
856 3150 970 3214 plus
995 3148 1181 3198 notitiae
1206 3164 1264 3195 ac
1291 3148 1507 3196 nominis
1530 3147 1662 3211 apud

650 3230 841 3291 plebem
867 3228 1090 3293 parabat3
1123 3228 1241 3276 huic
1265 3228 1497 3277 clientela
1518 3228 1662 3275 etiam

650 3318 921 3354 exterarum
969 3308 1220 3356 nationum
1258 3307 1594 3355 redundabant
1612 3329 1658 3354 ιι.

648 3384 902 3453 Valerius,
925 3385 1014 3433 lib.
1041 3387 1196 3442 vm,
1236 3400 1345 3447 cap.
1370 3385 1399 3431 8
1430 3401 1442 3430 z
1481 3406 1506 3424 α
1526 3383 1661 3445 Quid

643 3461 771 3509 inter
805 3461 1102 3509 Pisistratum
1143 3471 1192 3508 et
1234 3461 1465 3507 Periclem
1506 3461 1657 3508 inter-

643 3539 772 3588 fuit?
798 3538 891 3585 nisi
921 3539 1057 3601 quod
1080 3538 1161 3586 ille
1186 3547 1419 3595 armatus,
1445 3538 1528 3585 hic
1554 3540 1658 3587 sine

639 3617 786 3665 armis
811 3614 1118 3679 tyrannidem
1158 3614 1302 3677 gessit
1322 3636 1364 3663 ι.
1403 3615 1659 3679 Appianas

640 3694 727 3742 lib.
762 3695 832 3740 lv
871 3692 992 3740 Bell.
1032 3692 1139 3741 civ.
1181 3692 1465 3742 Ciceronem
1514 3693 1658 3744 tradit

642 3783 772 3820 tanta
796 3771 947 3834 gratia
972 3768 1190 3818 floruisse
1205 3806 1221 3830 ,
1244 3782 1298 3818 ut
1322 3787 1471 3834 quum
1496 3772 1657 3820 Caesar

641 3850 811 3905 armis,
868 3848 950 3896 ille
996 3848 1271 3911 eloquentia
1323 3849 1654 3899 monarchiam

643 3928 883 3975 obtineret
903 3942 917 3975 t
944 3948 970 3968 ι
988 3925 1163 3976 Cicero
1180 3961 1195 3987 ,
1229 3928 1313 3991 qui
1334 3941 1446 3993 post
1464 3930 1525 3978 C.
1548 3931 1656 3979 Cae-

641 4023 793 4055 sarem
818 4006 1074 4055 maximam
1102 4016 1391 4068 potestatem
1419 4007 1657 4064 habebat,

641 4095 820 4149 quanta
868 4099 969 4131 esse
1011 4094 1177 4148 potest
1220 4084 1429 4135 oratoris
1467 4100 1654 4133 monar-

1742 1104 1848 1153 chia
1865 1126 1910 1153 -.
1930 1103 2132 1167 Egregie
2156 1102 2481 1165 eloquentiam
2515 1102 2785 1150 Lucianus

1742 1184 1965 1248 depinxit
2006 1183 2062 1230 iu
2114 1181 2362 1230 rhetorum
2405 1191 2731 1245 preceptore
2767 1195 2786 1227 ε

1741 1265 1939 1326 «ipsam
1964 1263 2017 1309 in
2042 1261 2154 1308 loco
2181 1259 2377 1308 excelso
2415 1258 2583 1306 sedere
2608 1257 2788 1323 finga-

1741 1357 1848 1388 mus
1861 1374 1876 1398 ,
1899 1341 2157 1389 formosam
2178 1339 2321 1404 plane
2343 1350 2392 1386 et
2414 1339 2535 1385 facie
2554 1338 2781 1386 honesta

1742 1431 1791 1467 et
1823 1419 2046 1478 liberali;
2088 1418 2254 1466 dextra
2298 1427 2450 1481 gestet
2489 1416 2782 1464 Amalthea!

1742 1515 1915 1559 cornu,
1933 1498 2091 1546 omnis
2112 1497 2299 1561 generis
2324 1495 2564 1544 fructibus
2584 1494 2781 1544 exube-

1744 1593 1856 1624 rans
1872 1593 1889 1639 ;
1907 1576 1969 1623 ad
1989 1576 2157 1623 laevam
2172 1585 2355 1639 spectet
2377 1575 2570 1621 divitias
2593 1591 2778 1622 sums

1742 1656 1887 1720 plane
1905 1667 1956 1703 et
1972 1655 2217 1711 amabiles;
2239 1664 2286 1701 et
2303 1653 2454 1716 gloria
2472 1664 2522 1700 et
2539 1654 2777 1716 potentia

1745 1736 2125 1792 circumsistant,
2156 1746 2206 1782 et
2240 1732 2407 1780 laudes
2434 1733 2602 1795 parvis
2627 1748 2775 1780 amo·

1743 1813 1878 1862 ribus
1909 1814 2087 1861 similes
2126 1813 2258 1859 illam
2289 1813 2381 1859 hac
2419 1822 2469 1859 et
2506 1812 2622 1858 illae
2669 1813 2773 1858 cir·

1745 1893 2040 1941 cumvolent.
2067 1891 2149 1939 Ad
2178 1891 2310 1939 illam
2345 1906 2496 1954 quum
2533 1889 2775 1937 aseende-

1746 1971 1839 2030 ris,
1868 1987 2068 2020 uxorem
2097 1971 2272 2027 ducas,
2311 1980 2360 2016 et
2384 1969 2547 2017 omnia
2570 1968 2658 2015 illa
2684 1968 2776 2014 ha·

1744 2049 1858 2098 beas
1873 2084 1888 2108 ,
1917 2049 2138 2110 divitias,
2162 2047 2392 2111 gloriam,
2418 2047 2627 2094 honores
2642 2069 2690 2093 -.

1823 2142 1902 2190 19.
1945 2129 2103 2174 Tanto
2153 2125 2347 2174 honore.
2374 2124 2611 2172 Videlicet
2654 2124 2773 2171 elo-

1747 2205 2006 2270 quentibus
2040 2205 2103 2253 ad
2128 2203 2343 2252 honores
2368 2214 2421 2251 et
2456 2203 2775 2265 magistratus

1750 2284 1939 2332 facilem
1962 2282 2144 2332 aditum
2178 2292 2344 2346 patere
2381 2281 2632 2344 intelligit.
2664 2283 2773 2328 Au·

1750 2375 1857 2413 etor
1877 2363 2057 2428 dialogi
2090 2362 2151 2411 de
2176 2362 2490 2412 Oratoribus:
2525 2379 2551 2403 .-
2571 2362 2685 2410 lios
2722 2371 2774 2409 et

1748 2455 1970 2509 praetura:
2010 2453 2060 2490 et
2096 2442 2376 2489 consulatus
2412 2456 2592 2489 vocare
2633 2440 2774 2488 ultro

1749 2522 2061 2579 videbantur3
2086 2520 2138 2567 hi
2164 2537 2224 2568 ne
2249 2521 2423 2584 privati
2442 2519 2646 2583 quidem
2663 2520 2772 2567 sine

1748 2611 1985 2665 potestate
2003 2610 2138 2666 erant
2153 2635 2169 2661 ,
2192 2616 2344 2663 quum
2370 2612 2419 2649 et
2445 2601 2695 2665 populum
2722 2611 2772 2648 et

1748 2687 1964 2727 senatum
1990 2677 2196 2726 consilio
2224 2689 2275 2725 et
2299 2680 2590 2728 auctoritate
2627 2694 2771 2743 rege-

1749 2769 1885 2817 rent;
1913 2759 2035 2822 quin
2062 2758 2211 2805 immo
2246 2756 2340 2804 sibi
2383 2758 2478 2821 ipsi
2513 2774 2773 2821 persuase-

1749 2846 1855 2882 rant
1869 2868 1885 2889 ‚
1935 2837 2171 2884 neminem
2216 2836 2317 2883 siue
2363 2835 2643 2899 eloquentia
2687 2846 2771 2884 aut

1748 2913 1936 2976 assequi
1968 2930 2109 2978 posse
2151 2915 2204 2961 in
2240 2913 2470 2971 civitate,
2513 2925 2599 2961 aut
2643 2914 2771 2962 tueri

1750 2992 2066 3055 conspicuum
2088 3003 2137 3039 et
2162 2991 2453 3039 eminentem
2480 2992 2652 3039 locum
2666 3014 2712 3040 υ.

1820 3084 1905 3118 ao.
1936 3070 2054 3115 Tam
2071 3067 2324 3131 sintpauei
2335 3102 2350 3125 ,
2363 3084 2647 3133 semperque
2649 3068 2770 3133 fue·

1748 3147 1862 3196 rint.
1886 3149 1988 3198 Cio.
2015 3148 2076 3196 de
2095 3149 2332 3206 Oratore,
2353 3148 2444 3196 lib.
2472 3150 2496 3196 1
2515 3184 2531 3210 ,
2562 3164 2672 3212 cap.
2696 3155 2727 3202 4
2749 3162 2765 3196 2

1749 3248 1774 3268 σι
1793 3227 1917 3289 Quis
1959 3242 2063 3274 non
2107 3228 2216 3287 iure
2261 3226 2491 3285 miretur,
2532 3243 2595 3274 ex
2622 3228 2767 3274 omni

1747 3305 1974 3352 memoria
2002 3315 2224 3364 aetatum,
2251 3315 2554 3368 temporum,
2590 3305 2767 3352 eivita-

1746 3394 1877 3441 tum,
1913 3394 2007 3430 tam
2041 3382 2268 3445 exiguum
2308 3393 2564 3431 oratorum
2596 3399 2769 3431 nume·

1746 3477 1853 3508 rum
1884 3460 2124 3508 inveniri?
2156 3480 2178 3502 ι
2218 3461 2279 3507 Et
2321 3462 2575 3509 Petronius
2612 3478 2767 3525 quum

1745 3549 2064 3587 oeten-nattes
2093 3550 2229 3587 tanto
2256 3539 2372 3587 olim
2399 3539 2564 3587 studio
2586 3541 2768 3597 cultas,

1746 3629 1848 3666 tum
1885 3617 1937 3664 in
1980 3618 2150 3681 primis
2187 3618 2512 3680 eloquentiam
2543 3618 2770 3681 queritur

1744 3711 1944 3743 suorum
1978 3706 2250 3760 temporum
2285 3695 2407 3743 luxu
2446 3694 2724 3743 concidisse
2748 3710 2763 3743 :

1745 3776 1853 3822 «At
1881 3790 1972 3821 nos
1999 3774 2114 3822 vino
2140 3773 2409 3837 scortisque
2437 3774 2677 3835 demersi,
2707 3791 2768 3821 ne

1744 3862 1932 3916 paratas
1959 3851 2158 3914 quidem
2192 3861 2318 3899 artes
2353 3866 2547 3899 avemus
2572 3868 2767 3913 eogno-

1744 3945 1873 3976 scere
1894 3945 1908 3986 3
1929 3928 2014 3976 aed
2039 3939 2340 3977 accusatores
2362 3929 2667 3991 antiquitatis
2694 3930 2763 3975 vi-

1744 4009 1809 4054 tia
1836 4017 2025 4054 tautum
2050 4006 2305 4066 docemus,
2343 4020 2391 4055 et
2415 4007 2684 4057 discimus.
2705 4042 2717 4053 .
2739 4042 2750 4052 .

1742 4084 1866 4147 Quis
1897 4102 2122 4149 umquam
2151 4087 2284 4134 venit
2324 4086 2378 4134 in
2421 4085 2687 4149 templum,
2715 4096 2762 4133 et
