2994 4778
584 397 725 482 384
1210 397 1308 463 Μ.
1358 398 1434 463 Τ.
1494 396 2082 466 CICERONIS.

580 522 746 589 Non
774 513 1041 588 ferrem
1073 518 1378 587 omnino
1408 516 1707 588 moleste
1724 514 1777 599 ⁵,
1815 516 1877 586 si
1912 517 2009 585 ita
2044 496 2449 602 accidisset3
2471 511 2598 584 sed
2629 512 2709 584 id

582 644 824 699 tamen
858 641 1065 697 esset·
1088 624 1512 697 humanum.
1550 630 1650 696 M.
1689 623 2109 710 Marcellu5‚
2147 628 2276 720 qui
2316 638 2426 694 ter
2464 624 2723 694 consul

581 736 756 822 suit,
795 759 1077 808 summa
1106 735 1405 813 virtute.
1440 737 1707 832 pietate
1729 789 1749 822 ,
1780 734 2009 831 gloria
2041 732 2366 831 militari,
2404 734 2618 830 periit
2641 734 2721 801 in

582 849 797 930 mari3
836 847 965 941 qui
1016 858 1261 915 tamen
1303 843 1402 915 ob
1457 842 1800 917 virtutem
1854 844 2100 941 gloriae
2136 842 2346 914 laude
2391 843 2595 917 vivit.
2636 847 2721 911 ln

581 955 872 1033 fortuna
908 954 1219 1051 quadam
1248 969 1355 1025 est
1384 955 1503 1026 illa
1525 979 1759 1041 mors»,
1790 979 1942 1024 non
1976 959 2052 1024 in
2087 978 2339 1051 poena,
2372 950 2720 1049 putanda.

581 1070 758 1157 Quae
782 1080 904 1143 ,est
956 1066 1172 1162 igitur
1224 1064 1497 1162 poena?
1535 1063 1736 1161 quod
1782 1064 2271 1162 supplicium?
2307 1088 2470 1160 quae
2511 1061 2722 1133 saxa?

578 1202 743 1274 quae
780 1170 1128 1247 cruces⁶?
1188 1177 1406 1259 Ecce,
1445 1174 1593 1246 duo
1639 1173 1860 1246 duces
1910 1177 1984 1244 in
2036 1175 2423 1272 provinciis
2466 1171 2720 1270 populi

579 1288 863 1359 romani
907 1282 1176 1355 habere
1213 1287 1609 1373 exercitus,
1648 1285 1996 1383 appellari
2032 1287 2540 1381 imperatores;
2573 1282 2716 1353 ho-

579 1422 744 1468 rum
783 1396 1093 1468 alterum
1133 1397 1236 1466 sic
1274 1393 1494 1467 fuisse
1532 1393 1982 1466 infirmatum
2019 1395 2462 1465 conscientia
2495 1393 2718 1464 scele-

580 1532 742 1579 rum
788 1522 862 1579 et
915 1504 1254 1577 fraudum
1305 1530 1637 1591 suarum,
1673 1520 1754 1576 ut
1815 1529 1906 1576 ex
1953 1528 2038 1575 ea
2091 1505 2497 1602 provincia,
2560 1527 2722 1598 quae

579 1617 798 1689 fuerit
850 1642 938 1688 ex
989 1613 1328 1687 omnibus
1386 1640 1533 1686 una
1588 1614 1895 1686 maxime
1950 1611 2444 1710 triumphalis,
2489 1611 2724 1687 nullas

575 1730 665 1798 sit
690 1726 782 1797 ad
825 1741 1155 1797 senatum
1198 1726 1436 1797 literas
1479 1729 1767 1797 mittere
1802 1749 2042 1795 ausus.
2084 1727 2189 1792 Ex
2234 1747 2380 1819 qua
2417 1722 2719 1817 provin·

577 1838 685 1908 cia
734 1834 957 1906 modo
1010 1837 1118 1904 vir
1166 1837 1368 1906 omni
1428 1833 1779 1931 dignitate
1833 1835 2368 1918 ornatissimuS,
2410 1835 2486 1901 L.
2537 1836 2722 1903 Tor·

579 1962 880 2044 quatur„
929 1948 1211 2042 magnis
1256 1943 1475 2015 rebus
1512 1947 1767 2041 gestiS,
1811 1969 1928 2016 me
1965 1941 2325 2014 referente
2347 1953 2405 2029 7,
2455 1940 2547 2012 ab
2573 1984 2576 1987 ¹
2605 1967 2721 2013 se·

579 2073 749 2129 natu
781 2059 1174 2154 imperator
1210 2069 1317 2127 est
1341 2050 1825 2151 appellatus⁸;
1867 2051 2063 2124 unde
2097 2052 2208 2122 his
2236 2052 2483 2148 paucis
2510 2054 2721 2123 annis

580 2170 709 2235 Cn.
756 2164 1216 2251 Dolabellaeo,
1258 2166 1334 2233 C.
1380 2165 1721 2234 Curionis
1747 2216 1767 2251 ,
1811 2169 1908 2234 M.
1953 2161 2235 2233 Luculli
2286 2163 2721 2257 justissimos

578 2274 989 2372 triumphos
1016 2274 1371 2344 vidimus:
1411 2298 1499 2344 ex
1529 2298 1647 2363 ea,
1686 2288 1758 2343 te
1788 2274 2264 2370 imperatore,
2305 2273 2607 2341 nuntius
2624 2270 2721 2341 ad

578 2399 910 2456 senatum
963 2383 1216 2455 allatus
1260 2398 1369 2454 est
1412 2384 1698 2462 nulluS.
1752 2381 1862 2454 Ab
1915 2382 2140 2454 altero
2185 2381 2412 2453 allatae
2458 2381 2726 2470 literae,

657 2620 710 2666 5.
747 2614 958 2665 Omnino
993 2615 1207 2665 moleste.
1237 2618 1354 2665 Non
1392 2616 1608 2665 dolerem
1702 2616 1795 2665 bus
1811 2614 1989 2664 abhinc
2009 2616 2150 2663 annis
2172 2615 2508 2679 triumphavit.
2527 2616 2728 2665 05οὴ-

576 2696 617 2744 si
644 2697 708 2743 ita
732 2696 1047 2758 contigisset,
1079 2705 1137 2742 ut
1161 2706 1364 2758 uterque
1387 2706 1603 2743 vestrum
1695 2696 1873 2743 bonius
1900 2695 2076 2754 Curio,
2101 2695 2273 2742 consul
2299 2709 2435 2742 anno
2462 2697 2586 2756 677,
2613 2697 2726 2743 Ma-

575 2775 827 2838 naufragio
844 2774 1095 2837 periisset3
1121 2773 1208 2820 sed
1232 2783 1391 2819 tamen
1413 2774 1606 2821 naufra-

576 2855 708 2919 gium
735 2868 838 2901 uon
873 2864 966 2900 tam
995 2863 1199 2916 propter
1225 2853 1401 2900 scelera
1417 2887 1433 2910 ,
1460 2869 1606 2916 quam

575 2944 778 2998 propter
812 2931 1068 2979 humanam
1113 2930 1452 2979 conditionem
1487 2949 1602 2982 eve-

573 3015 701 3061 nisse
737 3012 998 3060 videretur.
1040 3012 1203 3074 Atque
1254 3027 1356 3059 non
1398 3013 1603 3061 omnino

575 3092 833 3155 gauderem
849 3126 863 3151 ,
889 3092 931 3139 si
968 3090 1091 3138 illud
1111 3090 1407 3155 supplicium
1433 3092 1602 3140 fuisset

575 3172 718 3220 vobis
735 3188 762 3218 a
789 3172 880 3220 diis
907 3171 1265 3219 immortalibus
1292 3171 1574 3235 irrogatum.

647 3253 697 3298 6.
733 3253 858 3314 Qnoe
885 3255 1054 3298 saxa?
1082 3267 1193 3313 qua·
1218 3256 1419 3299 cruces?
1445 3254 1600 3299 Saxo·

1696 2774 1949 2822 cedoniam
1991 2774 2292 2838 provinciam
2328 2774 2632 2837 impetravit,
2672 2786 2727 2822 et

1694 2869 1721 2900 a
1740 2852 1979 2900 Dardanis
1993 2852 2293 2917 triumphum
2313 2854 2583 2919 reportavit
2604 2869 2722 2901 aun.

1698 2934 1818 2981 682.
1856 2934 1930 2979 M.
1968 2933 2223 2980 Terentius
2257 2935 2415 2979 Varro
2460 2933 2722 2990 Lucullus,

1688 3011 1835 3059 frater
1857 3012 1912 3061 1..
1937 3012 2156 3070 Luculli,
2191 3029 2218 3059 a
2238 3013 2471 3060 Terentio
2500 3012 2718 3077 quodam

1689 3089 1947 3154 adoptatus
1964 3124 1980 3149 ‚
2013 3106 2144 3139 auno
2181 3091 2284 3139 680
2317 3091 2416 3138 fuit
2440 3091 2641 3148 consul,
2662 3102 2715 3139 et

1689 3167 1749 3217 de
1791 3168 1965 3216 iisdem
2006 3169 2203 3234 populis
2252 3170 2353 3233 egit
2390 3170 2710 3232 triumphum.

1688 3248 1769 3296 sic
1786 3264 1958 3296 omnes
1973 3249 2289 3312 proconsules
2303 3249 2357 3296 in
2375 3249 2713 3296 Mecedoniam

575 3344 682 3375 rum
701 3339 750 3375 et
774 3330 933 3376 erucis
957 3330 1253 3377 mentionem
1283 3329 1400 3376 facit
1421 3363 1438 3387 ‚
1462 3328 1600 3392 quod
1685 3328 1843 3385 missi,
1887 3327 2185 3392 triumphum
2220 3338 2456 3390 egerunt,
2500 3336 2710 3390 excepto

576 3407 653 3452 his
675 3406 930 3469 suppliciis
954 3407 1165 3454 damuati
1186 3407 1394 3454 maxime
1414 3407 1600 3469 plecte·

580 3495 767 3533 rentur.

651 3580 700 3623 7.
747 3564 829 3608 Me
864 3563 1115 3623 reference.
1167 3563 1252 3609 Me
1298 3561 1499 3609 consule
1538 3563 1604 3610 ad

588 3653 807 3692 senatum
833 3640 1084 3688 referente.
1120 3643 1293 3688 Fuerat
1328 3651 1490 3687 autem
1525 3641 1606 3690 Ci-

591 3738 705 3784 cero
743 3731 860 3768 octo
896 3720 1033 3766 annis
1064 3719 1267 3777 consul,
1298 3730 1409 3769 ante
1437 3735 1609 3768 seeun-

586 3801 703 3849 dum
736 3798 952 3861 Pompeii
992 3808 1041 3845 et
1078 3799 1236 3848 Crassi
1273 3798 1606 3859 consulatum,

584 3881 764 3944 quibus
782 3893 906 3925 coss.
918 3876 1024 3924 haec
1048 3877 1210 3925 habita
1229 3890 1301 3926 est
1324 3879 1497 3927 oratio.

659 3960 707 4006 8.
730 3958 854 4015 Alii,
874 3980 898 3998 a·
913 3956 1085 4004 absens
1111 3958 1228 4021 imp.
1255 3958 1317 4005 sit
1338 3973 1453 4022 app.
1473 3980 1499 3999 v·

660 4055 710 4101 9.
756 4037 844 4085 Cn.
887 4036 1170 4085 Dolabellae.
1221 4038 1317 4085 Cn.
1351 4036 1603 4085 Dolabella

589 4118 758 4168 consul
776 4101 909 4165 anuo
937 4117 1070 4177 672,
1096 4131 1124 4163 a
1156 4116 1445 4164 Macedonia
1475 4115 1603 4163 duo·

1688 3409 1743 3455 L.
1761 3408 2038 3469 Torquato,
2074 3407 2294 3470 quamvis
2319 3407 2531 3455 eamdem
2558 3416 2716 3469 pote-

1689 3496 1860 3533 statem
1890 3486 2058 3532 suisset
2089 3485 2322 3544 sortitus,
2358 3496 2408 3534 et
2441 3484 2717 3549 appellatus

1693 3564 1859 3611 fuisset
1889 3562 2167 3627 imperator.
2193 3564 2303 3610 Hoc
2333 3561 2611 3611 Sehiitzium
2633 3564 2729 3611 ad-

1696 3642 1866 3700 duxit,
1896 3653 1953 3689 ut
1980 3641 2238 3706 legendum
2276 3643 2368 3691 inf.
2389 3655 2730 3706 proponeret,

1698 3741 1721 3763 ι
1736 3736 1881 3768 nemo
1902 3721 2000 3771 fere
2015 3721 2160 3769 rediit
2173 3744 2214 3770 a.
2236 3720 2332 3769 Sed
2358 3721 2459 3768 hoc
2486 3736 2588 3768 non
2607 3721 2735 3770 huie

1696 3798 1809 3846 loco
1836 3815 2104 3863 congruere
2123 3800 2241 3848 mihi
2264 3800 2472 3854 videtur,
2490 3812 2538 3846 et
2567 3800 2735 3848 multo

1695 3879 1870 3926 rectius
1891 3889 1962 3925 est
1982 3881 2222 3940 conjicere
2245 3879 2534 3928 Ciceronem
2559 3880 2734 3942 primo

1695 3966 1937 4019 tamquam
1965 3970 2210 4007 oratorem
2225 3958 2512 4020 loquutum‚
2545 3956 2735 4004 deinde

1694 4035 1754 4082 ad
1775 4037 2023 4085 veritatem
2045 4040 2190 4086 fuisse
2208 4053 2451 4086 reversum
2470 4070 2484 4095 ,
2511 4047 2568 4083 ut
2598 4053 2736 4102 saepe

1693 4113 1799 4161 aliis
1826 4117 1880 4163 in
1905 4115 2042 4163 locis.
