2994 4778
638 411 775 484 558
1274 408 1370 473 Μ.
1421 406 1499 471 Τ.
1552 398 2113 471 CICERONIS

636 530 944 606 titudine
979 523 1612 607 innumerabiles²‚
1646 521 1821 591 locis
1858 517 2169 588 infinitas
2191 516 2243 601 3,
2276 515 2482 586 omni
2518 515 2763 611 copia·

634 663 799 711 rum
844 660 1104 735 genere
1156 632 1607 706 abundantes
1653 655 1669 698 :
1728 626 1855 700 sed
1892 640 2130 697 tamen
2177 649 2257 695 ea
2292 625 2566 707 vicisti,
2599 647 2769 719 quae

636 763 711 821 et
744 761 1110 832 naturam,
1143 758 1215 814 et
1252 741 1742 813 conditionem
1768 792 1786 823 ‚
1827 751 1908 807 ut
1946 737 2135 807 vinci
2171 748 2502 832 possent,
2539 732 2769 802 habe-

644 856 848 930 hant.
885 854 1095 926 Nulla
1133 867 1241 924 est
1279 853 1466 931 enim
1515 864 1710 919 tanta
1742 848 1883 930 vis,
1935 870 2095 942 quae
2131 854 2297 913 non'
2329 840 2524 913 ferro
2560 867 2645 913 ac
2672 844 2772 909 vi-

638 965 840 1039 ribus
903 962 1257 1035 debilitari
1312 959 1691 1055 frangique
1752 957 1995 1054 possit.
2062 958 2399 1023 Animum
2436 954 2774 1033 vincere,

638 1074 1080 1149 iracundiam
1108 1070 1477 1156 cohibere,
1517 1068 1888 1139 victoriam
1918 1078 2319 1161 temperare
2336 1066 2393 1147 ⁴,
2435 1061 2773 1133 adversa-

637 1191 829 1258 rium
881 1182 1290 1267 nobilitate,
1337 1178 1676 1275 ingenio,
1734 1176 2000 1244 virtute
2059 1185 2558 1271 praestantem,
2619 1196 2772 1242 non

641 1295 862 1368 modo
908 1291 1249 1364 extollere
1285 1289 1687 1383 jacentem,
1742 1281 1868 1353 sed
1908 1285 2121 1353 etiam
2150 1278 2585 1378 amplificare
2617 1282 2776 1375 ejus

642 1409 1015 1508 pristinam
1064 1402 1483 1496 dignitatem
1508 1396 1535 1442 ⁵
1601 1424 1616 1465 ε
1680 1395 1830 1466 haec
1885 1395 2010 1489 qui
2084 1390 2296 1462 faciat
2310 1388 2368 1478 ⁶,
2426 1403 2578 1460 non
2639 1413 2776 1486 ego

644 1542 813 1602 eum
851 1541 1018 1588 cum
1051 1512 1347 1585 summis
1384 1512 1553 1580 viris
1590 1528 1969 1602 compare,
2004 1501 2125 1573 sed
2162 1500 2602 1572 simillimum
2633 1497 2775 1570 deo

639 1628 910 1725 judico.
1112 1710 1125 1727 .
1729 1687 1732 1690 ,

745 1744 996 1834 Itaque
1018 1788 1037 1822 ‚
1073 1737 1150 1805 C.
1195 1737 1497 1819 Caesar7,
1543 1728 1819 1802 bellicae
1847 1743 1989 1798 tuae
2019 1724 2267 1796 laudes
2303 1722 2777 1795 celebrabun-

646 1864 768 1920 tur
794 1846 928 1918 illae
955 1843 1245 1942 quidem
1276 1869 1425 1914 non
1455 1840 1689 1913 solum
1721 1839 1986 1910 nostris
2009 1890 2029 1920 ‚
2054 1834 2179 1906 sed
2211 1859 2415 1934 paene
2450 1835 2773 1914 omnium

646 1958 984 2057 gentium.
1043 1955 1264 2025 literis
1333 1969 1549 2050 atque
1604 1951 1908 2045 linguis;
1965 1969 2100 2017 nec
2159 1943 2305 2014 ulla
2328 1940 2359 1986 ⁸
2426 1965 2776 2038 umquam

646 2083 812 2139 aetas
840 2065 932 2138 de
966 2068 1106 2136 tuis
1139 2062 1472 2135 laudibus
1505 2062 1955 2133 conticescet.
1986 2055 2122 2128 Sed
2153 2070 2395 2125 tamen
2423 2050 2774 2148 ejusmodi

566 2201 569 2202 ⁷
648 2201 801 2265 τες,
859 2178 1101 2247 nescio
1164 2174 1567 2272 quomodO,
1631 2173 1840 2243 etiam
1915 2191 2144 2266 quum
2205 2166 2580 2262 leguntur,
2646 2162 2776 2234 ob·

646 2290 867 2384 strepi
918 2286 1231 2358 clamore
1268 2284 1630 2355 militum9
1665 2280 2035 2364 videntur,
2074 2289 2145 2347 et
2181 2273 2526 2345 tubarum
2576 2296 2775 2344 sono.

722 2484 768 2516 a.
783 2466 1091 2516 Multitude'ne
1105 2466 1490 2516 innumerabiles.
1515 2465 1675 2522 Adeo,

648 2559 706 2597 ut
737 2548 790 2594 in
823 2546 939 2596 solis
966 2547 1135 2595 Gauiis
1163 2544 1548 2611 quadringentos
1586 2558 1675 2606 po·

649 2626 794 2693 pulos
825 2626 1092 2684 domuerit,
1128 2635 1176 2672 et
1211 2622 1440 2671 undecies
1474 2632 1674 2670 centens

651 2717 702 2755 et
726 2707 974 2771 sexaginta
1005 2706 1104 2754 duo
1131 2703 1279 2751 millis
1317 2701 1551 2750 ceciderit
1583 2700 1673 2748 ho-

653 2786 853 2833 minum.

726 2865 774 2911 3.
803 2861 938 2910 Locis
956 2859 1181 2928 infinitas.
1205 2858 1326 2906 Scil.
1351 2858 1672 2914 Britanniam,

654 2941 770 2991 inde
791 2953 839 2989 et
862 2940 1075 2989 Africam
1090 2974 1105 2998 ,
1144 2937 1428 3001 Hispaniam
1458 2946 1508 2985 et
1538 2939 1670 2984 Pon-

654 3032 758 3071 tum
774 3057 790 3082 ,
818 3032 911 3069 etc.
933 3035 1041 3084 qnae
1059 3018 1255 3083 quidem
1281 3016 1549 3082 provinciae
1572 3015 1673 3064 fere

656 3112 763 3150 toto
790 3099 910 3148 orbe
938 3098 1093 3147 dividi
1120 3097 1425 3145 videbantur.

728 3186 781 3235 4.
819 3177 1083 3226 Victoriam
1117 3187 1399 3240 temperare.
1436 3173 1574 3221 Illam
1603 3188 1675 3222 re·

657 3271 795 3319 gere,
839 3268 898 3305 nt
947 3256 1129 3305 dicitur
1171 3264 1461 3319 temperatus
1506 3253 1674 3301 homo.

657 3333 811 3393 Cuju-
854 3334 1076 3398 exempla
1141 3334 1384 3396 congessit
1428 3331 1678 3379 wormius

659 3410 764 3459 Cic.
805 3413 941 3461 Orat.
979 3414 1042 3459 52
1066 3446 1080 3469 ‚
1128 3420 1223 3459 etc.
1287 3410 1429 3459 Malit
1466 3407 1679 3459 Wolfins

659 3485 894 3536 victoria.
932 3522 935 3523 γ
1388 3536 1394 3541 ,

734 3565 785 3614 5.
824 3563 1086 3612 pristinam
1116 3564 1423 3626 dignitatem.
1460 3567 1681 3627 Apparet

660 3647 898 3696 Caesarem
926 3655 1103 3689 munus
1120 3640 1321 3703 aliquod
1339 3640 1577 3689 Marcello
1596 3640 1680 3689 de·

661 3725 895 3781 stimme,
928 3719 1064 3786 quod
1109 3720 1308 3782 exsequi
1349 3735 1449 3767 non
1489 3719 1680 3783 potuit,

659 3806 846 3867 quippe
868 3809 1025 3849 morte
1042 3799 1146 3859 ejus
1165 3798 1594 3863 praevenms.Vide
1619 3798 1682 3846 sd

659 3882 879 3937 munt,
908 3880 1116 3936 nuvl,
1143 3880 1191 3924 6.

729 3962 782 4007 6.
813 3961 933 4005 Haec
970 3956 1057 4020 qui
1074 3954 1264 4017 faciae.
1294 3961 1457 4006 Graev.
1486 3974 1548 4005 ex
1575 3958 1678 4006 Erf.

657 4038 873 4105 reposuit
902 4036 1007 4083 lna-c
1028 4035 1272 4099 quisae-ie.

733 4137 781 4179 7.
836 4118 1013 4178 Itaque
1040 4148 1055 4172 ,
1115 4114 1167 4161 C.
1223 4114 1403 4163 (ἔωσαν.
1451 4117 1677 4179 Sequitur

1762 2485 1892 2518 nunc
1933 2467 2187 2516 conclusio
2226 2468 2440 2515 duorum
2477 2475 2782 2528 argumento-

1761 2564 1894 2607 rum,
1923 2562 2034 2611 quae
2070 2556 2396 2610 persequutus
2422 2545 2664 2593 haetenus
2687 2556 2778 2602 est3

1762 2642 1904 2690 quam
1937 2626 2124 2689 egregie
2161 2635 2307 2672 ornst
2342 2636 2494 2688 atque
2525 2620 2783 2688 mpffioet

1765 2706 1968 2769 repetita
1987 2704 2301 2752 concessione
2321 2702 2383 2751 de
2413 2702 2608 2750 bellicis
2631 2701 2782 2751 landi-

1763 2785 1879 2840 bns,
1903 2798 2026 2847 quas
2052 2794 2102 2830 et
2128 2784 2366 2840 Romani,
2395 2794 2445 2830 et
2475 2797 2652 2830 omnes
2684 2781 2782 2829 alia

1763 2872 1928 2925 gentes
1951 2871 2128 2909 extera
2156 2860 2289 2909 omni
2317 2871 2546 2924 tempore
2569 2859 2781 2909 celebra·

1761 2951 1881 2988 turae
1910 2940 2110 3003 quidem
2136 2940 2233 2989 sint
2254 2955 2438 2988 summa
2460 2939 2620 3003 gloria
2639 2975 2654 2999 ,
2703 2939 2780 2987 sed

1760 3034 1862 3066 non
1879 3030 2011 3067 tsnts
2042 3019 2292 3084 voluptate
2316 3035 2374 3066 sc
2397 3018 2571 3068 laetitia
2598 3020 2775 3066 unimo-

1760 3112 1866 3144 rum
1885 3111 2045 3160 aeque,
2075 3107 2132 3144 nt
2147 3097 2255 3145 illas
2281 3099 2446 3161 legent
2470 3110 2523 3146 et
2548 3099 2770 3150 audient.

1762 3189 1883 3238 quas
1907 3173 2161 3223 clementis
2184 3186 2234 3223 et
2263 3175 2606 3225 moderatione
2640 3174 2775 3224 animi

1764 3266 2095 3316 consequutus
2120 3264 2210 3302 est.

1834 3334 1888 3380 8.
1908 3332 2014 3379 Nec
2040 3332 2145 3381 ulla
2168 3349 2421 3398 umquam.
2446 3333 2782 3387 Coloniensi»,

1765 3426 1975 3475 usquam
1995 3445 2010 3470 ,
2050 3410 2187 3476 quod
2222 3412 2428 3460 omuino
2454 3410 2783 3477 recipiendum

1765 3500 1905 3555 putat
1933 3489 2152 3539 Modius.

1837 3586 1888 3632 9.
1909 3568 2134 3619 &amore
2154 3569 2379 3620 milium.
2419 3572 2570 3618 Hunc
2589 3568 2785 3617 omnino

1765 3648 1930 3696 locum
1973 3651 2266 3714 expressisse
2304 3648 2576 3698 credideris
2621 3650 2784 3695 Horat.

1766 3726 1820 3773 in
1856 3726 1953 3774 ode
1995 3728 2057 3775 sd
2099 3729 2400 3787 Pollionem,
2438 3729 2521 3788 11,
2561 3745 2622 3787 r,
2665 3729 2787 3789 -jsm

1772 3820 1904 3852 nunc
1939 3806 2115 3853 minaci
2146 3822 2393 3854 murmure
2419 3822 2663 3854 cornuum
2687 3821 2783 3869 per-

1770 3884 1967 3948 stringis
1988 3900 2129 3932 sures
2145 3919 2162 3944 ‚
2183 3897 2277 3933 etc.
2294 3906 2316 3927 ι
2344 3883 2595 3948 Significat
2615 3896 2787 3936 orator,

1768 3964 1991 4025 quamvis
2013 3962 2236 4028 oblique,
2262 3964 2418 4011 inesse
2429 3965 2481 4017 ,in
2503 3963 2785 4013 bellicarum

1766 4056 1923 4088 mrum
1965 4044 2243 4091 narratione
2283 4043 2417 4089 triste
2446 4042 2699 4106 quoddam
2729 4056 2780 4087 sc

1764 4117 1973 4177 Foedum,
2000 4120 2136 4184 qnod
2152 4120 2276 4169 belh
2302 4136 2490 4184 semper
2510 4121 2787 4169 comitetur·
