2994 4778
613 408 1001 475 ORATIO
1052 410 1255 477 PRO
1306 408 1380 474 T.
1443 408 1523 472 A.
1577 400 2018 475 MILONE.
2250 405 2386 502 507

248 551 348 598 ne
374 524 672 598 Clodius
703 526 1000 624 quidem
1039 527 1131 599 de
1158 524 1426 598 insidiis
1461 527 1833 623 cogitavit,
1866 530 2212 623 quoniam
2254 528 2389 600 fuit

249 637 327 706 iu
351 635 636 708 Albano
664 626 1048 707 mansurus
1063 631 1115 707 ⁸.
1154 638 1225 708 Si
1256 636 1552 732 quidem
1580 639 1902 709 exiturus
1930 636 2020 707 ad
2050 637 2314 709 coedem
2345 666 2389 710 e

249 746 423 817 villa
468 769 620 818 non
667 745 950 818 fuisset.
1005 745 1236 818 Video
1281 749 1477 817 enim
1530 746 1774 833 illum,
1824 746 1951 842 qui
1986 738 2263 817 ¹dicitur
2298 747 2389 820 de

249 859 425 952 Cyri
451 870 685 928 morte
714 859 1114 943 nuntiasse,
1147 880 1297 926 non
1323 854 1400 925 id
1439 859 1807 927 nuntiasse
1829 910 1849 941 ‚
1886 853 2010 926 sed
2038 857 2387 931 Milonem

249 966 863 1064 appropinquare.
909 969 1092 1038 Nam
1139 964 1318 1062 quid
1355 964 1445 1037 de
1482 970 1677 1061 Cyro
1721 966 2117 1051 nuntiaret,
2167 990 2390 1062 quem

251 1074 553 1147 Clodius
604 1079 834 1153 Roma
888 1073 1351 1172 proficiscens
1406 1074 1843 1172 reliquerat9
1906 1076 2390 1146 morientem?

250 1187 417 1254 Una
446 1182 583 1266 fui;
619 1198 1129 1259 testamentum
1162 1185 1376 1258 simul
1406 1184 1781 1281 obsignavi
1801 1195 1864 1229 ¹⁰
1898 1209 2065 1256 curn
2096 1184 2389 1274 Clodio;

253 1308 772 1371 testamentum
799 1310 1039 1369 autem
1075 1294 1308 1393 palam
1342 1294 1644 1383 fecerat,
1676 1311 1749 1367 et
1772 1296 1976 1367 illum
2004 1295 2347 1367 heredem
2370 1352 2388 1383 ,

251 1418 327 1474 et
389 1428 506 1474 me
560 1405 959 1502 scripserat.
1008 1406 1244 1493 Quem
1308 1404 1538 1503 pridie
1596 1405 1775 1479 hora
1815 1410 2023 1478 tertia
2077 1407 2387 1477 animam

254 1512 622 1585 efflantem
676 1514 1115 1612 reliquisset,
1167 1540 1335 1589 eum
1385 1531 1755 1588 mortuum
1815 1515 2160 1615 postridie
2207 1516 2388 1587 hora

252 1622 608 1699 decima¹¹
652 1622 970 1722 denique
1007 1627 1073 1698 ei
1117 1625 1634 1727 nuntiabatur?

350 1737 537 1806 xlx„
575 1737 758 1832 Age,
797 1738 888 1806 sit
923 1739 1020 1808 ita
1046 1735 1358 1808 factum¹
1400 1765 1417 1806 ε
1449 1762 1611 1834 quae
1641 1761 1888 1823 causa,
1925 1762 2057 1808 cur
2084 1742 2385 1807 Romam

253 1846 724 1941 properaret?
760 1868 891 1915 cur
939 1847 1019 1916 in
1055 1862 1343 1918 noctem
1381 1872 1456 1919 se
1508 1847 1941 1942 conjiceret?
1977 1846 2172 1938 Quid
2211 1845 2389 1918 affe·

255 1950 464 2025 rebat
497 1977 780 2026 causam
806 1953 1330 2028 festinationis?
1352 1957 1571 2050 Quod
1601 1957 1810 2028 heres
1835 1958 2035 2028 erat?
2068 1958 2390 2029 Primum

259 2075 411 2133 erat
462 2061 682 2149 nihil,
745 2088 877 2135 cur
928 2081 1319 2164 properato
1372 2092 1562 2165 opus
1616 2079 1921 2139 esset2.
1905 2093 1922 2109 ·
1983 2066 2280 2154 deinde,
2335 2070 2390 2136 si

255 2172 439 2270 quid
474 2190 696 2261 esset,
734 2175 912 2274 quid
948 2177 1236 2248 tandem
1285 2194 1467 2267 erat,
1513 2178 1717 2275 quod
1758 2202 1839 2248 ea
1881 2193 2095 2248 nocte
2137 2202 2391 2249 conse-

259 2284 386 2379 qui
437 2282 764 2382 posset³;
810 2288 1169 2359 amitteret
1204 2303 1481 2377 autem,
1516 2291 1575 2360 si
1615 2288 1960 2386 postridie
1996 2313 2207 2359 mane
2248 2292 2390 2358 Ro·

261 2419 452 2468 mam
500 2397 874 2468 venisset?
910 2404 1292 2494 Atque‚u
1243 2413 1328 2470 ut
1374 2399 1477 2468 illi
1532 2413 1936 2470 nocturnus
1986 2398 2076 2469 ad
2131 2397 2387 2468 urbem

257 2502 609 2575 adventus
645 2505 977 2578 vitandus
1013 2510 1291 2603 potius,
1327 2533 1544 2605 quarn
1580 2509 2031 2606 expetendus
2065 2506 2203 2578 fuit
2237 2537 2253 2578 :
2290 2511 2390 2578 sic

256 2614 551 2704 Miloni,
610 2641 839 2713 quum
893 2615 1267 2688 insidiator
1319 2634 1541 2706 esset,
1603 2620 1665 2690 si
1716 2618 1919 2689 illum
1977 2616 2069 2689 ad
2134 2613 2392 2687 urbem

1363 2880 1530 2930 fuisset
1548 2861 1730 2929 Clodio
1750 2880 1812 2929 de
1830 2891 1985 2929 morte
1999 2879 2118 2944 Cyri
2136 2880 2389 2926 eertiorem

1361 2975 1489 3020 eene,
1522 2961 1680 3009 multo
1714 2962 1967 3009 maturius,
1986 2960 2033 3007 ei
2072 2959 2241 3007 fuisset
2271 2973 2392 3006 nun-

257 2893 394 2940 κως
418 2876 648 2927 Clodium
671 2894 773 2926 nou
791 2880 842 2927 in
860 2878 1056 2926 Albano
1083 2895 1276 2928 manere

259 2956 546 3017 decrevisse,
562 2970 613 3007 et
633 2958 907 3007 nimulatnm
927 2958 1074 3007 fuine
1087 2959 1277 3008 reditun

256 3052 469 3086 cauum·

255 3212 447 3245 onnes.
1091 3235 1102 3242 .

326 3292 382 3339 9.
399 3274 678 3339 Reliqua-ae
693 3273 994 3324 morientem.
1017 3274 1143 3322 Nam
1160 3275 1282 3338 quid

253 3372 419 3404 cauea
464 3365 587 3402 esset
635 3371 725 3402 eur
765 3357 976 3403 Romam
1014 3363 1280 3417 repeteret,

253 3446 457 3482 mortno
473 3430 698 3498 Cyroi’ei
717 3433 785 3480 ob
802 3432 907 3480 eam
925 3447 1118 3480 uuum
1137 3447 1283 3480 unam

253 3512 499 3569 rediieeet,
534 3529 639 3561 non
672 3513 923 3577 profectus
960 3524 1085 3560 esset
1125 3527 1244 3560 sene
1259 3546 1278 3573 ,

254 3609 410 3657 quum
450 3593 636 3657 Cyrum
672 3592 882 3640 animem
917 3591 1162 3640 efflantem
1204 3607 1280 3639 re-

253 3673 518 3737 linqueret.
1069 3707 1072 3708 γ

335 3766 414 3798 ιο.
447 3751 725 3817 Obsignavi.
764 3754 825 3799 In
864 3755 1161 3800 tentamentis
1202 3753 1279 3800 fe-

253 3829 445 3880 ciendie
460 3841 647 3894 neptem
664 3841 810 3878 teetee
825 3830 992 3879 edente
1009 3830 1280 3889 debebant3

254 3908 439 3957 deinde
453 3908 674 3957 hoeeedee
691 3909 1064 3959 nub-aibehant
1077 3920 1128 3957 et
1145 3909 1279 3957 obei-

253 3987 472 4050 gnabaut
508 3998 863 4038 testamentum.
911 3992 1080 4038 Heres
1120 4001 1281 4038 autem

257 4067 397 4115 testie
422 4084 526 4115 enee
549 4067 772 4115 facillime
794 4079 999 4131 poteret.

341 4162 360 4192 ι
378 4162 423 4193 ι.
446 4147 582 4204 Hom
606 4146 812 4194 deeima.
845 4148 897 4195 si
929 4150 1184 4211 antiquum
1215 4147 1282 4196 ita

330 3118 380 3165 8.
430 3116 563 3166 ual-
609 3117 714 3166 haec
763 3117 1120 3182 intes-pungunt
1174 3119 1274 3167 fere
1343 3048 1496 3132 ‘¹³⁸¹‘-

1434 3120 1582 3166 m.
1617 3134 1663 3166 ι.
1692 3117 1769 3165 Sic
1791 3115 2092 3180 itasacmm.
2127 3119 2196 3164 Ut
2220 3116 2391 3163 adver-

1369 3197 1482 3243 sarii
1519 3195 1693 3244 volunt
1716 3232 1731 3257 ‚
1772 3211 1940 3243 nervus
1977 3196 2039 3244 de
2074 3204 2230 3243 morte
2270 3195 2393 3259 Cyri

1370 3276 1614 3324 nuntiavit
1643 3275 1851 3324 Clodio:
1888 3290 1991 3322 non
2017 3286 2179 3322 temen
2203 3273 2301 3322 hoc
2335 3274 2390 3322 in

1370 3370 1513 3402 eamn
1545 3365 1670 3402 stare
1702 3365 1924 3419 poteret,
1955 3369 2044 3402 cur
2076 3355 2284 3402 Romam
2325 3355 2391 3401 ite

1368 3450 1579 3499 1³¹·01‘010
1606 3444 1861 3499 “immt-

1438 3531 1488 3563 α.
1510 3517 1774 3578 Properate
1794 3529 1911 3576 opus
1929 3524 2068 3561 essee.
2101 3513 2295 3561 Etenim
2315 3524 2388 3560 te·

1364 3603 1657 3642 numentum
1684 3593 1870 3657 optime
1892 3593 2134 3640 nucitum
2160 3603 2288 3650 erat,
2306 3608 2392 3656 pe·

1364 3672 1557 3737 lemque
1592 3673 1796 3721 unibus
1827 3684 1878 3721 et
1916 3671 2193 3720 haredibus
2222 3671 2393 3718 recita-

1368 3763 1505 3814 tum;
1544 3768 1635 3800 nee
1686 3764 1843 3802 metue
1888 3762 1991 3802 eret
2028 3767 2092 3799 ne
2132 3767 2185 3797 re
2223 3748 2387 3812 alique

1368 3829 1687 3878 huden-etur.

1438 3909 1489 3958 3.
1519 3909 1669 3973 Quod
1695 3925 1758 3955 ea
1790 3920 1933 3957 noete
1961 3905 2198 3971 eoaeseqm‘
2215 3918 2389 3970 posset.

1369 3987 1505 4035 Nihil
1537 3988 1674 4037 enim
1712 3998 1795 4035 eut
1838 3987 1901 4035 de
1944 3986 2262 4043 hereditate,
2308 3995 2391 4032 eut

1370 4064 1504 4130 apud
1544 4076 1765 4113 senatum
1802 4082 1940 4130 egere
1980 4077 2196 4130 poterat,
2223 4075 2279 4112 ut
2302 4063 2389 4127 qui

1371 4155 1524 4194 noctu
1553 4143 1841 4193 advenisset.
