2994 4778
597 409 738 494 [134
1224 409 1319 474 Μ.
1369 407 1446 474 Τ.
1503 408 2082 478 CICERONIS

599 548 703 614 et,
751 532 867 602 cui
912 528 1099 599 bene
1142 526 1319 623 quid
1377 530 1846 624 processerit,
1891 528 2200 598 multum
2242 528 2442 598 illum
2482 533 2743 626 provi-

601 642 824 728 disse;
859 643 975 711 cui
1015 661 1255 723 seem,
1291 635 1471 706 nihil
1518 632 1871 708 sensisse⁵
1915 636 2253 708 dicamus.
2298 640 2372 707 Si
2416 642 2744 710 exstitis-

601 766 706 821 set
760 752 835 820 in
888 744 1101 844 rege⁶
1162 745 1382 829 fides»,
1438 746 1620 816 nihil
1672 748 2069 844 sapientius
2114 752 2498 835 Postumo;
2555 755 2740 847 quia

604 860 853 933 fefellit
891 884 1049 944 rex,
1078 856 1258 927 nihil
1300 857 1441 926 hoc
1481 860 1839 928 amentius
1884 856 2194 929 dicitur:
2233 872 2314 928 ut
2349 860 2500 953 jam
2544 860 2738 930 nihil

602 996 754 1043 esse
789 970 1138 1054 videatur,
1185 968 1319 1037 nisi
1360 966 1717 1056 divinare,
1756 968 2118 1064 sapientis.
2164 968 2300 1039 Sed
2348 984 2629 1053 tamen,
2672 974 2736 1040 si

601 1087 764 1180 quis
790 1096 926 1166 est,
954 1078 1226 1175 judices
1247 1132 1266 1163 ,
1294 1078 1421 1173 qui
1445 1077 1641 1146 illam
1670 1078 1992 1148 Postumi
2014 1080 2162 1148 sive
2187 1080 2471 1151 inanem
2497 1103 2737 1177 spem,

603 1196 749 1262 sive
806 1189 1282 1262 inconsultam
1333 1190 1723 1272 rationem,
1774 1192 1923 1257 sive
1986 1189 2446 1284 (gravissimo
2498 1188 2736 1258 verbo

602 1306 789 1398 utar)
827 1301 1326 1386 temeritatem,
1367 1296 1912 1394 vituperandam
1950 1312 2181 1394 putet,
2214 1323 2351 1395 ego
2382 1301 2535 1394 ejus
2565 1303 2736 1397 opi-

604 1412 803 1483 nioni
833 1436 983 1482 non
1009 1433 1383 1506 repugno:
1415 1406 1593 1477 illud
1632 1422 1870 1478 tamen
1909 1408 2286 1506 deprecor,
2331 1424 2449 1494 ut,
2492 1435 2729 1507 quum

603 1520 692 1591 ab
759 1525 910 1616 ipsa
971 1516 1259 1587 fortuna
1314 1516 1805 1586 crudelissime
1865 1518 2095 1589 videat
2146 1519 2364 1614 hujus
2428 1519 2734 1590 consilia

604 1654 755 1701 esse
788 1627 1113 1710 multata,
1156 1650 1249 1696 ne
1287 1626 1463 1722 quid
1509 1625 1596 1696 ad
1654 1651 1771 1697 eas
1812 1629 2093 1714 ruinas,
2129 1627 2397 1726 quibus
2440 1629 2559 1700 hic
2590 1655 2732 1727 op-

600 1763 886 1839 pressus
946 1751 1094 1820 est,
1140 1734 1551 1805 addendum
1604 1734 2008 1807 acerbitatis
2075 1752 2296 1834 putet.
2345 1742 2569 1809 satis⁷
2621 1754 2737 1809 est

603 1849 933 1920 homines
994 1845 1475 1942 imprudentia
1541 1846 1779 1941 lapsos
1843 1872 1995 1916 nou
2057 1840 2417 1943 erigere⁸;
2468 1874 2737 1945 urgere

608 1980 776 2026 vero
813 1955 1161 2049 jacentes,
1200 1969 1323 2023 aut
1355 1956 1876 2053 praecipitantes
1909 1955 2317 2053 impellere,
2371 1974 2560 2029 certe
2622 1974 2737 2029 est

610 2064 1087 2137 inhumanum
1127 2091 1141 2132 :
1173 2067 1589 2162 praesertim,
1614 2065 1917 2158 judices,
1945 2090 2176 2162 quum
2202 2071 2294 2137 sit
2324 2067 2463 2138 hoc
2485 2072 2736 2164 generi

608 2175 985 2247 hominum
1031 2198 1261 2271 prope
1300 2188 1553 2244 natura
1589 2173 1877 2259 datum,
1910 2177 2058 2261 uti,
2095 2187 2304 2272 quae9
2341 2178 2419 2245 in
2463 2175 2734 2245 familia

600 2285 845 2381 aliqua
882 2285 1035 2355 laus
1071 2282 1257 2355 forte
1293 2283 1659 2370 floruerit,
1695 2284 1881 2355 hanc
1918 2283 2104 2367 fere,
2152 2288 2280 2383 qui
2326 2301 2494 2356 sunt
2536 2287 2731 2380 ejus-

604 2396 766 2468 dem
808 2396 1155 2493 stirpis¹⁰,
1210 2392 1411 2490 quod
1455 2419 1693 2465 sermo
1736 2393 2111 2465 hominum
2169 2395 2256 2465 ad
2305 2398 2730 2467 memoriam

603 2504 1127 2607 prodendam¹¹
1172 2518 1457 2601 patrum
1492 2505 1756 2574 virtute
1787 2504 2227 2591 celebretur,
2268 2504 2734 2602 cupidissime

603 2630 1130 2714 persequantur
1192 2641 1207 2681 :
1270 2613 1623 2710 siquidem
1695 2638 1844 2683 non
1907 2612 2123 2683 modo
2187 2616 2258 2682 in
2339 2614 2564 2710 gloria
2631 2618 2736 2685 rei

605 2728 929 2797 militaris
976 2724 1296 2794 Paullum
1363 2724 1638 2819 Scipio,
1693 2738 1819 2794 aut
1864 2725 2257 2794 Maximum
2320 2724 2545 2812 filius,
2603 2724 2734 2796 sed

1784 2940 1833 2987 6.
1855 2940 1915 2985 In
1935 2954 2062 3004 rege.
2096 2939 2435 3000 Alexandria,
2466 2941 2735 2989 Ptolemaeo

1714 3016 1906 3065 Aulete.

612 2962 635 2984 ι
658 2937 753 2987 Sed
773 2938 900 2994 haee,
926 2939 1024 2997 sit,
1046 2939 1280 2984 sententis
1305 2938 1377 2984 sic
1399 2947 1446 2985 et
1464 2937 1557 2996 illi,
1577 2948 1626 2985 et

608 3018 749 3066 nobis
775 3016 1088 3081 probabatur,
1109 3026 1164 3063 ut
1188 3031 1250 3063 ex
1270 3026 1447 3063 eventu
1467 3014 1625 3063 homi·

607 3114 693 3146 nes
713 3098 772 3146 de
793 3109 879 3145 tno
899 3096 1103 3144 consilio
1124 3096 1480 3143 existimaturos
1501 3094 1627 3143 vide-

608 3194 766 3225 remus
782 3212 796 3235 ‚
817 3187 914 3224 etc.
935 3198 960 3217 ι»
984 3174 1117 3223 Idem
1144 3192 1223 3240 ep.
1251 3174 1314 3221 ad
1334 3177 1486 3223 Attio.
1507 3177 1581 3221 lx
1608 3187 1622 3222 τ

605 3276 631 3296 e«
649 3255 863 3305 Consilia
885 3272 946 3303 ex
969 3265 1144 3306 eventu
1168 3269 1269 3301 non
1293 3270 1356 3300 ex
1375 3253 1624 3301 voluntate

606 3348 631 3378 ι
660 3332 905 3397 plerisque
932 3332 1131 3397 probari
1158 3333 1369 3380 solent».
1398 3333 1627 3393 Plautus,

604 3411 778 3458 Pseud.
828 3435 854 3454 n·
890 3414 1021 3459 Bene
1066 3412 1152 3458 ubi
1187 3410 1324 3474 quod
1368 3412 1626 3459 consilium

606 3488 836 3537 discimus
874 3491 1131 3544 accidisse,
1170 3489 1416 3536 hominem
1461 3500 1625 3536 catum

604 3560 725 3617 Eum
753 3583 853 3615 esse
879 3567 1204 3622 decli-ramum
1231 3566 1431 3612 stultum
1461 3576 1624 3615 antem

604 3647 722 3711 quoi
751 3644 894 3692 vertit
917 3645 1063 3702 male,
1085 3653 1179 3691 etc.
1199 3665 1224 3684 ⁸·
1251 3643 1439 3691 Tullius
1466 3644 1519 3692 in
1550 3647 1625 3693 Pi·

598 3740 768 3773 sonem
792 3758 806 3782 ,
851 3738 963 3786 cap.
1004 3730 1065 3778 41
1091 3755 1105 3778 ‚
1153 3736 1297 3785 supra
1342 3736 1451 3785 pag.
1490 3724 1625 3778 ,μᾶς

610 3827 634 3845 σ-
662 3805 820 3853 ...cui
848 3818 1038 3865 semper
1059 3801 1124 3848 its
1148 3816 1425 3866 persuasum
1449 3802 1619 3860 fuerit,

605 3897 705 3929 non
722 3882 934 3938 eventis,
964 3880 1050 3928 sed
1079 3882 1241 3939 sactis,
1270 3883 1505 3946 cujusque
1529 3882 1623 3928 sor·

602 3971 765 4007 tunam
790 3958 1053 4024 ponderari
1070 3996 1083 4015 ‚
1113 3971 1207 4010 etc.
1229 3984 1253 4001 u

671 4040 719 4088 5.
767 4035 906 4087 Nihil
939 4040 1159 4089 sensisse.
1198 4040 1455 4089 Lambinus
1499 4040 1619 4087 male

604 4113 725 4165 nihil
744 4117 937 4166 vidisse.

1785 3112 1810 3155 7
1824 3128 1838 3142 .
1857 3096 1984 3144 Satis
2002 3108 2095 3146 ese.
2114 3098 2331 3145 Obscure
2349 3109 2486 3145 notat
2505 3098 2563 3146 C.
2579 3100 2736 3145 Mem·

1712 3175 1862 3222 mium
1881 3210 1897 3231 ‚
1927 3176 2025 3238 .qni
2070 3178 2351 3223 Postumum
2387 3187 2696 3223 accusaverat
2715 3210 2734 3234 ,

1713 3270 1920 3317 eumque
1939 3255 2004 3302 ite
2023 3266 2227 3303 conetur
2237 3254 2487 3315 judicibus
2504 3255 2733 3303 odiosum

1716 3333 1934 3381 reddere.

1785 3414 1834 3459 8.
1863 3412 2077 3478 Erigere.
2102 3412 2160 3460 Id
2178 3423 2251 3461 est
2265 3449 2280 3474 ‚
2300 3413 2507 3461 relevere
2531 3424 2577 3459 et
2596 3415 2738 3461 resti—

1715 3501 1865 3539 mere·

1783 3584 1836 3630 9.
1878 3572 2000 3632 Quoe
2023 3568 2071 3615 ιή
2084 3568 2305 3634 familia.
2330 3571 2408 3616 Al.
2435 3587 2537 3634 qua
2567 3570 2618 3617 in
2639 3570 2735 3634 fis-

1715 3646 1864 3696 milia.

1791 3741 1867 3773 10.
1891 3726 2121 3792 Ejusdem
2138 3725 2310 3791 stirpis.
2331 3728 2411 3777 Al.
2431 3728 2535 3793 ejus
2552 3729 2738 3794 stirpis.

1714 3804 1862 3852 Male.
1888 3831 1956 3841 --
1990 3805 2240 3854 Rabirium
2268 3806 2371 3866 jam
2406 3806 2471 3853 ob
2498 3808 2552 3856 id
2580 3826 2737 3858 esen—

1712 3882 1915 3930 snndum
1938 3896 2119 3943 censet,
2136 3884 2274 3949 quod
2298 3887 2554 3934 temeritati
2573 3891 2738 3937 minus

1709 3978 1855 4025 quam
1906 3964 2077 4028 gentili
2131 3975 2182 4011 et
2237 3974 2446 4026 paterno
2505 3968 2735 4032 exemplo

1710 4045 1998 4102 peccaverit.

1785 4134 1803 4166 t
1821 4136 1838 4166 ι
1854 4157 1865 4167 .
1914 4120 2239 4169 Prodendam.
2285 4123 2350 4168 Es
2399 4137 2498 4170 vox
2548 4140 2640 4172 nee
2689 4127 2742 4175 in
