<?xml version="1.0" encoding="UTF-8"?>
<!DOCTYPE html PUBLIC "-//W3C//DTD XHTML 1.0 Transitional//EN"
    "http://www.w3.org/TR/xhtml1/DTD/xhtml1-transitional.dtd">
<html xmlns="http://www.w3.org/1999/xhtml" xml:lang="en" lang="en">
 <head>
  <title>
</title>
<meta http-equiv="Content-Type" content="text/html;charset=utf-8" />
  <meta name='ocr-system' content='tesseract 3.04.00' />
  <meta name='ocr-capabilities' content='ocr_page ocr_carea ocr_par ocr_line ocrx_word'/>
</head>
<body>
  <div class='ocr_page' id='page_1' title='image "./mtciceronisquae06lemagoog_0249.png"; bbox 0 0 2994 4778; ppageno 0'>
   <div class='ocr_carea' id='block_1_1' title="bbox 229 445 2367 2303">
    <p class='ocr_par' dir='ltr' id='par_1_1' title="bbox 229 445 2367 2303">
     <span class='ocr_line' id='line_1_1' title="bbox 691 445 2365 546; baseline 0.002 -31"><span class='ocrx_word' id='word_1_1' title='bbox 691 445 1075 515; x_wconf 85' lang='lat' dir='ltr'><strong>ORATIO</strong></span> <span class='ocrx_word' id='word_1_2' title='bbox 1126 448 1337 515; x_wconf 88' lang='lat' dir='ltr'>PRO</span> <span class='ocrx_word' id='word_1_3' title='bbox 1386 445 1484 514; x_wconf 89' lang='lat' dir='ltr'>M.</span> <span class='ocrx_word' id='word_1_4' title='bbox 1537 446 1933 514; x_wconf 87' lang='lat' dir='ltr'><strong>COELIO.</strong></span> <span class='ocrx_word' id='word_1_5' title='bbox 2225 447 2365 546; x_wconf 85' lang='lat'>239</span> 
     </span>
     <span class='ocr_line' id='line_1_2' title="bbox 235 562 2364 663; baseline 0.001 -25"><span class='ocrx_word' id='word_1_6' title='bbox 235 568 534 662; x_wconf 77' lang='lat' dir='ltr'>gloriam</span> <span class='ocrx_word' id='word_1_7' title='bbox 555 619 577 653; x_wconf 92' lang='lat'>,</span> <span class='ocrx_word' id='word_1_8' title='bbox 615 565 1074 663; x_wconf 81' lang='lat' dir='ltr'>dignitatem3</span> <span class='ocrx_word' id='word_1_9' title='bbox 1107 567 1189 651; x_wconf 85' lang='lat' dir='ltr'>iis</span> <span class='ocrx_word' id='word_1_10' title='bbox 1220 580 1459 636; x_wconf 87' lang='lat' dir='ltr'>autem</span> <span class='ocrx_word' id='word_1_11' title='bbox 1497 562 1633 635; x_wconf 87' lang='lat' dir='ltr'>fuit</span> <span class='ocrx_word' id='word_1_12' title='bbox 1659 566 1980 636; x_wconf 84' lang='lat' dir='ltr'>amicitiis</span> <span class='ocrx_word' id='word_1_13' title='bbox 2012 568 2364 663; x_wconf 88' lang='lat' dir='ltr'>majorum</span> 
     </span>
     <span class='ocr_line' id='line_1_3' title="bbox 240 673 2364 775; baseline 0.002 -30"><span class='ocrx_word' id='word_1_14' title='bbox 240 692 413 745; x_wconf 87' lang='lat' dir='ltr'>natu</span> <span class='ocrx_word' id='word_1_15' title='bbox 433 687 486 762; x_wconf 85' lang='lat'>⁷,</span> <span class='ocrx_word' id='word_1_16' title='bbox 541 699 865 772; x_wconf 89' lang='lat' dir='ltr'>quorum</span> <span class='ocrx_word' id='word_1_17' title='bbox 903 676 1175 761; x_wconf 29' lang='lat' dir='ltr'>„imitari</span> <span class='ocrx_word' id='word_1_18' title='bbox 1227 673 1651 745; x_wconf 86' lang='lat' dir='ltr'>industriam</span> <span class='ocrx_word' id='word_1_19' title='bbox 1702 676 2364 775; x_wconf 79' lang='lat' dir='ltr'>continentiamque</span> 
     </span>
     <span class='ocr_line' id='line_1_4' title="bbox 243 780 2359 879; baseline 0.002 -26"><span class='ocrx_word' id='word_1_20' title='bbox 243 786 546 855; x_wconf 82' lang='lat' dir='ltr'>maxime</span> <span class='ocrx_word' id='word_1_21' title='bbox 586 780 892 871; x_wconf 82' lang='lat' dir='ltr'>vellet⁸3</span> <span class='ocrx_word' id='word_1_22' title='bbox 947 784 1031 854; x_wconf 91' lang='lat' dir='ltr'>iis</span> <span class='ocrx_word' id='word_1_23' title='bbox 1072 784 1452 879; x_wconf 73' lang='lat' dir='ltr'>aequalium</span> <span class='ocrx_word' id='word_1_24' title='bbox 1496 782 1748 855; x_wconf 88' lang='lat' dir='ltr'>studiis</span> <span class='ocrx_word' id='word_1_25' title='bbox 1769 795 1824 871; x_wconf 86' lang='grc'>9,</span> <span class='ocrx_word' id='word_1_26' title='bbox 1863 798 1944 853; x_wconf 91' lang='lat' dir='ltr'>ut</span> <span class='ocrx_word' id='word_1_27' title='bbox 1990 785 2359 872; x_wconf 89' lang='lat' dir='ltr'>eumdem,</span> 
     </span>
     <span class='ocr_line' id='line_1_5' title="bbox 241 891 2359 991; baseline 0.001 -28"><span class='ocrx_word' id='word_1_28' title='bbox 241 919 453 990; x_wconf 86' lang='lat' dir='ltr'>quem</span> <span class='ocrx_word' id='word_1_29' title='bbox 523 894 787 991; x_wconf 90' lang='lat' dir='ltr'>optimi</span> <span class='ocrx_word' id='word_1_30' title='bbox 841 918 922 964; x_wconf 88' lang='lat' dir='ltr'>ac</span> <span class='ocrx_word' id='word_1_31' title='bbox 984 891 1444 978; x_wconf 87' lang='lat' dir='ltr'>nobilissimi,</span> <span class='ocrx_word' id='word_1_32' title='bbox 1492 906 1735 989; x_wconf 88' lang='lat' dir='ltr'>petere</span> <span class='ocrx_word' id='word_1_33' title='bbox 1784 916 2073 964; x_wconf 89' lang='lat' dir='ltr'>cursum</span> <span class='ocrx_word' id='word_1_34' title='bbox 2131 894 2359 966; x_wconf 88' lang='lat' dir='ltr'>laudis</span> 
     </span>
     <span class='ocr_line' id='line_1_6' title="bbox 236 1000 2360 1099; baseline 0.002 -28"><span class='ocrx_word' id='word_1_35' title='bbox 236 1002 715 1074; x_wconf 69' lang='lat' dir='ltr'>videreturw.</span> <span class='ocrx_word' id='word_1_36' title='bbox 780 1006 1024 1092; x_wconf 90' lang='lat' dir='ltr'>Quum</span> <span class='ocrx_word' id='word_1_37' title='bbox 1080 1017 1322 1073; x_wconf 88' lang='lat' dir='ltr'>autem</span> <span class='ocrx_word' id='word_1_38' title='bbox 1368 1002 1691 1099; x_wconf 90' lang='lat' dir='ltr'>paullum</span> <span class='ocrx_word' id='word_1_39' title='bbox 1738 1000 1886 1096; x_wconf 85' lang='lat' dir='ltr'>jam</span> <span class='ocrx_word' id='word_1_40' title='bbox 1934 1002 2217 1074; x_wconf 88' lang='lat' dir='ltr'>roboris</span> <span class='ocrx_word' id='word_1_41' title='bbox 2249 1028 2360 1075; x_wconf 90' lang='lat' dir='ltr'>ac·</span> 
     </span>
     <span class='ocr_line' id='line_1_7' title="bbox 233 1108 2363 1211; baseline 0.001 -29"><span class='ocrx_word' id='word_1_42' title='bbox 233 1114 564 1182; x_wconf 84' lang='lat' dir='ltr'>cessisset</span> <span class='ocrx_word' id='word_1_43' title='bbox 599 1114 821 1195; x_wconf 85' lang='lat' dir='ltr'>aetati‚</span> <span class='ocrx_word' id='word_1_44' title='bbox 871 1113 947 1180; x_wconf 89' lang='lat' dir='ltr'>in</span> <span class='ocrx_word' id='word_1_45' title='bbox 984 1108 1291 1181; x_wconf 87' lang='lat' dir='ltr'>Africam</span> <span class='ocrx_word' id='word_1_46' title='bbox 1327 1108 1689 1208; x_wconf 86' lang='lat' dir='ltr'>profectus</span> <span class='ocrx_word' id='word_1_47' title='bbox 1721 1127 1857 1197; x_wconf 91' lang='lat' dir='ltr'>est,</span> <span class='ocrx_word' id='word_1_48' title='bbox 1903 1115 1989 1201; x_wconf 86' lang='lat' dir='ltr'>Q.</span> <span class='ocrx_word' id='word_1_49' title='bbox 2022 1116 2363 1211; x_wconf 89' lang='lat' dir='ltr'>Pompeio</span> 
     </span>
     <span class='ocr_line' id='line_1_8' title="bbox 233 1218 2365 1318; baseline 0.001 -27"><span class='ocrx_word' id='word_1_50' title='bbox 233 1221 663 1318; x_wconf 81' lang='lat' dir='ltr'>proconsuli</span> <span class='ocrx_word' id='word_1_51' title='bbox 718 1218 1368 1308; x_wconf 83' lang='lat' dir='ltr'>contubernalis¹¹‚</span> <span class='ocrx_word' id='word_1_52' title='bbox 1435 1221 1826 1290; x_wconf 85' lang='lat' dir='ltr'>castissimo</span> <span class='ocrx_word' id='word_1_53' title='bbox 1894 1223 2092 1308; x_wconf 85' lang='lat' dir='ltr'>viro,</span> <span class='ocrx_word' id='word_1_54' title='bbox 2147 1238 2365 1318; x_wconf 88' lang='lat' dir='ltr'>atque</span> 
     </span>
     <span class='ocr_line' id='line_1_9' title="bbox 233 1327 2365 1428; baseline 0.001 -28"><span class='ocrx_word' id='word_1_55' title='bbox 233 1331 476 1400; x_wconf 90' lang='lat' dir='ltr'>omnis</span> <span class='ocrx_word' id='word_1_56' title='bbox 517 1327 737 1400; x_wconf 88' lang='lat' dir='ltr'>officii</span> <span class='ocrx_word' id='word_1_57' title='bbox 784 1329 1372 1425; x_wconf 85' lang='lat' dir='ltr'>diligentissimo:</span> <span class='ocrx_word' id='word_1_58' title='bbox 1424 1329 1502 1399; x_wconf 90' lang='lat' dir='ltr'>in</span> <span class='ocrx_word' id='word_1_59' title='bbox 1535 1353 1681 1425; x_wconf 90' lang='lat' dir='ltr'>qua</span> <span class='ocrx_word' id='word_1_60' title='bbox 1728 1331 2094 1426; x_wconf 86' lang='lat' dir='ltr'>provincia</span> <span class='ocrx_word' id='word_1_61' title='bbox 2135 1357 2365 1428; x_wconf 90' lang='lat' dir='ltr'>quum</span> 
     </span>
     <span class='ocr_line' id='line_1_10' title="bbox 229 1439 2366 1536; baseline 0.002 -27"><span class='ocrx_word' id='word_1_62' title='bbox 229 1464 346 1510; x_wconf 88' lang='lat' dir='ltr'>res</span> <span class='ocrx_word' id='word_1_63' title='bbox 407 1453 622 1510; x_wconf 85' lang='lat' dir='ltr'>erant</span> <span class='ocrx_word' id='word_1_64' title='bbox 676 1453 749 1509; x_wconf 92' lang='lat' dir='ltr'>et</span> <span class='ocrx_word' id='word_1_65' title='bbox 806 1439 1294 1536; x_wconf 90' lang='lat' dir='ltr'>possessiones</span> <span class='ocrx_word' id='word_1_66' title='bbox 1339 1452 1695 1535; x_wconf 81' lang='lat' dir='ltr'>paternae‚</span> <span class='ocrx_word' id='word_1_67' title='bbox 1742 1453 1893 1509; x_wconf 89' lang='lat' dir='ltr'>tum</span> <span class='ocrx_word' id='word_1_68' title='bbox 1941 1443 2152 1512; x_wconf 87' lang='lat' dir='ltr'>etiam</span> <span class='ocrx_word' id='word_1_69' title='bbox 2192 1467 2366 1513; x_wconf 92' lang='lat' dir='ltr'>usus</span> 
     </span>
     <span class='ocr_line' id='line_1_11' title="bbox 231 1546 2365 1647; baseline 0.003 -30"><span class='ocrx_word' id='word_1_70' title='bbox 231 1546 538 1644; x_wconf 87' lang='lat' dir='ltr'>quidam</span> <span class='ocrx_word' id='word_1_71' title='bbox 583 1549 1149 1646; x_wconf 79' lang='lat' dir='ltr'>provincialis¹²,</span> <span class='ocrx_word' id='word_1_72' title='bbox 1204 1572 1354 1617; x_wconf 92' lang='lat' dir='ltr'>non</span> <span class='ocrx_word' id='word_1_73' title='bbox 1412 1552 1569 1619; x_wconf 91' lang='lat' dir='ltr'>sine</span> <span class='ocrx_word' id='word_1_74' title='bbox 1620 1572 1833 1620; x_wconf 85' lang='lat' dir='ltr'>causa</span> <span class='ocrx_word' id='word_1_75' title='bbox 1879 1575 1921 1620; x_wconf 93' lang='lat' dir='ltr'>a</span> <span class='ocrx_word' id='word_1_76' title='bbox 1971 1550 2365 1647; x_wconf 84' lang='lat' dir='ltr'>majoribus</span> 
     </span>
     <span class='ocr_line' id='line_1_12' title="bbox 231 1656 2365 1757; baseline 0.003 -30"><span class='ocrx_word' id='word_1_77' title='bbox 231 1658 408 1728; x_wconf 90' lang='lat' dir='ltr'>huic</span> <span class='ocrx_word' id='word_1_78' title='bbox 456 1661 649 1728; x_wconf 80' lang='lat' dir='ltr'>aetati</span> <span class='ocrx_word' id='word_1_79' title='bbox 711 1656 1048 1729; x_wconf 89' lang='lat' dir='ltr'>tributus.</span> <span class='ocrx_word' id='word_1_80' title='bbox 1113 1659 1454 1729; x_wconf 89' lang='lat' dir='ltr'>Discessit</span> <span class='ocrx_word' id='word_1_81' title='bbox 1499 1657 1696 1729; x_wconf 87' lang='lat' dir='ltr'>illinc</span> <span class='ocrx_word' id='word_1_82' title='bbox 1733 1661 2052 1757; x_wconf 86' lang='lat' dir='ltr'>Pompeii</span> <span class='ocrx_word' id='word_1_83' title='bbox 2091 1661 2365 1756; x_wconf 86' lang='lat' dir='ltr'>judicio</span> 
     </span>
     <span class='ocr_line' id='line_1_13' title="bbox 232 1765 2367 1867; baseline 0.003 -30"><span class='ocrx_word' id='word_1_84' title='bbox 232 1765 826 1864; x_wconf 71' lang='lat' dir='ltr'>probatissimus5</span> <span class='ocrx_word' id='word_1_85' title='bbox 860 1782 944 1838; x_wconf 90' lang='lat' dir='ltr'>ut</span> <span class='ocrx_word' id='word_1_86' title='bbox 991 1768 1216 1864; x_wconf 89' lang='lat' dir='ltr'>ipsius</span> <span class='ocrx_word' id='word_1_87' title='bbox 1266 1770 1679 1839; x_wconf 87' lang='lat' dir='ltr'>testimonio</span> <span class='ocrx_word' id='word_1_88' title='bbox 1723 1773 2181 1867; x_wconf 69' lang='lat' dir='ltr'>cognoscetis</span> <span class='ocrx_word' id='word_1_89' title='bbox 2221 1777 2367 1843; x_wconf 91' lang='lat' dir='ltr'>Vo-</span> 
     </span>
     <span class='ocr_line' id='line_1_14' title="bbox 233 1875 2365 1967; baseline 0.002 -20"><span class='ocrx_word' id='word_1_90' title='bbox 233 1877 363 1947; x_wconf 89' lang='lat' dir='ltr'>luit</span> <span class='ocrx_word' id='word_1_91' title='bbox 414 1892 662 1948; x_wconf 87' lang='lat' dir='ltr'>vetere</span> <span class='ocrx_word' id='word_1_92' title='bbox 709 1877 1044 1948; x_wconf 89' lang='lat' dir='ltr'>instituto</span> <span class='ocrx_word' id='word_1_93' title='bbox 1074 1875 1163 1967; x_wconf 78' lang='lat'>¹³,</span> <span class='ocrx_word' id='word_1_94' title='bbox 1216 1902 1468 1948; x_wconf 91' lang='lat' dir='ltr'>eorum</span> <span class='ocrx_word' id='word_1_95' title='bbox 1508 1876 2076 1961; x_wconf 77' lang='lat' dir='ltr'>adolescentium</span> <span class='ocrx_word' id='word_1_96' title='bbox 2120 1905 2365 1951; x_wconf 82' lang='lat' dir='ltr'>exem-</span> 
     </span>
     <span class='ocr_line' id='line_1_15' title="bbox 236 1987 2365 2083; baseline 0.003 -27"><span class='ocrx_word' id='word_1_97' title='bbox 236 1987 355 2083; x_wconf 90' lang='lat' dir='ltr'>plo</span> <span class='ocrx_word' id='word_1_98' title='bbox 375 2041 395 2073; x_wconf 82' lang='lat'>,</span> <span class='ocrx_word' id='word_1_99' title='bbox 429 1987 568 2083; x_wconf 92' lang='lat' dir='ltr'>qui</span> <span class='ocrx_word' id='word_1_100' title='bbox 609 2000 770 2083; x_wconf 86' lang='lat' dir='ltr'>post</span> <span class='ocrx_word' id='word_1_101' title='bbox 798 1987 872 2055; x_wconf 90' lang='lat' dir='ltr'>in</span> <span class='ocrx_word' id='word_1_102' title='bbox 904 1987 1184 2057; x_wconf 88' lang='lat' dir='ltr'>civitate</span> <span class='ocrx_word' id='word_1_103' title='bbox 1217 1988 1479 2058; x_wconf 87' lang='lat' dir='ltr'>summi</span> <span class='ocrx_word' id='word_1_104' title='bbox 1511 1989 1643 2059; x_wconf 85' lang='lat' dir='ltr'>viri</span> <span class='ocrx_word' id='word_1_105' title='bbox 1681 2002 1750 2058; x_wconf 88' lang='lat' dir='ltr'>et</span> <span class='ocrx_word' id='word_1_106' title='bbox 1786 1988 2146 2060; x_wconf 86' lang='lat' dir='ltr'>clarissimi</span> <span class='ocrx_word' id='word_1_107' title='bbox 2180 1992 2365 2062; x_wconf 88' lang='lat' dir='ltr'>cives</span> 
     </span>
     <span class='ocr_line' id='line_1_16' title="bbox 238 2094 2363 2194; baseline 0.002 -27"><span class='ocrx_word' id='word_1_108' title='bbox 238 2099 702 2182; x_wconf 86' lang='lat' dir='ltr'>exstiterunt,</span> <span class='ocrx_word' id='word_1_109' title='bbox 741 2094 1162 2167; x_wconf 88' lang='lat' dir='ltr'>industriam</span> <span class='ocrx_word' id='word_1_110' title='bbox 1221 2121 1423 2167; x_wconf 87' lang='lat' dir='ltr'>suam</span> <span class='ocrx_word' id='word_1_111' title='bbox 1484 2121 1526 2167; x_wconf 89' lang='lat' dir='ltr'>a</span> <span class='ocrx_word' id='word_1_112' title='bbox 1587 2096 1859 2194; x_wconf 90' lang='lat' dir='ltr'>populo</span> <span class='ocrx_word' id='word_1_113' title='bbox 1913 2121 2214 2171; x_wconf 84' lang='lat' dir='ltr'>romano</span> <span class='ocrx_word' id='word_1_114' title='bbox 2276 2126 2363 2172; x_wconf 83' lang='lat' dir='ltr'>ex</span> 
     </span>
     <span class='ocr_line' id='line_1_17' title="bbox 239 2205 1727 2303; baseline -0.002 -26"><span class='ocrx_word' id='word_1_115' title='bbox 239 2205 473 2303; x_wconf 86' lang='lat' dir='ltr'>aliqua</span> <span class='ocrx_word' id='word_1_116' title='bbox 508 2205 767 2276; x_wconf 85' lang='lat' dir='ltr'>illustri</span> <span class='ocrx_word' id='word_1_117' title='bbox 801 2208 1337 2278; x_wconf 47' lang='lat' dir='ltr'>accusatione*</span> <span class='ocrx_word' id='word_1_118' title='bbox 1374 2206 1727 2303; x_wconf 85' lang='lat' dir='ltr'>cognosci.</span> 
     </span>
    </p>
   </div>
   <div class='ocr_carea' id='block_1_2' title="bbox 225 2345 2365 2649">
    <p class='ocr_par' dir='ltr' id='par_1_2' title="bbox 225 2345 2365 2649">
     <span class='ocr_line' id='line_1_18' title="bbox 315 2345 2359 2416; baseline 0.001 -20"><span class='ocrx_word' id='word_1_119' title='bbox 315 2364 359 2408; x_wconf 84' lang='lat'>7.</span> <span class='ocrx_word' id='word_1_120' title='bbox 393 2346 639 2396; x_wconf 68' lang='lat' dir='ltr'>Amieiciis</span> <span class='ocrx_word' id='word_1_121' title='bbox 681 2345 920 2416; x_wconf 78' lang='lat' dir='ltr'>majerum</span> <span class='ocrx_word' id='word_1_122' title='bbox 956 2358 1093 2397; x_wconf 77' lang='lat' dir='ltr'>naeu.</span> <span class='ocrx_word' id='word_1_123' title='bbox 1133 2347 1261 2396; x_wconf 83' lang='lat' dir='ltr'>Vide</span> <span class='ocrx_word' id='word_1_124' title='bbox 1346 2359 1459 2397; x_wconf 89' lang='lat' dir='ltr'>ante</span> <span class='ocrx_word' id='word_1_125' title='bbox 1482 2348 1536 2397; x_wconf 89' lang='lat' dir='ltr'>in</span> <span class='ocrx_word' id='word_1_126' title='bbox 1554 2349 1683 2415; x_wconf 83' lang='lat' dir='ltr'>-ipso</span> <span class='ocrx_word' id='word_1_127' title='bbox 1715 2363 1858 2397; x_wconf 87' lang='lat' dir='ltr'>cursu</span> <span class='ocrx_word' id='word_1_128' title='bbox 1887 2347 2179 2409; x_wconf 78' lang='lat' dir='ltr'>obruantur,</span> <span class='ocrx_word' id='word_1_129' title='bbox 2215 2366 2359 2415; x_wconf 87' lang='lat' dir='ltr'>quam</span> 
     </span>
     <span class='ocr_line' id='line_1_19' title="bbox 247 2426 2363 2494; baseline 0.002 -20"><span class='ocrx_word' id='word_1_130' title='bbox 247 2426 372 2475; x_wconf 83' lang='lat' dir='ltr'>dieta</span> <span class='ocrx_word' id='word_1_131' title='bbox 396 2428 460 2475; x_wconf 86' lang='lat' dir='ltr'>ad</span> <span class='ocrx_word' id='word_1_132' title='bbox 481 2444 596 2491; x_wconf 82' lang='lat' dir='ltr'>cap.</span> <span class='ocrx_word' id='word_1_133' title='bbox 617 2429 672 2486; x_wconf 73' lang='grc'>4.</span> <span class='ocrx_word' id='word_1_134' title='bbox 691 2429 754 2475; x_wconf 81' lang='lat' dir='ltr'>Et</span> <span class='ocrx_word' id='word_1_135' title='bbox 775 2427 1095 2491; x_wconf 76' lang='lat' dir='ltr'>Xenophont.</span> <span class='ocrx_word' id='word_1_136' title='bbox 1117 2427 1259 2474; x_wconf 86' lang='lat' dir='ltr'>initio</span> <span class='ocrx_word' id='word_1_137' title='bbox 1349 2439 1547 2493; x_wconf 87' lang='lat' dir='ltr'>portum</span> <span class='ocrx_word' id='word_1_138' title='bbox 1569 2430 1849 2494; x_wconf 75' lang='lat' dir='ltr'>conspicere</span> <span class='ocrx_word' id='word_1_139' title='bbox 1867 2439 2131 2492; x_wconf 84' lang='lat' dir='ltr'>potuerunt</span> <span class='ocrx_word' id='word_1_140' title='bbox 2150 2432 2162 2478; x_wconf 90' lang='lat' dir='ltr'>l</span> <span class='ocrx_word' id='word_1_141' title='bbox 2184 2452 2210 2473; x_wconf 78' lang='grc' dir='ltr'>ι·</span> <span class='ocrx_word' id='word_1_142' title='bbox 2236 2432 2363 2481; x_wconf 79' lang='lat' dir='ltr'>Vide</span> 
     </span>
     <span class='ocr_line' id='line_1_20' title="bbox 247 2505 2153 2572; baseline 0.002 -20"><span class='ocrx_word' id='word_1_143' title='bbox 247 2506 334 2553; x_wconf 83' lang='lat' dir='ltr'>lib.</span> <span class='ocrx_word' id='word_1_144' title='bbox 369 2510 437 2553; x_wconf 76' lang='lat' dir='ltr'>IV</span> <span class='ocrx_word' id='word_1_145' title='bbox 476 2505 791 2555; x_wconf 78' lang='lat' dir='ltr'>Memorabil.</span> <span class='ocrx_word' id='word_1_146' title='bbox 826 2505 886 2553; x_wconf 86' lang='lat' dir='ltr'>de</span> <span class='ocrx_word' id='word_1_147' title='bbox 920 2505 1258 2569; x_wconf 78' lang='lat' dir='ltr'>Euthydemo,</span> <span class='ocrx_word' id='word_1_148' title='bbox 1346 2508 1410 2556; x_wconf 91' lang='lat' dir='ltr'>de</span> <span class='ocrx_word' id='word_1_149' title='bbox 1426 2507 1578 2559; x_wconf 86' lang='lat' dir='ltr'>Claris</span> <span class='ocrx_word' id='word_1_150' title='bbox 1597 2507 1882 2556; x_wconf 71' lang='lat' dir='ltr'>Oratoribus</span> <span class='ocrx_word' id='word_1_151' title='bbox 1904 2524 2013 2572; x_wconf 89' lang='lat' dir='ltr'>cap.</span> <span class='ocrx_word' id='word_1_152' title='bbox 2037 2511 2153 2568; x_wconf 81' lang='lat'><strong>3⁰7·</strong></span> 
     </span>
     <span class='ocr_line' id='line_1_21' title="bbox 225 2584 2365 2649; baseline 0.003 -21"><span class='ocrx_word' id='word_1_153' title='bbox 225 2587 328 2647; x_wconf 62' lang='lat' dir='ltr'>qui</span> <span class='ocrx_word' id='word_1_154' title='bbox 352 2588 586 2647; x_wconf 82' lang='lat' dir='ltr'>majorum</span> <span class='ocrx_word' id='word_1_155' title='bbox 616 2596 739 2633; x_wconf 85' lang='lat' dir='ltr'>natu</span> <span class='ocrx_word' id='word_1_156' title='bbox 764 2596 814 2633; x_wconf 84' lang='lat' dir='ltr'>et</span> <span class='ocrx_word' id='word_1_157' title='bbox 849 2584 1151 2633; x_wconf 86' lang='lat' dir='ltr'>eruditorum</span> <span class='ocrx_word' id='word_1_158' title='bbox 1186 2601 1263 2634; x_wconf 84' lang='lat' dir='ltr'>so·</span> <span class='ocrx_word' id='word_1_159' title='bbox 1423 2603 1505 2636; x_wconf 80' lang='grc' dir='ltr'>ιι.</span> <span class='ocrx_word' id='word_1_160' title='bbox 1563 2586 1946 2635; x_wconf 75' lang='lat' dir='ltr'>Contubernalis.</span> <span class='ocrx_word' id='word_1_161' title='bbox 2002 2588 2199 2649; x_wconf 85' lang='lat' dir='ltr'>Optima</span> <span class='ocrx_word' id='word_1_162' title='bbox 2248 2596 2365 2635; x_wconf 87' lang='lat' dir='ltr'>tnnc</span> 
     </span>
    </p>
   </div>
   <div class='ocr_carea' id='block_1_3' title="bbox 238 2664 2367 2730">
    <p class='ocr_par' dir='ltr' id='par_1_3' title="bbox 238 2664 2367 2730">
     <span class='ocr_line' id='line_1_22' title="bbox 238 2664 2367 2730; baseline 0 -19"><span class='ocrx_word' id='word_1_163' title='bbox 238 2666 454 2714; x_wconf 71' lang='lat' dir='ltr'>detatem</span> <span class='ocrx_word' id='word_1_164' title='bbox 477 2665 721 2729; x_wconf 78' lang='lat' dir='ltr'>fugiebat.</span> <span class='ocrx_word' id='word_1_165' title='bbox 1347 2676 1448 2714; x_wconf 89' lang='lat' dir='ltr'>erat</span> <span class='ocrx_word' id='word_1_166' title='bbox 1465 2665 1843 2714; x_wconf 80' lang='lat' dir='ltr'>adolescentium</span> <span class='ocrx_word' id='word_1_167' title='bbox 1863 2664 2137 2728; x_wconf 74' lang='lat' dir='ltr'>disciplina,</span> <span class='ocrx_word' id='word_1_168' title='bbox 2162 2674 2217 2711; x_wconf 89' lang='lat' dir='ltr'>nt</span> <span class='ocrx_word' id='word_1_169' title='bbox 2234 2665 2367 2730; x_wconf 81' lang='lat' dir='ltr'>apud</span> 
     </span>
    </p>
   </div>
   <div class='ocr_carea' id='block_1_4' title="bbox 223 2744 1259 4228">
    <p class='ocr_par' dir='ltr' id='par_1_4' title="bbox 306 2744 737 2794">
     <span class='ocr_line' id='line_1_23' title="bbox 306 2744 737 2794; baseline -0.005 -1"><span class='ocrx_word' id='word_1_170' title='bbox 306 2746 353 2793; x_wconf 80' lang='lat'>8.</span> <span class='ocrx_word' id='word_1_171' title='bbox 384 2745 562 2794; x_wconf 79' lang='lat' dir='ltr'>Vellet.</span> <span class='ocrx_word' id='word_1_172' title='bbox 583 2744 737 2791; x_wconf 81' lang='lat' dir='ltr'>Velit.</span> 
     </span>
    </p>

    <p class='ocr_par' dir='ltr' id='par_1_5' title="bbox 225 2821 1259 3585">
     <span class='ocr_line' id='line_1_24' title="bbox 301 2821 1258 2888; baseline -0.001 -16"><span class='ocrx_word' id='word_1_173' title='bbox 301 2840 351 2886; x_wconf 87' lang='lat'>9.</span> <span class='ocrx_word' id='word_1_174' title='bbox 379 2826 441 2872; x_wconf 86' lang='lat' dir='ltr'>In</span> <span class='ocrx_word' id='word_1_175' title='bbox 470 2822 744 2888; x_wconf 78' lang='lat' dir='ltr'>oequalinm</span> <span class='ocrx_word' id='word_1_176' title='bbox 779 2821 970 2871; x_wconf 75' lang='lat' dir='ltr'>studiis.</span> <span class='ocrx_word' id='word_1_177' title='bbox 995 2823 1087 2871; x_wconf 80' lang='lat' dir='ltr'>Vel</span> <span class='ocrx_word' id='word_1_178' title='bbox 1121 2823 1258 2886; x_wconf 88' lang='lat' dir='ltr'>qnod</span> 
     </span>
     <span class='ocr_line' id='line_1_25' title="bbox 231 2901 1258 2967; baseline 0 -17"><span class='ocrx_word' id='word_1_179' title='bbox 231 2919 341 2950; x_wconf 84' lang='lat' dir='ltr'>eum</span> <span class='ocrx_word' id='word_1_180' title='bbox 359 2903 573 2967; x_wconf 65' lang='lat' dir='ltr'>equales</span> <span class='ocrx_word' id='word_1_181' title='bbox 592 2901 924 2960; x_wconf 68' lang='lat' dir='ltr'>observarent,</span> <span class='ocrx_word' id='word_1_182' title='bbox 940 2902 1258 2965; x_wconf 86' lang='lat' dir='ltr'>quemadmo-</span> 
     </span>
     <span class='ocr_line' id='line_1_26' title="bbox 233 2979 1257 3044; baseline 0.001 -18"><span class='ocrx_word' id='word_1_183' title='bbox 233 2979 352 3028; x_wconf 89' lang='lat' dir='ltr'>dum</span> <span class='ocrx_word' id='word_1_184' title='bbox 370 2983 658 3030; x_wconf 78' lang='lat' dir='ltr'>Ciceronem</span> <span class='ocrx_word' id='word_1_185' title='bbox 689 2979 848 3027; x_wconf 87' lang='lat' dir='ltr'>adhuc</span> <span class='ocrx_word' id='word_1_186' title='bbox 878 2996 1084 3044; x_wconf 86' lang='lat' dir='ltr'>puerum</span> <span class='ocrx_word' id='word_1_187' title='bbox 1110 2981 1257 3029; x_wconf 87' lang='lat' dir='ltr'>nobi-</span> 
     </span>
     <span class='ocr_line' id='line_1_27' title="bbox 227 3058 1256 3123; baseline 0.002 -17"><span class='ocrx_word' id='word_1_188' title='bbox 227 3060 301 3108; x_wconf 87' lang='lat' dir='ltr'>les</span> <span class='ocrx_word' id='word_1_189' title='bbox 348 3059 677 3123; x_wconf 64' lang='lat' dir='ltr'>condiscipuli</span> <span class='ocrx_word' id='word_1_190' title='bbox 721 3058 788 3106; x_wconf 91' lang='lat' dir='ltr'>ob</span> <span class='ocrx_word' id='word_1_191' title='bbox 835 3059 1081 3123; x_wconf 75' lang='lat' dir='ltr'>ingenim</span> <span class='ocrx_word' id='word_1_192' title='bbox 1134 3060 1256 3108; x_wconf 84' lang='lat' dir='ltr'>tanti</span> 
     </span>
     <span class='ocr_line' id='line_1_28' title="bbox 227 3137 1256 3200; baseline -0.001 -13"><span class='ocrx_word' id='word_1_193' title='bbox 227 3139 506 3196; x_wconf 76' lang='lat' dir='ltr'>faciebant,</span> <span class='ocrx_word' id='word_1_194' title='bbox 534 3150 592 3186; x_wconf 88' lang='lat' dir='ltr'>nt</span> <span class='ocrx_word' id='word_1_195' title='bbox 630 3153 743 3185; x_wconf 88' lang='lat' dir='ltr'>eum</span> <span class='ocrx_word' id='word_1_196' title='bbox 783 3137 986 3200; x_wconf 79' lang='lat' dir='ltr'>singulis</span> <span class='ocrx_word' id='word_1_197' title='bbox 1021 3138 1192 3186; x_wconf 87' lang='lat' dir='ltr'>diebus</span> <span class='ocrx_word' id='word_1_198' title='bbox 1228 3154 1256 3186; x_wconf 91' lang='lat' dir='ltr'>e</span> 
     </span>
     <span class='ocr_line' id='line_1_29' title="bbox 225 3216 1259 3267; baseline -0.001 -1"><span class='ocrx_word' id='word_1_199' title='bbox 225 3219 415 3267; x_wconf 82' lang='lat' dir='ltr'>scholis</span> <span class='ocrx_word' id='word_1_200' title='bbox 440 3218 726 3266; x_wconf 80' lang='lat' dir='ltr'>redeuntem</span> <span class='ocrx_word' id='word_1_201' title='bbox 755 3216 956 3264; x_wconf 87' lang='lat' dir='ltr'>honoris</span> <span class='ocrx_word' id='word_1_202' title='bbox 996 3233 1137 3265; x_wconf 83' lang='lat' dir='ltr'>causa</span> <span class='ocrx_word' id='word_1_203' title='bbox 1168 3217 1259 3265; x_wconf 86' lang='lat' dir='ltr'>do-</span> 
     </span>
     <span class='ocr_line' id='line_1_30' title="bbox 227 3294 1257 3358; baseline -0.004 -12"><span class='ocrx_word' id='word_1_204' title='bbox 227 3315 362 3346; x_wconf 81' lang='lat' dir='ltr'>mum</span> <span class='ocrx_word' id='word_1_205' title='bbox 384 3298 706 3354; x_wconf 86' lang='lat' dir='ltr'>deducerent;</span> <span class='ocrx_word' id='word_1_206' title='bbox 740 3294 820 3342; x_wconf 84' lang='lat' dir='ltr'>vel</span> <span class='ocrx_word' id='word_1_207' title='bbox 847 3294 983 3358; x_wconf 90' lang='lat' dir='ltr'>quod</span> <span class='ocrx_word' id='word_1_208' title='bbox 1009 3295 1257 3343; x_wconf 66' lang='lat' dir='ltr'>emulare-</span> 
     </span>
     <span class='ocr_line' id='line_1_31' title="bbox 228 3373 1256 3441; baseline -0.002 -17"><span class='ocrx_word' id='word_1_209' title='bbox 228 3390 308 3424; x_wconf 86' lang='lat' dir='ltr'>tur</span> <span class='ocrx_word' id='word_1_210' title='bbox 335 3377 600 3441; x_wconf 74' lang='lat' dir='ltr'>aeqnalinm</span> <span class='ocrx_word' id='word_1_211' title='bbox 625 3373 813 3432; x_wconf 82' lang='lat' dir='ltr'>studia,</span> <span class='ocrx_word' id='word_1_212' title='bbox 837 3384 885 3420; x_wconf 91' lang='lat' dir='ltr'>et</span> <span class='ocrx_word' id='word_1_213' title='bbox 912 3389 1023 3421; x_wconf 89' lang='lat' dir='ltr'>cnm</span> <span class='ocrx_word' id='word_1_214' title='bbox 1052 3373 1256 3437; x_wconf 87' lang='lat' dir='ltr'>quibus-</span> 
     </span>
     <span class='ocr_line' id='line_1_32' title="bbox 226 3451 1258 3520; baseline -0.002 -17"><span class='ocrx_word' id='word_1_215' title='bbox 226 3458 301 3503; x_wconf 78' lang='lat' dir='ltr'>vis</span> <span class='ocrx_word' id='word_1_216' title='bbox 322 3456 530 3520; x_wconf 84' lang='lat' dir='ltr'>iugenio</span> <span class='ocrx_word' id='word_1_217' title='bbox 547 3489 563 3513; x_wconf 94' lang='lat'>,</span> <span class='ocrx_word' id='word_1_218' title='bbox 591 3455 774 3501; x_wconf 86' lang='lat' dir='ltr'>virtute</span> <span class='ocrx_word' id='word_1_219' title='bbox 801 3451 1132 3516; x_wconf 69' lang='lat' dir='ltr'>industriaque</span> <span class='ocrx_word' id='word_1_220' title='bbox 1154 3469 1258 3501; x_wconf 85' lang='lat' dir='ltr'>cer-</span> 
     </span>
     <span class='ocr_line' id='line_1_33' title="bbox 227 3548 369 3585; baseline 0 -1"><span class='ocrx_word' id='word_1_221' title='bbox 227 3548 369 3585; x_wconf 65' lang='lat' dir='ltr'>titel.</span> 
     </span>
    </p>

    <p class='ocr_par' dir='ltr' id='par_1_6' title="bbox 223 3610 1258 4228">
     <span class='ocr_line' id='line_1_34' title="bbox 300 3610 1253 3664; baseline -0.003 -2"><span class='ocrx_word' id='word_1_222' title='bbox 300 3631 319 3662; x_wconf 79' lang='lat' dir='ltr'>x</span> <span class='ocrx_word' id='word_1_223' title='bbox 329 3631 385 3664; x_wconf 88' lang='grc' dir='ltr'>ο.</span> <span class='ocrx_word' id='word_1_224' title='bbox 401 3618 574 3663; x_wconf 77' lang='lat' dir='ltr'>Petere</span> <span class='ocrx_word' id='word_1_225' title='bbox 590 3627 786 3661; x_wconf 81' lang='lat' dir='ltr'>cursum</span> <span class='ocrx_word' id='word_1_226' title='bbox 808 3610 970 3659; x_wconf 75' lang='lat' dir='ltr'>laudis</span> <span class='ocrx_word' id='word_1_227' title='bbox 988 3610 1253 3659; x_wconf 77' lang='lat' dir='ltr'>videretur.</span> 
     </span>
     <span class='ocr_line' id='line_1_35' title="bbox 226 3688 1258 3748; baseline -0.002 -10"><span class='ocrx_word' id='word_1_228' title='bbox 226 3696 367 3741; x_wconf 76' lang='lat' dir='ltr'>Voce</span> <span class='ocrx_word' id='word_1_229' title='bbox 403 3692 636 3740; x_wconf 83' lang='lat' dir='ltr'>translata</span> <span class='ocrx_word' id='word_1_230' title='bbox 669 3691 745 3738; x_wconf 80' lang='lat' dir='ltr'>vel</span> <span class='ocrx_word' id='word_1_231' title='bbox 782 3707 809 3737; x_wconf 86' lang='lat' dir='ltr'>a</span> <span class='ocrx_word' id='word_1_232' title='bbox 840 3688 1093 3748; x_wconf 84' lang='lat' dir='ltr'>curribus,</span> <span class='ocrx_word' id='word_1_233' title='bbox 1127 3689 1258 3737; x_wconf 80' lang='lat' dir='ltr'>vela</span> 
     </span>
     <span class='ocr_line' id='line_1_36' title="bbox 227 3766 1256 3833; baseline -0.004 -15"><span class='ocrx_word' id='word_1_234' title='bbox 227 3771 442 3818; x_wconf 78' lang='lat' dir='ltr'>navibus</span> <span class='ocrx_word' id='word_1_235' title='bbox 468 3786 580 3833; x_wconf 80' lang='lat' dir='ltr'>quae</span> <span class='ocrx_word' id='word_1_236' title='bbox 608 3770 664 3816; x_wconf 88' lang='lat' dir='ltr'>in</span> <span class='ocrx_word' id='word_1_237' title='bbox 703 3783 833 3815; x_wconf 88' lang='lat' dir='ltr'>mare</span> <span class='ocrx_word' id='word_1_238' title='bbox 867 3766 1147 3815; x_wconf 87' lang='lat' dir='ltr'>decurrunt.</span> <span class='ocrx_word' id='word_1_239' title='bbox 1177 3767 1256 3816; x_wconf 77' lang='lat' dir='ltr'>Ad</span> 
     </span>
     <span class='ocr_line' id='line_1_37' title="bbox 225 3844 1258 3912; baseline -0.005 -15"><span class='ocrx_word' id='word_1_240' title='bbox 225 3863 492 3912; x_wconf 78' lang='lat' dir='ltr'>utramque</span> <span class='ocrx_word' id='word_1_241' title='bbox 511 3847 876 3895; x_wconf 79' lang='lat' dir='ltr'>translationem</span> <span class='ocrx_word' id='word_1_242' title='bbox 898 3844 1072 3892; x_wconf 85' lang='lat' dir='ltr'>alludit</span> <span class='ocrx_word' id='word_1_243' title='bbox 1088 3844 1173 3892; x_wconf 89' lang='lat' dir='ltr'>lib.</span> <span class='ocrx_word' id='word_1_244' title='bbox 1184 3848 1258 3892; x_wconf 93' lang='lat'>111</span> 
     </span>
     <span class='ocr_line' id='line_1_38' title="bbox 224 3924 1257 3986; baseline -0.005 -11"><span class='ocrx_word' id='word_1_245' title='bbox 224 3929 287 3975; x_wconf 87' lang='lat' dir='ltr'>de</span> <span class='ocrx_word' id='word_1_246' title='bbox 303 3930 459 3976; x_wconf 84' lang='lat' dir='ltr'>Orat.</span> <span class='ocrx_word' id='word_1_247' title='bbox 486 3947 511 3969; x_wconf 76' lang='grc' dir='ltr'>ι</span> <span class='ocrx_word' id='word_1_248' title='bbox 528 3928 573 3974; x_wconf 91' lang='lat'>0</span> <span class='ocrx_word' id='word_1_249' title='bbox 600 3924 817 3973; x_wconf 77' lang='lat' dir='ltr'>fallacem</span> <span class='ocrx_word' id='word_1_250' title='bbox 834 3924 1086 3971; x_wconf 87' lang='lat' dir='ltr'>bominum</span> <span class='ocrx_word' id='word_1_251' title='bbox 1106 3939 1257 3986; x_wconf 87' lang='lat' dir='ltr'>spem,</span> 
     </span>
     <span class='ocr_line' id='line_1_39' title="bbox 224 4003 1254 4070; baseline -0.006 -15"><span class='ocrx_word' id='word_1_252' title='bbox 224 4006 551 4070; x_wconf 77' lang='lat' dir='ltr'>fragilemque</span> <span class='ocrx_word' id='word_1_253' title='bbox 580 4005 853 4061; x_wconf 80' lang='lat' dir='ltr'>fortunam,</span> <span class='ocrx_word' id='word_1_254' title='bbox 889 4012 940 4050; x_wconf 87' lang='lat' dir='ltr'>et</span> <span class='ocrx_word' id='word_1_255' title='bbox 973 4003 1140 4049; x_wconf 82' lang='lat' dir='ltr'>inanes</span> <span class='ocrx_word' id='word_1_256' title='bbox 1166 4019 1254 4049; x_wconf 92' lang='lat' dir='ltr'>no-</span> 
     </span>
     <span class='ocr_line' id='line_1_40' title="bbox 223 4079 1258 4147; baseline -0.006 -13"><span class='ocrx_word' id='word_1_257' title='bbox 223 4098 352 4134; x_wconf 79' lang='lat' dir='ltr'>stras</span> <span class='ocrx_word' id='word_1_258' title='bbox 370 4083 714 4131; x_wconf 73' lang='lat' dir='ltr'>contentiones</span> <span class='ocrx_word' id='word_1_259' title='bbox 728 4115 744 4139; x_wconf 95' lang='lat'>,</span> <span class='ocrx_word' id='word_1_260' title='bbox 762 4096 872 4145; x_wconf 68' lang='lat' dir='ltr'>qun</span> <span class='ocrx_word' id='word_1_261' title='bbox 892 4081 944 4128; x_wconf 91' lang='lat' dir='ltr'>in</span> <span class='ocrx_word' id='word_1_262' title='bbox 970 4079 1132 4127; x_wconf 87' lang='lat' dir='ltr'>medio</span> <span class='ocrx_word' id='word_1_263' title='bbox 1148 4098 1258 4147; x_wconf 85' lang='lat' dir='ltr'>spa-</span> 
     </span>
     <span class='ocr_line' id='line_1_41' title="bbox 224 4163 1258 4228; baseline -0.003 -15"><span class='ocrx_word' id='word_1_264' title='bbox 224 4165 299 4213; x_wconf 82' lang='lat' dir='ltr'>tio</span> <span class='ocrx_word' id='word_1_265' title='bbox 329 4178 473 4228; x_wconf 74' lang='lat' dir='ltr'>saepe</span> <span class='ocrx_word' id='word_1_266' title='bbox 501 4163 816 4226; x_wconf 72' lang='lat' dir='ltr'>franguntur,</span> <span class='ocrx_word' id='word_1_267' title='bbox 846 4169 895 4208; x_wconf 91' lang='lat' dir='ltr'>et</span> <span class='ocrx_word' id='word_1_268' title='bbox 916 4170 1174 4226; x_wconf 83' lang='lat' dir='ltr'>corruunt,</span> <span class='ocrx_word' id='word_1_269' title='bbox 1203 4173 1258 4210; x_wconf 89' lang='lat' dir='ltr'>ut</span> 
     </span>
    </p>
   </div>
   <div class='ocr_carea' id='block_1_5' title="bbox 1341 2743 2369 4224">
    <p class='ocr_par' dir='ltr' id='par_1_7' title="bbox 1341 2743 2369 3201">
     <span class='ocr_line' id='line_1_42' title="bbox 1345 2743 2366 2807; baseline -0.002 -14"><span class='ocrx_word' id='word_1_270' title='bbox 1345 2745 1504 2793; x_wconf 83' lang='lat' dir='ltr'>claros</span> <span class='ocrx_word' id='word_1_271' title='bbox 1533 2746 1667 2792; x_wconf 80' lang='lat' dir='ltr'>viros</span> <span class='ocrx_word' id='word_1_272' title='bbox 1693 2743 2022 2807; x_wconf 77' lang='lat' dir='ltr'>magistratum</span> <span class='ocrx_word' id='word_1_273' title='bbox 2057 2754 2274 2807; x_wconf 73' lang='lat' dir='ltr'>gerentes</span> <span class='ocrx_word' id='word_1_274' title='bbox 2314 2747 2366 2792; x_wconf 90' lang='lat' dir='ltr'>in</span> 
     </span>
     <span class='ocr_line' id='line_1_43' title="bbox 1344 2823 2366 2873; baseline 0 -1"><span class='ocrx_word' id='word_1_275' title='bbox 1344 2823 1668 2873; x_wconf 87' lang='lat' dir='ltr'>contubernio</span> <span class='ocrx_word' id='word_1_276' title='bbox 1696 2824 1937 2872; x_wconf 82' lang='lat' dir='ltr'>viverent.</span> <span class='ocrx_word' id='word_1_277' title='bbox 1981 2824 2062 2870; x_wconf 87' lang='lat' dir='ltr'>Sic</span> <span class='ocrx_word' id='word_1_278' title='bbox 2093 2824 2149 2872; x_wconf 81' lang='lat'>1..</span> <span class='ocrx_word' id='word_1_279' title='bbox 2181 2824 2366 2872; x_wconf 76' lang='lat' dir='ltr'>Gellius</span> 
     </span>
     <span class='ocr_line' id='line_1_44' title="bbox 1345 2901 2367 2965; baseline -0.001 -13"><span class='ocrx_word' id='word_1_280' title='bbox 1345 2904 1400 2952; x_wconf 89' lang='lat' dir='ltr'>C.</span> <span class='ocrx_word' id='word_1_281' title='bbox 1419 2903 1658 2952; x_wconf 87' lang='lat' dir='ltr'>Carbonis</span> <span class='ocrx_word' id='word_1_282' title='bbox 1680 2901 2064 2965; x_wconf 72' lang='lat' dir='ltr'>eloquentissimi</span> <span class='ocrx_word' id='word_1_283' title='bbox 2087 2902 2178 2949; x_wconf 81' lang='lat' dir='ltr'>viri</span> <span class='ocrx_word' id='word_1_284' title='bbox 2199 2914 2367 2951; x_wconf 87' lang='lat' dir='ltr'>contu·</span> 
     </span>
     <span class='ocr_line' id='line_1_45' title="bbox 1341 2981 2362 3038; baseline 0 -9"><span class='ocrx_word' id='word_1_285' title='bbox 1341 2981 1550 3031; x_wconf 86' lang='lat' dir='ltr'>bernalis</span> <span class='ocrx_word' id='word_1_286' title='bbox 1575 2982 1626 3028; x_wconf 91' lang='lat' dir='ltr'>in</span> <span class='ocrx_word' id='word_1_287' title='bbox 1658 2981 1912 3029; x_wconf 75' lang='lat' dir='ltr'>consulatu</span> <span class='ocrx_word' id='word_1_288' title='bbox 1939 2981 2063 3038; x_wconf 76' lang='lat' dir='ltr'>suit,</span> <span class='ocrx_word' id='word_1_289' title='bbox 2088 2993 2142 3029; x_wconf 89' lang='lat' dir='ltr'>ut</span> <span class='ocrx_word' id='word_1_290' title='bbox 2162 2983 2214 3028; x_wconf 91' lang='lat' dir='ltr'>in</span> <span class='ocrx_word' id='word_1_291' title='bbox 2242 2984 2362 3029; x_wconf 85' lang='lat' dir='ltr'>Bru·</span> 
     </span>
     <span class='ocr_line' id='line_1_46' title="bbox 1343 3060 2369 3123; baseline -0.001 -15"><span class='ocrx_word' id='word_1_292' title='bbox 1343 3071 1395 3108; x_wconf 88' lang='lat' dir='ltr'>to</span> <span class='ocrx_word' id='word_1_293' title='bbox 1422 3074 1435 3108; x_wconf 72' lang='grc' dir='ltr'>ε</span> <span class='ocrx_word' id='word_1_294' title='bbox 1475 3064 1548 3108; x_wconf 88' lang='lat' dir='ltr'>sic</span> <span class='ocrx_word' id='word_1_295' title='bbox 1582 3064 1637 3108; x_wconf 78' lang='lat'>1..</span> <span class='ocrx_word' id='word_1_296' title='bbox 1670 3062 1945 3123; x_wconf 80' lang='lat' dir='ltr'>Torquatus</span> <span class='ocrx_word' id='word_1_297' title='bbox 1973 3060 2224 3108; x_wconf 84' lang='lat' dir='ltr'>Ciceronis</span> <span class='ocrx_word' id='word_1_298' title='bbox 2249 3077 2369 3108; x_wconf 90' lang='lat' dir='ltr'>con·</span> 
     </span>
     <span class='ocr_line' id='line_1_47' title="bbox 1342 3136 2081 3201; baseline -0.003 -14"><span class='ocrx_word' id='word_1_299' title='bbox 1342 3137 1486 3198; x_wconf 85' lang='lat' dir='ltr'>sulis,</span> <span class='ocrx_word' id='word_1_300' title='bbox 1514 3149 1567 3185; x_wconf 92' lang='lat' dir='ltr'>ut</span> <span class='ocrx_word' id='word_1_301' title='bbox 1595 3138 1646 3184; x_wconf 89' lang='lat' dir='ltr'>in</span> <span class='ocrx_word' id='word_1_302' title='bbox 1667 3148 1790 3186; x_wconf 89' lang='lat' dir='ltr'>orat.</span> <span class='ocrx_word' id='word_1_303' title='bbox 1811 3153 1904 3201; x_wconf 89' lang='lat' dir='ltr'>pro</span> <span class='ocrx_word' id='word_1_304' title='bbox 1930 3136 2081 3185; x_wconf 84' lang='lat' dir='ltr'>Sulla.</span> 
     </span>
    </p>

    <p class='ocr_par' dir='ltr' id='par_1_8' title="bbox 1341 3214 2365 3739">
     <span class='ocr_line' id='line_1_48' title="bbox 1420 3214 2359 3280; baseline 0 -16"><span class='ocrx_word' id='word_1_305' title='bbox 1420 3234 1501 3267; x_wconf 73' lang='grc' dir='ltr'>ω.</span> <span class='ocrx_word' id='word_1_306' title='bbox 1540 3218 1658 3265; x_wconf 81' lang='lat' dir='ltr'>Usus</span> <span class='ocrx_word' id='word_1_307' title='bbox 1693 3216 1896 3280; x_wconf 76' lang='lat' dir='ltr'>quidam</span> <span class='ocrx_word' id='word_1_308' title='bbox 1922 3214 2253 3279; x_wconf 70' lang='lat' dir='ltr'>provincialis.</span> <span class='ocrx_word' id='word_1_309' title='bbox 2300 3217 2359 3264; x_wconf 89' lang='lat' dir='ltr'>Id</span> 
     </span>
     <span class='ocr_line' id='line_1_49' title="bbox 1345 3295 2362 3357; baseline 0 -13"><span class='ocrx_word' id='word_1_310' title='bbox 1345 3307 1416 3344; x_wconf 91' lang='lat' dir='ltr'>est</span> <span class='ocrx_word' id='word_1_311' title='bbox 1438 3331 1453 3355; x_wconf 92' lang='lat'>,</span> <span class='ocrx_word' id='word_1_312' title='bbox 1515 3297 1752 3356; x_wconf 70' lang='lat' dir='ltr'>maiorum</span> <span class='ocrx_word' id='word_1_313' title='bbox 1806 3296 2063 3351; x_wconf 85' lang='lat' dir='ltr'>instituto,</span> <span class='ocrx_word' id='word_1_314' title='bbox 2114 3295 2200 3357; x_wconf 88' lang='lat' dir='ltr'>qui</span> <span class='ocrx_word' id='word_1_315' title='bbox 2251 3312 2362 3344; x_wconf 88' lang='lat' dir='ltr'>cum</span> 
     </span>
     <span class='ocr_line' id='line_1_50' title="bbox 1345 3373 2363 3440; baseline 0 -16"><span class='ocrx_word' id='word_1_316' title='bbox 1345 3374 1724 3440; x_wconf 73' lang='lat' dir='ltr'>proconsulibus</span> <span class='ocrx_word' id='word_1_317' title='bbox 1741 3373 2071 3422; x_wconf 85' lang='lat' dir='ltr'>adolescentes</span> <span class='ocrx_word' id='word_1_318' title='bbox 2098 3374 2284 3423; x_wconf 89' lang='lat' dir='ltr'>nobiles</span> <span class='ocrx_word' id='word_1_319' title='bbox 2310 3378 2363 3424; x_wconf 87' lang='lat' dir='ltr'>iu</span> 
     </span>
     <span class='ocr_line' id='line_1_51' title="bbox 1343 3453 2365 3519; baseline 0.002 -18"><span class='ocrx_word' id='word_1_320' title='bbox 1343 3455 1621 3519; x_wconf 84' lang='lat' dir='ltr'>provincias</span> <span class='ocrx_word' id='word_1_321' title='bbox 1655 3470 1715 3502; x_wconf 91' lang='lat' dir='ltr'>eo</span> <span class='ocrx_word' id='word_1_322' title='bbox 1754 3453 1962 3501; x_wconf 88' lang='lat' dir='ltr'>consilio</span> <span class='ocrx_word' id='word_1_323' title='bbox 2001 3453 2277 3511; x_wconf 77' lang='lat' dir='ltr'>mittebant,</span> <span class='ocrx_word' id='word_1_324' title='bbox 2308 3466 2365 3503; x_wconf 90' lang='lat' dir='ltr'>ut</span> 
     </span>
     <span class='ocr_line' id='line_1_52' title="bbox 1341 3531 2364 3598; baseline -0.001 -16"><span class='ocrx_word' id='word_1_325' title='bbox 1341 3535 1436 3582; x_wconf 81' lang='lat' dir='ltr'>hoc</span> <span class='ocrx_word' id='word_1_326' title='bbox 1465 3543 1614 3598; x_wconf 84' lang='lat' dir='ltr'>pacto</span> <span class='ocrx_word' id='word_1_327' title='bbox 1654 3532 1717 3580; x_wconf 87' lang='lat' dir='ltr'>ad</span> <span class='ocrx_word' id='word_1_328' title='bbox 1750 3531 2033 3597; x_wconf 71' lang='lat' dir='ltr'>reipublicae</span> <span class='ocrx_word' id='word_1_329' title='bbox 2063 3533 2364 3582; x_wconf 79' lang='lat' dir='ltr'>administra·</span> 
     </span>
     <span class='ocr_line' id='line_1_53' title="bbox 1344 3612 2362 3677; baseline 0.001 -17"><span class='ocrx_word' id='word_1_330' title='bbox 1344 3614 1527 3660; x_wconf 85' lang='lat' dir='ltr'>tionem</span> <span class='ocrx_word' id='word_1_331' title='bbox 1576 3613 1686 3676; x_wconf 86' lang='lat' dir='ltr'>ipso</span> <span class='ocrx_word' id='word_1_332' title='bbox 1744 3627 1836 3659; x_wconf 87' lang='lat' dir='ltr'>usn</span> <span class='ocrx_word' id='word_1_333' title='bbox 1885 3612 2076 3675; x_wconf 86' lang='lat' dir='ltr'>optimo</span> <span class='ocrx_word' id='word_1_334' title='bbox 2130 3614 2362 3677; x_wconf 80' lang='lat' dir='ltr'>magistro</span> 
     </span>
     <span class='ocr_line' id='line_1_54' title="bbox 1345 3691 1664 3739; baseline -0.003 0"><span class='ocrx_word' id='word_1_335' title='bbox 1345 3691 1664 3739; x_wconf 86' lang='lat' dir='ltr'>erudirentur.</span> 
     </span>
    </p>

    <p class='ocr_par' dir='ltr' id='par_1_9' title="bbox 1343 3768 2365 4144">
     <span class='ocr_line' id='line_1_55' title="bbox 1421 3768 2360 3820; baseline 0.001 -1"><span class='ocrx_word' id='word_1_336' title='bbox 1421 3771 1503 3819; x_wconf 83' lang='lat'>13.</span> <span class='ocrx_word' id='word_1_337' title='bbox 1528 3773 1697 3818; x_wconf 81' lang='lat' dir='ltr'>Vetere</span> <span class='ocrx_word' id='word_1_338' title='bbox 1715 3768 1939 3818; x_wconf 70' lang='lat' dir='ltr'>instincto.</span> <span class='ocrx_word' id='word_1_339' title='bbox 1960 3769 2039 3816; x_wconf 80' lang='lat' dir='ltr'>Sic</span> <span class='ocrx_word' id='word_1_340' title='bbox 2063 3769 2116 3817; x_wconf 82' lang='lat' dir='ltr'>in</span> <span class='ocrx_word' id='word_1_341' title='bbox 2141 3771 2360 3820; x_wconf 75' lang='lat' dir='ltr'>Divinat-</span> 
     </span>
     <span class='ocr_line' id='line_1_56' title="bbox 1344 3847 2358 3911; baseline 0.002 -16"><span class='ocrx_word' id='word_1_342' title='bbox 1344 3847 1582 3911; x_wconf 78' lang='lat' dir='ltr'>significat</span> <span class='ocrx_word' id='word_1_343' title='bbox 1608 3858 1746 3895; x_wconf 84' lang='lat' dir='ltr'>vetus</span> <span class='ocrx_word' id='word_1_344' title='bbox 1785 3847 2058 3895; x_wconf 86' lang='lat' dir='ltr'>institutum</span> <span class='ocrx_word' id='word_1_345' title='bbox 2096 3848 2243 3896; x_wconf 79' lang='lat' dir='ltr'>fuisse</span> <span class='ocrx_word' id='word_1_346' title='bbox 2261 3882 2277 3908; x_wconf 92' lang='lat'>,</span> <span class='ocrx_word' id='word_1_347' title='bbox 2304 3861 2358 3897; x_wconf 92' lang='lat' dir='ltr'>ut</span> 
     </span>
     <span class='ocr_line' id='line_1_57' title="bbox 1344 3925 2360 3989; baseline 0.002 -16"><span class='ocrx_word' id='word_1_348' title='bbox 1344 3925 1677 3973; x_wconf 86' lang='lat' dir='ltr'>adolescentes</span> <span class='ocrx_word' id='word_1_349' title='bbox 1711 3941 1869 3973; x_wconf 88' lang='lat' dir='ltr'>rernm</span> <span class='ocrx_word' id='word_1_350' title='bbox 1905 3925 2184 3989; x_wconf 88' lang='lat' dir='ltr'>capitalium</span> <span class='ocrx_word' id='word_1_351' title='bbox 2221 3942 2360 3976; x_wconf 84' lang='lat' dir='ltr'>accu-</span> 
     </span>
     <span class='ocr_line' id='line_1_58' title="bbox 1344 4003 2365 4068; baseline 0.002 -17"><span class='ocrx_word' id='word_1_352' title='bbox 1344 4004 1551 4051; x_wconf 83' lang='lat' dir='ltr'>sationes</span> <span class='ocrx_word' id='word_1_353' title='bbox 1576 4004 1897 4068; x_wconf 85' lang='lat' dir='ltr'>susciperent,</span> <span class='ocrx_word' id='word_1_354' title='bbox 1918 4003 2058 4066; x_wconf 88' lang='lat' dir='ltr'>quod</span> <span class='ocrx_word' id='word_1_355' title='bbox 2082 4005 2227 4053; x_wconf 82' lang='lat' dir='ltr'>etiam</span> <span class='ocrx_word' id='word_1_356' title='bbox 2252 4004 2365 4053; x_wconf 89' lang='lat' dir='ltr'>Plu·</span> 
     </span>
     <span class='ocr_line' id='line_1_59' title="bbox 1343 4082 2102 4144; baseline 0 -13"><span class='ocrx_word' id='word_1_357' title='bbox 1343 4082 1538 4144; x_wconf 81' lang='lat' dir='ltr'>tarchus</span> <span class='ocrx_word' id='word_1_358' title='bbox 1557 4082 1610 4130; x_wconf 88' lang='lat' dir='ltr'>in</span> <span class='ocrx_word' id='word_1_359' title='bbox 1632 4083 1867 4132; x_wconf 84' lang='lat' dir='ltr'>Cicerone</span> <span class='ocrx_word' id='word_1_360' title='bbox 1884 4092 2102 4131; x_wconf 83' lang='lat' dir='ltr'>testatur.</span> 
     </span>
    </p>

    <p class='ocr_par' dir='ltr' id='par_1_10' title="bbox 1420 4158 2362 4224">
     <span class='ocr_line' id='line_1_60' title="bbox 1420 4158 2362 4224; baseline 0.004 -16"><span class='ocrx_word' id='word_1_361' title='bbox 1420 4177 1440 4208; x_wconf 82' lang='lat'>1</span> <span class='ocrx_word' id='word_1_362' title='bbox 1453 4169 1502 4218; x_wconf 74' lang='grc'>6.</span> <span class='ocrx_word' id='word_1_363' title='bbox 1544 4159 1731 4210; x_wconf 80' lang='lat' dir='ltr'>Illusm‘</span> <span class='ocrx_word' id='word_1_364' title='bbox 1763 4158 2091 4209; x_wconf 75' lang='lat' dir='ltr'>accusatione.</span> <span class='ocrx_word' id='word_1_365' title='bbox 2126 4160 2362 4224; x_wconf 77' lang='lat' dir='ltr'>Apuleius</span> 
     </span>
    </p>
   </div>
  </div>
 </body>
</html>
