2994 4778
638 408 1023 477 ORATIO
1076 408 1272 476 PRO
1321 409 1398 475 T.
1436 409 1519 476 A.
1566 406 2003 475 MILONE.
2228 403 2386 477 535

230 526 516 617 mles-³3
558 527 821 601 deinde
860 530 1024 626 quis
1059 530 1134 599 in
1162 553 1252 600 eo
1279 542 1586 626 praetore
1623 528 1878 598 consul
1918 525 2122 599 fortis
2145 544 2368 615 esset,

233 664 374 737 per
443 662 659 735 quem
733 637 1110 711 tribunum
1136 694 1155 726 ,
1221 639 1456 709 virum
1523 639 1973 709 consularem
2034 638 2369 712 crudelis-

232 752 423 820 sime
451 746 822 818 vexatum4
855 768 1009 819 esse
1041 743 2058 845 meminisset⁵?Opp1-essisset
2090 753 2327 819 omnia
2353 803 2372 831 ,

236 856 684 958 possideret,
716 871 998 930 teneret
1028 886 1043 928 :
1087 858 1242 955 lege
1275 883 1493 943 nova,
1537 882 1697 954 quae
1725 873 1833 930 est
1861 862 2150 929 iuventa
2177 858 2372 956 apud

237 992 418 1040 eum
454 991 624 1038 cum
660 965 959 1064 reliquis
1001 964 1282 1065 legibus
1324 966 1688 1040 Clodianis
1707 965 1764 1054 ⁶,
1807 992 2051 1040 servos
2092 983 2376 1042 nostros

239 1076 546 1149 libertos
601 1100 773 1151 suos
820 1075 1101 1151 fecisset
1118 1090 1168 1148 ⁷.
1228 1082 1641 1165 Postrem0,
1683 1079 1823 1149 nisi
1874 1102 2039 1149 eum
2086 1078 2186 1149 dii
2237 1084 2374 1151 im-

244 1187 587 1260 mortales
614 1188 690 1258 in
733 1212 893 1261 eam
929 1202 1247 1260 mentem
1284 1186 1777 1285 impulissent,
1820 1201 1903 1258 ut
1947 1186 2172 1258 homo
2207 1187 2379 1260 effe-

244 1300 564 1369 minatus
632 1295 1104 1369 fortissimum
1160 1297 1397 1367 virum
1479 1290 1913 1389 conaretur8
1999 1295 2328 1368 occidere
2357 1352 2378 1384 ‚

247 1406 474 1479 hodie
518 1405 1042 1505 rempublicam
1080 1396 1350 1478 nullam
1380 1405 1763 1478 haberetis.

350 1521 464 1589 An
492 1517 611 1589 ille
644 1532 929 1616 praetor,
970 1517 1088 1590 ille
1124 1541 1297 1589 vero
1328 1516 1582 1589 consul
1604 1571 1624 1603 ,
1659 1520 1718 1588 si
1748 1514 1967 1588 modo
2009 1516 2160 1589 haec
2197 1533 2388 1589 tem--

251 1628 374 1727 pla
420 1643 638 1726 atque
683 1632 835 1726 ipsa
880 1630 1147 1700 moenia
1188 1644 1374 1702 stare
1419 1653 1509 1699 eo
1546 1632 1711 1699 vivo
1753 1627 2028 1699 tamdiu
2049 1680 2069 1710 ,
2109 1643 2181 1699 et
2214 1653 2386 1699 con-

250 1738 571 1810 sulatum
599 1740 753 1836 ejus
779 1754 1193 1837 exspectare
1220 1738 1659 1836 potuissent,
1691 1737 1809 1809 ille
1834 1737 2152 1834 denique
2185 1739 2388 1809 vivus

252 1848 428 1922 mali
479 1848 659 1921 nihil
708 1848 1020 1941 fecisset,
1066 1853 1194 1947 qui
1237 1864 1610 1934 mortum,
1661 1873 1812 1918 uno
1863 1874 1955 1919 ex
1997 1854 2146 1920 suis
2182 1849 2387 1922 satel-

256 1957 506 2030 litibus
557 1963 746 2031 Sext.
794 1960 1050 2031 Clodio
1098 1950 1333 2047 duce,
1391 1960 1667 2030 curiam
1718 1957 2168 2030 incenderit?
2221 1961 2390 2048 Quo

252 2068 438 2166 quid
480 2070 840 2157 miserius,
900 2069 1082 2168 quid
1131 2069 1501 2154 acerbius,
1542 2066 1719 2165 quid
1763 2068 2163 2138 luctuosius
2207 2068 2389 2139 vidi-

255 2179 467 2251 mus?
529 2180 908 2277 Templum
979 2180 1370 2251 sanctitatis
1385 2191 1440 2265 9,
1499 2176 2018 2274 amplitudiniS‚
2085 2180 2349 2250 mentis
2374 2233 2392 2261 ,

257 2289 540 2362 consilii
577 2288 848 2386 publici
871 2343 891 2377 ,
936 2303 1155 2387 caput
1205 2287 1514 2374 urbism,
1558 2310 1752 2358 aram
1789 2287 2189 2374 sociorum,
2228 2311 2393 2384 por·

262 2417 422 2473 tum
472 2403 802 2472 omnium
851 2402 1208 2498 gentium,
1266 2399 1511 2470 sedem
1573 2396 1665 2469 ab
1721 2398 2063 2468 universo
2115 2398 2394 2495 populo

258 2533 570 2581 romano
605 2534 1014 2581 concessam
1049 2512 1172 2580 uni
1213 2508 1495 2595 ordini,
1533 2506 1999 2594 inflammari,
2042 2506 2396 2593 exscindi,

263 2617 656 2690 funestari?
679 2643 919 2716 neque
939 2618 1013 2689 id
1039 2617 1197 2690 fieri
1215 2643 1256 2689 a
1276 2616 1740 2690 multitudine
1765 2618 2123 2716 imperita,
2151 2641 2399 2714 quam—

338 2807 391 2855 3.
444 2805 708 2854 Habuissee
741 2821 850 2853 suos
893 2805 1125 2853 eonsules.
1175 2808 1287 2871 uy-
1377 2815 1533 2861 vernt,
1557 2819 1585 2850 ι
1610 2819 1662 2851 ee
1689 2802 1926 2851 Milonem
1955 2804 2061 2850 iore
2092 2802 2395 2851 intersectum

264 2899 453 2951 penum
477 2884 660 2933 scilieet
676 2894 726 2933 et
745 2885 1040 2950 Scipionem.
1375 2885 1501 2931 intre
1523 2883 1670 2931 trium
1690 2882 1876 2930 dierum
1896 2881 2122 2945 spatium.

341 2975 394 3021 4.
432 2965 627 3014 Gruter.
669 2964 922 3013 m'reueem.
944 3001 957 3013 .
978 3002 991 3014 .
1028 2975 1286 3012 vexatam.
1449 2979 1497 3025 9.
1562 2961 1807 3025 Templum
1861 2960 2154 3008 sanctitatis.
2214 2963 2399 3008 Locum

264 3048 318 3095 J.
334 3047 403 3092 V.
428 3047 482 3092 1..
1375 3043 1716 3108 inungui-utum
1729 3073 1744 3097 ‚
1764 3041 1818 3086 in
1839 3055 1939 3102 quo
1958 3039 2178 3087 homines
2202 3040 2401 3088 sanctis·

344 3124 397 3172 5.
421 3122 538 3170 Eue
559 3121 863 3170 meminisset.
890 3123 1137 3171 Tribunus
1162 3122 1289 3169 euim
1378 3119 1488 3167 simi
1518 3113 1777 3165 sententias
1802 3132 1897 3181 pro
1931 3117 2179 3180 republica
2210 3117 2374 3167 senmt
2387 3155 2402 3178 ‚

264 3201 433 3270 plebia
451 3201 678 3260 Clodius,
697 3199 979 3251 Ciceronem
997 3202 1157 3247 virum
1174 3215 1293 3248 con·
1378 3209 1429 3247 et
1445 3198 1533 3246 ubi
1550 3199 1653 3262 ipse
1676 3197 1905 3244 sauctitas
1931 3195 2231 3243 domicilium
2249 3197 2403 3246 collo·

265 3282 482 3332 cuiatem
502 3280 661 3329 modis
682 3279 911 3329 omnibus
932 3290 1217 3336 vexaverat,
1244 3288 1294 3327 et
1380 3278 1524 3326 cavit.
1539 3275 1974 3341 —Amplieudinis.
2000 3275 2300 3339 Asnplissimi
2326 3293 2405 3325 or-

268 3365 326 3412 iu
348 3360 572 3410 exsilium
592 3361 811 3421 eiecerat.
1381 3355 1510 3404 dinis
1547 3354 1797 3404 senatorii.
1821 3381 1890 3390 —
1915 3353 2110 3402 Mentis.
2147 3356 2404 3421 Sapientia

345 3442 401 3490 6.
442 3438 650 3505 Legibus
685 3437 954 3487 Clodianis.
992 3439 1114 3486 Sane
1135 3438 1297 3485 iuven·
1380 3447 1431 3484 et
1462 3434 1753 3500 prudentie.
1790 3441 1858 3471 -'-
1887 3432 2085 3483 Consilii
2102 3434 2307 3497 publici.
2347 3437 2405 3482 In

271 3533 322 3571 ta
360 3530 437 3568 est
481 3518 535 3567 in
561 3518 652 3566 illo
685 3517 927 3574 librario„
952 3516 1091 3580 quod
1132 3528 1297 3565 orator
1384 3532 1484 3580 quo
1510 3516 1571 3562 de
1596 3514 1740 3562 rebus
1761 3514 1984 3562 maximis
2008 3514 2304 3564 consultant.
2335 3541 2404 3551 —-·

271 3603 342 3648 ait
365 3601 415 3648 5.
437 3597 667 3648 Clodium
685 3612 713 3643 e
733 3595 884 3645 domo
908 3595 1122 3643 defuncti
1137 3632 1152 3654 ‚
1177 3606 1298 3644 um·
1384 3600 1558 3643 Aram.
1605 3594 1883 3659 Perfugium
1930 3603 1979 3642 et
2026 3592 2233 3657 asylum.
2279 3594 2404 3642 Nam

271 3694 426 3744 quam
448 3675 714 3742 palladium
731 3674 996 3723 sustulisse.
1384 3675 1508 3723 socii
1528 3710 1543 3735 ,
1595 3674 1786 3736 injuriis
1839 3673 2002 3722 vexati
2020 3706 2037 3732 ,
2086 3675 2290 3721 Romam
2344 3671 2406 3720 ad

351 3773 404 3821 7.
448 3757 613 3803 Servos
641 3765 832 3803 nostros
858 3754 1052 3802 libertos
1086 3752 1296 3817 mosse-
1384 3764 1603 3803 senatum
1642 3751 2024 3815 confugiebant,
2068 3762 2118 3798 et
2155 3750 2271 3797 inde
2310 3753 2411 3799 suis

270 3836 430 3888 ciaet.
461 3837 590 3899 Quia
621 3849 705 3883 eos
723 3834 829 3897 iege
849 3849 934 3881 suu
958 3833 1179 3881 libertate
1203 3832 1296 3880 do·
1386 3833 1620 3898 petebant
1658 3831 2028 3879 calamitatibus·
2047 3829 2299 3876 auxilium.
2341 3858 2407 3865 —

272 3927 464 3974 nasset,
488 3915 581 3962 hue
605 3924 766 3964 mente
791 3923 846 3961 ut
871 3914 934 3962 ab
960 3914 1020 3961 iis
1056 3922 1298 3976 tamquam
1388 3909 1653 3958 Funesean'.
1669 3908 1830 3957 Pollui
1851 3909 2082 3958 cadavere
2099 3908 2412 3972 impurissimi

272 4008 515 4062 patronus
539 3994 812 4041 haberetur.
1392 3989 1606 4037 hominis
1631 3991 1684 4034 P.
1704 3988 1867 4036 Clodii
1884 3988 1951 4036 ibi
1971 3998 2201 4035 cremato.

350 4076 406 4124 8.
458 4074 732 4122 conmeur
778 4069 1014 4118 occidere.
1068 4070 1147 4117 Ad
1200 4070 1305 4117 hnc
1474 4083 1547 4116 ιο.
1567 4069 1692 4117 MSS
1706 4067 1904 4130 quidum
1920 4079 1970 4115 et
1984 4067 2061 4115 ed.
2083 4071 2114 4117 J
2119 4078 2222 4114 unt.
2237 4066 2414 4113 buben!

278 4152 447 4203 Clodii
485 4151 633 4200 verba
667 4148 868 4209 alludit,
905 4149 1082 4213 quibus
1110 4150 1302 4210 jactita-
1393 4147 1542 4196 orbis.
1567 4148 1714 4196 Male.
1741 4146 1790 4196 J.
1815 4149 1873 4195 V.
1905 4149 1966 4193 L.
