2994 4778
617 428 1012 498 onA‘rlo
1060 430 1167 500 m
1217 430 1297 498 L.
1345 431 1424 499 c.
1478 429 1974 499 PISONEM.
2224 427 2355 527 391

237 565 385 635 tor,
414 547 537 620 sed
577 563 660 621 ut
685 564 1017 621 mortuus
1047 548 1329 621 infamis
1355 549 1609 622 referri
1636 549 2019 621 videretur.
2062 554 2365 624 Romam

236 683 418 731 vero
456 660 685 755 ipsam
730 656 1104 730 foedavit¹²
1156 659 1508 731 adventus
1549 674 1738 731 tuus.

340 771 598 840 XXIII.
639 771 703 837 Ο
744 767 1090 855 familiae¹,
1126 794 1279 840 non
1314 769 1544 841 dicam
1589 769 2029 866 Calpurniae,
2063 768 2186 839 sed
2216 770 2371 841 Cal-

237 878 535 964 ventiae3
574 901 816 973 neque
847 876 1069 972 hujus
1092 876 1297 951 urbis
1318 933 1338 966 ‚
1377 878 1515 951 sed·
1539 879 1934 950 Placentini
1960 880 2371 974 municipii;

238 1009 485 1082 neque
522 987 803 1084 paterni
843 988 1164 1083 generis,
1195 987 1320 1059 sed
1345 986 1692 1060 braccatae
1717 989 2208 1083 cognationis²
2252 986 2375 1060 de-

233 1093 503 1168 decus!
546 1095 1158 1193 quemadmodum
1200 1097 1499 1169 venisti?
1536 1099 1699 1193 quis
1735 1097 1907 1183 tibi,
1944 1121 2097 1167 non
2141 1095 2370 1168 dicam

237 1205 507 1276 horum
527 1259 549 1293 ‚
575 1218 700 1277 aut
727 1206 989 1276 civium
1018 1220 1425 1279 ceterorum
1444 1261 1463 1290 ‚
1490 1207 1616 1279 sed
1644 1220 1942 1279 tuorum
1976 1207 2375 1303 legatorum

239 1313 536 1387 obviam
569 1313 811 1386 venit?
843 1320 1130 1387 Mecum
1159 1318 1352 1391 enim
1391 1320 1470 1387 L.
1507 1314 1862 1401 Flaccus3‚
1895 1318 2005 1387 vir
2038 1332 2162 1387 tua
2192 1316 2376 1412 lega·

241 1425 443 1494 tione
493 1422 1101 1521 indignissimus⁴‚
1144 1440 1363 1522 atque
1400 1427 1485 1497 iis
1526 1426 1877 1514 consiliis,
1919 1425 2187 1524 quibus
2225 1449 2375 1496 me·

242 1557 411 1604 cum
443 1534 518 1602 in
562 1532 945 1605 consulatu
975 1558 1142 1606 meo
1174 1536 1612 1631 conjunctus
1643 1534 1783 1607 fuit
1816 1536 1909 1607 ad
1940 1560 2372 1607 conservan-
2432 1614 2435 1617 ,

244 1640 413 1713 dam
459 1642 1017 1741 rempublicam,
1062 1644 1369 1742 dignior,
1414 1670 1699 1717 mecum
1735 1645 1874 1716 fuit
1913 1659 2119 1732 tum‚‘
2150 1671 2378 1743 quum

241 1767 320 1824 te
353 1752 648 1849 quidam
685 1778 835 1825 non
885 1754 1098 1852 longe
1148 1779 1190 1825 a
1240 1770 1447 1852 porta
1486 1780 1654 1826 cum
1694 1754 2073 1826 lictoribus
2124 1780 2373 1826 erran-

246 1858 438 1933 tem⁵
475 1864 708 1934 visum
734 1886 885 1934 esse
910 1861 1278 1935 narraret⁶
1310 1890 1327 1933 ε
1361 1866 1511 1936 scio
1539 1867 1713 1935 item
1740 1868 1967 1934 virum
2008 1862 2266 1936 fortem
2304 1866 2375 1934 iu

244 1973 535 2067 primis,
589 1971 760 2043 belli
822 1997 906 2044 ac
969 1974 1076 2044 rei
1143 1973 1467 2045 militaris
1534 1974 1847 2072 peritum
1877 2027 1896 2060 ‚
1957 1972 2378 2045 familiarem

242 2104 525 2169 meum,
575 2082 663 2170 Q.
711 2083 1132 2170 Marcium⁷‚
1179 2107 1489 2180 quorum
1547 2098 1630 2153 tu
1683 2081 2079 2178 legatorum
2135 2082 2381 2179 praelio

243 2192 641 2290 imperator
662 2190 1061 2290 appellatus
1086 2216 1262 2280 eras,
1281 2216 1513 2289 quum
1535 2216 1685 2262 nou
1710 2191 1925 2287 longe
1949 2185 2340 2263 abfuisses⁸
2358 2245 2379 2279 ‚

249 2303 564 2374 adventu
601 2303 738 2372 isto
773 2316 904 2374 tuo
943 2301 1144 2373 domi
1184 2300 1404 2374 fuisse
1450 2304 1789 2373 otiosum.
1833 2299 1970 2371 Sed
2020 2300 2199 2398 quid
2247 2325 2379 2400 ego

247 2499 381 2566 quod
412 2499 529 2548 licet
567 2499 807 2547 laureatos
846 2500 996 2548 fascea
1036 2500 1235 2550 haberet
1250 2535 1266 2557 ,

247 2595 391 2628 nemo
412 2590 572 2627 tamen
593 2595 706 2626 enm
723 2578 881 2627 redire
900 2581 1200 2643 cognoverit.

319 2674 401 2707 ιω.
429 2656 663 2707 Ῑαᾶανίι.
692 2658 846 2718 Quasi
864 2658 1068 2706 cadaver
1085 2658 1271 2707 illatum

1356 2512 1432 2549 rat
1460 2501 1698 2549 Cicerone
1725 2498 1925 2548 consule
1943 2534 1959 2561 ,
1996 2509 2045 2547 et
2072 2515 2165 2563 pro
2200 2514 2261 2546 eo
2295 2514 2385 2546 ex-

1336 2591 1455 2634 .stat
1476 2578 1662 2627 oratio.

1431 2667 1481 2715 4.
1517 2658 1605 2707 Vir
1620 2669 1709 2705 cua
1732 2655 1979 2722 legatione
2001 2654 2383 2720 indignissimus.

245 2737 529 2785 funestavit.
566 2734 752 2784 Urliem
780 2735 924 2784 illatis
956 2735 1272 2786 cadaveribus

244 2817 478 2864 funestari
497 2813 795 2867 credebant:
831 2830 934 2877 quo
961 2831 1106 2862 sensu
1132 2814 1273 2878 capio

244 2895 372 2943 illud
402 2893 530 2943 sexti
554 2891 811 2952 AEneidos,
837 2894 934 2940 150
955 2907 1010 2941 ε·
1025 2903 1273 2956 totamque

245 2973 457 3021 incestat
471 2973 640 3020 funere
657 2971 858 3020 classem
875 2994 919 3021 a.

317 3052 516 3099 xxm.
558 3068 601 3098 1.
641 3054 686 3100 Ο
704 3049 926 3114 familiae
944 3084 958 3109 ,
985 3068 1083 3099 noa
1110 3051 1272 3099 dicam

245 3129 555 3194 Calpurnia,
583 3129 674 3177 sed
701 3130 976 3179 Calventiae.
1014 3131 1164 3179 Gravi
1190 3147 1274 3178 ex-

244 3209 536 3258 clamatione
552 3208 741 3256 Pisonis
758 3207 1098 3272 indignitatem
1114 3220 1273 3258 osten-

244 3290 346 3350 din
383 3288 570 3352 quippe
605 3288 691 3351 qui
722 3287 950 3349 dedecori
989 3289 1130 3337 suerit
1168 3304 1272 3337 non

243 3367 402 3415 solum
438 3366 749 3413 nobilissimae
785 3366 1159 3432 Calpurniorum
1197 3368 1273 3416 fa-

244 3446 392 3493 miliae
410 3478 427 3503 ,
447 3443 532 3491 aed
559 3444 705 3491 etiam
731 3442 952 3492 obscura·
977 3445 1269 3507 Calventiae‚

244 3539 270 3571 a
289 3523 446 3572 Gallis
461 3533 515 3570 et
533 3523 748 3571 barbaris
764 3523 1008 3572 oriunda.

315 3618 365 3650 a.
411 3604 667 3649 Braceaeoe
717 3602 1045 3666 cognationis.
1100 3601 1271 3651 Galliae

245 3681 616 3745 Transalpinae:
653 3679 787 3728 unde
821 3680 1012 3729 Pisonis
1031 3692 1272 3730 maternus

244 3779 364 3811 avus
395 3763 450 3810 in
477 3762 669 3810 Italiam
695 3760 974 3826 profectus,
1014 3761 1272 3810 Placentiae

246 3843 551 3891 consederat.
591 3843 834 3889 Braccatae
867 3856 1136 3903 cognomen
1170 3849 1272 3888 erat

246 3922 579 3986 Transalpina
589 3919 779 3978 Galliae,
788 3921 987 3984 Togatae
996 3919 1273 3984 cisalpina,

249 4001 444 4065 utrique
462 4017 491 4048 a
510 4015 686 4064 genere
707 4001 870 4047 vestis.

321 4080 370 4128 3.
415 4081 605 4129 nectem
645 4077 775 4126 enim
817 4081 871 4130 L.
909 4080 1114 4126 Flaccus
1130 4113 1143 4136 ,
1180 4088 1275 4125 ete.

252 4158 354 4206 Alii
378 4157 570 4207 addunt
596 4169 713 4206 tum.
738 4184 809 4197 --
836 4158 934 4220 Qui
965 4169 1147 4224 prator
1179 4158 1280 4205 sue·

1358 2738 1457 2802 Qui
1473 2748 1672 2801 propter
1689 2736 1971 2800 dignitatem
1980 2733 2385 2799 splendoremque
2432 2726 2436 2730 ⁸

1359 2817 1595 2864 virtutum
1612 2851 1626 2873 ‚
1646 2815 1896 2879 indignam
1918 2824 1964 2862 te
1982 2813 2278 2878 proconsule
2296 2812 2386 2860 ob·

1359 2896 1416 2942 iit
1441 2894 1730 2958 legationem
1747 2929 1762 2953 ,
1800 2902 1849 2941 et
1877 2892 1951 2939 vir
1978 2892 2267 2940 fortissimus
2293 2890 2383 2938 sub

1360 2975 1655 3038 imperatore
1686 2972 1980 3020 inertissimo
2013 2970 2256 3018 militavit.
2288 2970 2383 3018 uic

1359 3067 1513 3117 porro
1537 3061 1607 3098 est
1630 3053 1682 3098 1..
1705 3051 1926 3097 Valerius
1950 3049 2173 3106 Flaccus,
2205 3048 2290 3111 qui
2316 3048 2385 3095 le-

1360 3141 1496 3195 gatos
1515 3128 1838 3192 Allobrogum
1856 3143 1967 3175 cum
1988 3128 2138 3175 literis
2158 3127 2386 3187 conjura-

1359 3220 1521 3258 torum
1552 3208 1603 3254 in
1636 3216 1788 3270 ponte
1818 3205 1995 3254 Milvio
2031 3206 2351 3270 deprehendit
2369 3240 2386 3266 ‚

1358 3286 1903 3352 quareconsiliissecum
1914 3286 2229 3346 conjunctum
2242 3285 2387 3334 fuisse

1360 3366 1481 3415 dicit
1521 3376 1687 3414 orator
1721 3365 1773 3411 in
1813 3380 1904 3412 suo
1941 3364 2228 3424 consulatu3
2274 3365 2385 3413 vide

1358 3443 1689 3495 Catilinariam
1730 3443 1917 3491 tertiam
1938 3480 1954 3506 ,
1997 3453 2047 3491 et
2082 3443 2234 3508 ipsam
2278 3460 2387 3508 quae

1356 3541 1450 3590 pro
1473 3524 1649 3573 eodem
1670 3523 1842 3571 Flacco
1860 3533 2019 3571 exstat
2037 3523 2330 3573 orationem.

1430 3606 1479 3655 5.
1497 3606 1771 3652 Errantem.
1785 3604 1967 3650 Omnes
1981 3602 2271 3650 solitudines
2282 3617 2388 3665 per·

1358 3695 1656 3748 sequentem,
1675 3691 1725 3729 et
1751 3680 2040 3729 dlverticula
2068 3690 2388 3744 quaerentem.

1430 3762 1481 3811 6.
1506 3763 1768 3809 Narrat-et.
1796 3760 1876 3808 Al.
1896 3760 2151 3807 narrabat.
2176 3761 2223 3807 J.
2244 3760 2306 3803 V.
2337 3760 2388 3805 1..

1435 3858 1480 3899 7.
1512 3845 1571 3903 Q.
1603 3838 1860 3886 Marcium.
1882 3839 2029 3885 Multi
2057 3839 2110 3884 iu
2128 3835 2228 3884 hoc
2257 3853 2385 3884 erra-

1361 3935 1489 3967 vere.
1540 3916 1812 3965 Pntandum
1857 3928 1928 3964 est
1962 3917 2096 3965 hunc
2131 3916 2278 3964 fuisse
2319 3916 2389 3977 Q.

1362 3997 1539 4046 Marcii
1574 3997 1698 4059 regis
1730 3994 1915 4053 filium,
1958 3994 2043 4059 qui
2081 3985 2385 4042 consulatum

1367 4093 1476 4125 cum
1493 4078 1553 4123 1..
1575 4074 1773 4124 caecilio
1792 4071 1994 4123 Metello
2012 4074 2172 4135 gessit.

1441 4157 1495 4205 8.
1524 4156 1714 4204 Eruest.
1742 4152 1879 4202 malit
1900 4152 2105 4199 abesses.
2129 4154 2178 4199 J.
2194 4152 2256 4198 V.
2276 4151 2335 4196 1..
