2994 4778
683 408 823 488 224
1324 405 1418 472 M.
1470 407 1547 471 Τ.
1601 403 2146 472 CICERONIS

563 596 579 607 ,
681 528 912 598 vitatis
971 549 1179 597 causa
1230 524 1563 621 relinquo
1607 526 1868 595 omnia.
1916 521 2164 595 Habeo
2208 525 2435 610 enim,
2477 523 2780 620 judiees,

681 660 898 733 quem
935 659 1063 706 vos
1106 636 1379 705 socium
1435 647 1681 704 vestrae
1727 632 2090 729 religionis
2132 632 2462 729 jurisque
2506 634 2779 728 jurandi

679 744 879 816 facile
919 768 1063 815 esse
1105 742 1503 841 patiamini,
1540 746 1620 811 L.
1658 743 2078 829 Lucceium,
2112 742 2639 812 sanctissimum
2676 743 2782 813 ho·

675 858 979 940 minem,
1027 867 1099 924 et
1145 852 1638 951 gravissimum
1686 865 1985 922 testem:
2025 852 2150 947 qui
2198 863 2477 920 tantum
2517 849 2781 924 facinus

680 964 754 1031 in
796 960 1051 1032 famam
1088 974 1307 1057 atque
1342 956 1666 1030 fortunas
1707 983 1867 1031 suas
1901 983 2137 1055 neque
2168 984 2319 1029 non
2358 958 2677 1032 audisset
2709 962 2780 1031 il·

679 1070 907 1141 latum
970 1095 1011 1141 a
1074 1069 1339 1155 Coelio,
1401 1093 1639 1165 neque
1700 1067 2150 1165 neglexisset,
2203 1093 2447 1166 neque
2495 1071 2777 1142 tulisset.

682 1185 791 1251 An
826 1181 943 1250 ille
978 1180 1106 1265 vir,
1136 1177 1252 1247 illa
1283 1176 1731 1249 *humanitate
1762 1176 2132 1275 praedims,
2176 1177 2312 1248 illis
2349 1177 2603 1249 studiis
2626 1233 2647 1265 ,
2677 1204 2777 1248 ar·

681 1289 874 1362 tibus
913 1302 1125 1384 atque
1164 1286 1487 1358 doctrina
1511 1299 1594 1375 ¹⁰,
1628 1287 1820 1358 illius
1847 1287 2069 1384 ipsius
2100 1287 2542 1384 periculum,
2573 1312 2779 1385 quem

680 1412 979 1498 propter
1006 1398 1158 1468 haec
1187 1401 1337 1494 ipsa
1363 1397 1596 1468 studia
1628 1395 1997 1493 diligebat,
2019 1395 2377 1493 negligere
2402 1398 2780 1494 potuisset?

681 1523 792 1595 et,
837 1506 1037 1604 quod
1093 1504 1405 1590 facinus,
1459 1508 1533 1576 in
1587 1506 1900 1578 alienum
1948 1504 2317 1576 hominem
2365 1505 2644 1577 illatum
2686 1530 2781 1577 se-

680 1641 844 1689 vere
893 1617 1277 1712 acciperet,
1327 1614 1403 1684 id
1438 1616 1780 1686 omisisset
1815 1639 2066 1686 curare
2102 1619 2178 1684 in
2218 1613 2561 1712 hospite?
2597 1615 2779 1713 quod

681 1750 809 1823 per
857 1725 1139 1819 ignotos
1182 1737 1419 1794 actum
1469 1750 1696 1820 quum
1742 1727 2313 1821 comperisset¹¹,
2364 1724 2682 1814 doleret,
2715 1724 2782 1795 id

681 1861 722 1907 a
758 1834 904 1904 suis
940 1846 1291 1904 tentatum
1329 1857 1481 1904 esse
1513 1833 1941 1930 negligeret?
1968 1831 2168 1929 quod
2201 1833 2276 1903 in
2313 1834 2504 1929 agris
2532 1834 2782 1906 locisve

644 1942 985 2042 'publicis
1048 1939 1310 2041 factum
1372 1940 1967 2040 reprehenderet,
2021 1941 2091 2012 id
2150 1943 2226 2011 in
2284 1941 2469 2014 urbe
2515 1960 2607 2014 ac*
2646 1968 2785 2014 suae

679 2052 873 2123 domi
929 2064 1240 2147 coeptum
1299 2076 1487 2138 esse,
1533 2050 1781 2122 leviter
1836 2048 2099 2121 ferret?
2133 2051 2336 2146 quod
2379 2054 2458 2131 in
2492 2051 2785 2145 alicujus

681 2162 969 2259 agrestis
1017 2159 1338 2257 periculo
1383 2183 1535 2229 non
1585 2160 2190 2256 praetermitteret,
2235 2158 2308 2229 id
2360 2159 2578 2230 homo
2614 2184 2785 2231 eru-

682 2271 871 2342 ditus
921 2271 997 2339 in
1056 2270 1329 2341 insidiis
1375 2267 1776 2340 doctissimi
1828 2267 2139 2339 hominis
2189 2267 2794 2340 dissimulandum

679 2380 1005 2479 putaret?
1049 2377 1189 2451 Sed
1228 2404 1358 2450 cur
1397 2378 1669 2450 diutius
1704 2402 1871 2466 vos,
1900 2376 2209 2474 judices,
2250 2380 2528 2450 teneo?
2561 2380 2795 2477 Ipsius

671 2488 890 2581 jurati
951 2487 1364 2585 religionem
1421 2490 2058 2584 auctoritatemque
2123 2489 2513 2586 percipite,
2579 2503 2797 2587 atque

676 2600 917 2668 omnia
961 2595 1337 2693 diligenter
1379 2597 1767 2667 testimonii
1815 2595 2031 2667 verba
2069 2599 2503 2694 cognoscite.
2552 2600 2799 2671 Recita

676 2709 1165 2779 testimonium
1224 2707 1531 2800 Lucceii.
1584 2709 2082 2777 Tus-timonium
2135 2713 2428 2778 Lucem
2435 2762 2556 2780 .....
2603 2708 2800 2799 Quid

677 2813 1096 2915 exspectatis
1128 2814 1478 2911 amplius?
1515 2841 1604 2885 an
1639 2814 1945 2911 aliquam
1975 2838 2223 2887 vocem
2258 2820 2533 2913 putatis
2571 2822 2803 2916 ipsam

677 2949 812 3021 pro
851 2947 926 2993 se
973 2945 1254 2991 causam
1304 2937 1379 2992 et
1427 2924 1795 2993 veritatem
1840 2948 2049 3021 posse
2098 2925 2439 2995 mittere?
2486 2932 2664 2999 Haec
2700 2941 2809 2998 est

677 3031 1098 3102 innocentiae
1153 3027 1516 3119 defensio,
1565 3030 1720 3101 haec
1769 3031 1991 3128 ipsius
2049 3055 2274 3101 causae
2323 3035 2599 3123 oratio,
2653 3034 2814 3105 haec

675 3166 818 3212 una
853 3166 994 3212 vox
1029 3140 1360 3210 veritatis.
1396 3144 1477 3210 In
1517 3140 1813 3211 crimine
1860 3144 2016 3237 ipso
2051 3140 2249 3211 nulla
2284 3145 2617 3240 suspicio
2663 3160 2815 3231 est,

675 3264 744 3320 et
782 3253 854 3319 in
892 3275 969 3320 re
1006 3248 1187 3318 nihil
1223 3264 1329 3319 est
1365 3251 1803 3345 argumenti3
1844 3249 1914 3317 in
1951 3250 2277 3344 negoti0‚
2312 3251 2523 3347 quod
2556 3270 2823 3326 actum

676 3381 827 3429 esse
884 3357 1162 3444 dicitur,
1217 3356 1497 3426 nullum
1541 3358 1909 3454 vestigium
1954 3358 2336 3444 sermonis,
2383 3358 2579 3450 loci,
2634 3378 2827 3436 tem-

675 3614 895 3662 cubratas
954 3613 1269 3662 afferebamus
1309 3636 1354 3662 ιο.
1412 3615 1686 3664 Tullianum
1772 3633 1873 3665 ene
1896 3617 1949 3663 1..
1975 3617 2232 3665 Lucceium
2254 3618 2393 3666 illum
2410 3655 2425 3679 ,
2446 3638 2476 3669 ι
2502 3639 2624 3686 quo
2647 3626 2843 3676 Cim

676 3705 749 3741 est
789 3708 862 3738 rec
899 3689 1174 3748 elaborari,
1220 3707 1322 3739 nou
1357 3691 1592 3751 laborari,
1632 3704 1687 3741 ut
1773 3694 2070 3744 ornatis-ima
2088 3696 2291 3759 epistol·
2337 3699 2440 3759 (cd
2462 3702 2604 3752 Div.
2625 3708 2705 3763 V,
2738 3711 2845 3764 ι’)

676 3771 909 3836 perfectio
926 3770 1146 3835 quadam
1165 3769 1476 3834 significetur,
1494 3772 1686 3835 qualem
1773 3774 1893 3837 petit
1907 3804 1924 3831 ‚
1952 3783 2006 3820 ut
2030 3789 2137 3820 nunc
2167 3790 2243 3822 rc·
2270 3779 2523 3826 memorie
2553 3780 2847 3851 literisque

675 3849 887 3897 hominis
912 3848 1124 3897 studium
1150 3864 1292 3897 omne
1317 3848 1591 3897 adhibentis
1609 3851 1685 3898 fn-
1773 3851 1981 3900 mandet.

676 3927 826 3976 cultas
851 3927 985 3975 serat.
1847 3945 1869 3976 1
1884 3946 1924 3976 1.
1950 3931 2042 3976 Per
2070 3929 2264 3993 Ignotos
2286 3944 2455 3981 actum
2484 3952 2681 3999 quam
2711 3960 2853 3991 ρο.-

751 4021 828 4054 ιο.
854 4004 1059 4065 Studiis,
1083 4003 1263 4053 auibus
1282 4017 1427 4071 atque
1443 4007 1682 4056 doctrina.
1763 4006 1980 4073 perisset.
2013 4008 2112 4056 Alii
2127 4043 2143 4069 ,
2167 4026 2265 4073 per
2305 4010 2504 4076 ignom
2557 4033 2773 4071 am..
2816 4023 2861 4072 ,i

673 4084 833 4133 Exhis
846 4084 960 4148 ipsis
975 4083 1134 4132 verbis
1151 4083 1390 4144 conjicere
1403 4085 1530 4143 licet,
1548 4086 1681 4133 hunc
1769 4085 2083 4150 comperisset.
