2994 4778
641 435 734 515 40
1158 424 1163 429 ⁷
1212 439 1308 503 M.
1361 428 1445 502 Tg
1497 435 2083 502 CICERONIS

639 576 787 623 sam
817 556 947 624 etsi
974 577 1223 625 omnes
1256 554 1429 626 boni
1458 553 1892 652 probabant,
1926 569 2167 624 tamen
2197 577 2434 649 neque
2460 566 2761 623 senatus

636 660 958 758 publice,
1007 688 1247 759 neque
1297 663 1483 733 ullus
1537 663 1718 733 ordo
1762 664 2095 759 proprie,
2149 685 2387 758 neque
2431 665 2580 732 suis
2628 662 2765 732 de—

635 772 848 841 cretis
908 771 1103 842 Italia
1154 787 1302 841 tota
1365 785 1794 869 susceperat.
1836 771 1943 842 Ad
2011 795 2208 842 suam
2279 773 2466 842 enim
2523 773 2756 867 magis

632 879 1009 973 quamdam
1050 878 1168 948 ille
1203 879 1543 976 gloriam,
1580 882 1796 977 quam
1833 879 1920 951 ad
1956 881 2406 978 perspicuam
2444 879 2748 951 salutem

632 984 1038 1082 reipublicae
1072 998 1468 1084 sumpserat
1495 980 1550 1074 ⁵,
1584 1014 1809 1084 quum
1845 1012 2033 1058 unus
2067 989 2141 1057 in
2178 988 2405 1083 legem
2442 1012 2568 1084 per
2597 993 2749 1057 vim

628 1094 841 1164 latam
888 1096 1132 1188 jurare
1176 1096 1550 1167 uoluerat:
1593 1097 1907 1194 denique
1957 1096 2333 1167 videbatur
2373 1122 2454 1166 ea
2492 1098 2744 1167 condi·
2785 1114 2793 1119 “

623 1206 820 1274 tione
864 1218 1004 1273 tam
1048 1201 1251 1276 fortis
1283 1203 1536 1299 fuisse,
1583 1218 1663 1275 ut
1701 1230 1866 1276 cum
1901 1206 2143 1302 patriae
2185 1202 2524 1275 caritate⁶
2564 1228 2745 1274 con-

623 1313 893 1384 stantiae
932 1313 1226 1409 gloriam
1270 1328 1765 1384 commutaret.
1812 1318 1976 1383 Erat
2023 1327 2266 1384 autem
2316 1315 2382 1383 ei
2425 1338 2534 1383 res
2571 1337 2746 1382 cum

622 1420 938 1492 exercitu
984 1426 1063 1492 C.
1110 1425 1313 1492 Marii
1349 1424 1652 1508 invict03
1689 1421 2003 1493 habebat
2053 1423 2422 1491 inimicum
2462 1424 2539 1491 C.
2581 1425 2744 1491 Ma-

559 1591 566 1597 .
615 1533 836 1615 rium,
875 1545 1445 1611 conservatorem
1482 1532 1760 1629 patriae,
1793 1545 2073 1602 sextum
2100 1531 2243 1625 jam
2281 1529 2478 1599 illum
2505 1540 2531 1584 ⁷
2566 1553 2745 1599 con-

619 1634 931 1707 sulatum
983 1654 1389 1732 gerentem;
1433 1663 1546 1709 res
1590 1655 1742 1710 erat
1785 1663 1947 1709 cum
1987 1645 2065 1709 L.
2107 1641 2490 1708 Saturnino
2507 1632 2560 1723 ⁸,
2596 1641 2736 1708 ite-

612 1768 776 1813 rum
832 1742 1125 1817 tribuno
1177 1746 1439 1843 plebis,
1502 1749 1839 1843 vigilante
1892 1748 2223 1832 homine,
2279 1761 2350 1817 et
2397 1748 2472 1814 in
2519 1770 2742 1818 causa

610 1853 944 1948 populari
963 1863 995 1910 9
1032 1848 1259 1925 sinon
1284 1856 1752 1943 moderate¹⁰,
1778 1873 1850 1928 at
1886 1872 2078 1927 certe
2116 1855 2554 1954 populariter
2576 1855 2741 1927 abs-

610 1964 1072 2060 tinenterque
1116 1981 1415 2037 versat0.
1477 1970 1740 2054 Cessit,
1771 1992 1863 2037 ne
1907 1980 2031 2037 aut
2066 1968 2294 2036 victus
2338 1989 2379 2035 a
2420 1962 2737 2037 fortibus

606 2074 778 2141 viris
813 2096 979 2143 cum
1025 2073 1377 2146 dedecore
1421 2075 1740 2159 caderet,
1781 2090 1903 2146 aut
1944 2076 2174 2146 victor
2209 2074 2451 2144 multis
2484 2089 2555 2144 et
2590 2072 2738 2145 for-

605 2177 800 2250 tibus
835 2182 1109 2254 civibus
1143 2184 1662 2281 rempublicam
1703 2184 2011 2255 orbaret.

701 2293 919 2360 XVII.
957 2294 1192 2362 Meam
1230 2318 1510 2364 causam
1551 2310 1838 2365 senatus
1867 2294 2138 2392 palam,
2180 2305 2516 2387 equester
2541 2290 2731 2362 ordo

604 2402 981 2485 acerrime,
1023 2417 1279 2473 cuncta
1315 2404 1516 2474 Italia
1550 2403 1881 2500 publice,
1921 2425 2172 2472 omnes
2210 2400 2387 2471 boni
2427 2402 2729 2498 proprie

601 2508 953 2604 enixeque
982 2528 1460 2608 susceperant.
1493 2517 1627 2583 Eas
1658 2537 1772 2583 res
1800 2536 2152 2608 gesseram
2177 2565 2196 2598 ,
2228 2534 2533 2607 quarum
2566 2535 2730 2581 non

599 2641 789 2687 unus
842 2633 1115 2703 auctor,
1173 2621 1299 2691 sed
1356 2621 1507 2692 dux
1558 2625 1883 2692 omnium
1937 2618 2326 2691 voluntatis
2381 2616 2671 2690 fuissem
2701 2674 2729 2706 ,

598 2748 904 2822 quaeque
940 2752 1090 2798 nou
1124 2730 1342 2800 modo
1371 2730 1457 2801 ad
1490 2729 1920 2827 singularem
1953 2753 2184 2799 meam
2219 2727 2513 2823 gloriam
2534 2782 2554 2814 ,
2589 2729 2725 2798 sed

596 2873 752 2911 morte
771 2877 991 2913 moereret
1011 2882 1025 2915 ε
1048 2867 1153 2915 hec
1169 2884 1321 2931 quum
1344 2872 1409 2918 ita
1424 2883 1609 2930 essent,
1697 2887 1800 2918 aare
1828 2874 1958 2918 visun
1983 2881 2055 2918 est
2075 2884 2088 2917 ε
2116 2869 2256 2917 cessit
2284 2869 2430 2932 igitur
2456 2869 2685 2918 Metellus
2704 2908 2723 2930 ,

592 2939 730 2988 valde
757 2956 836 2988 me
860 2942 1111 3002 timidum,
1149 2957 1292 3010 atque
1322 2948 1607 3012 impruden·
1696 2966 1797 2997 non
1819 2948 1954 3012 quod
1978 2949 2029 2995 ln
2057 2964 2116 2996 eo
2143 2949 2283 2994 sitam
2305 2964 2408 2996 em
2432 2949 2721 3013 reipublice

592 3029 687 3066 tem
714 3016 969 3067 confiterer
988 3021 1157 3080 fuim,
1183 3025 1224 3071 si
1248 3025 1424 3076 horum
1446 3027 1608 3075 homi·
1694 3029 1893 3075 salutem
1907 3026 2220 3089 intelligent:
2238 3025 2323 3073 sed
2340 3027 2476 3089 quod
2493 3028 2538 3075 ei
2555 3027 2721 3076 carior

588 3111 707 3143 num
756 3107 889 3146 netu
945 3098 1296 3153 discessissem:
1327 3119 1416 3151 cur
1454 3105 1606 3169 igitur
1693 3106 1978 3153 constantin
2029 3105 2211 3168 gloria,
2259 3121 2405 3168 quam
2455 3106 2717 3171 adspectus

590 3175 754 3223 cani?
794 3190 1047 3226 moverunt
1100 3195 1176 3227 me
1224 3181 1338 3242 illa,
1386 3199 1495 3247 quae
1543 3184 1605 3234 de
1689 3185 1893 3248 patrie,
1919 3184 2026 3231 fuit.

587 3253 820 3318 Pompeio
837 3288 854 3315 ,
906 3257 1108 3318 enno,
1158 3261 1344 3310 Cum-e
1396 3263 1602 3312 Clodius
1763 3280 1811 3322 7.
1838 3265 2034 3310 Sextum
2049 3261 2163 3326 jam
2195 3259 2329 3308 illum
2364 3263 2698 3321 consulatum,

586 3332 908 3394 predicabat:
930 3351 1039 3397 quc
1056 3336 1125 3383 illi
1150 3340 1356 3387 tacendo
1374 3338 1597 3389 confiteri
1687 3341 1930 3404 oppressis
1969 3341 2169 3388 Glauci·
2199 3350 2248 3387 et
2281 3342 2542 3390 Saturnino
2586 3343 2709 3390 imi·-

584 3408 887 3458 videbantur.
1687 3432 1845 3480 gnem.
1903 3417 1906 3426 '

656 3486 704 3532 5.
730 3488 1021 3551 Sumpserat.
1054 3490 1187 3552 Quid
1212 3493 1437 3541 Metellus
1463 3511 1597 3543 sum·
1759 3496 1810 3542 8.
1875 3494 2156 3543 Saturnino.
2217 3494 2405 3542 Metelli
2464 3496 2664 3546 inituim
2688 3514 2704 3554 ς

582 3564 733 3626 poerit
765 3581 867 3613 non
905 3565 1082 3629 liquet,
1121 3584 1277 3631 neque
1314 3573 1423 3633 quis
1455 3573 1596 3621 facile
1686 3573 1821 3636 qnod
1844 3573 1908 3621 ab
1932 3589 1993 3621 eo
2018 3588 2217 3621 censore
2240 3583 2437 3621 notatus
2462 3586 2581 3622 erat.

580 3643 857 3702 conjecerit.
878 3645 1172 3707 Recipicnda
1191 3647 1383 3695 videtur
1400 3650 1593 3699 Aldine
1752 3667 1802 3714 9.
1838 3654 1899 3700 In
1930 3668 2078 3699 causa
2099 3650 2344 3716 populari.
2385 3653 2511 3715 Quia
2544 3651 2701 3713 legem

579 3730 628 3768 et
651 3720 846 3768 alian-nm
876 3723 1136 3771 multarum
1166 3724 1279 3773 edd.
1314 3726 1462 3775 lectio
1488 3745 1592 3792 spc-
1679 3730 1911 3792 agrariam
1936 3730 2135 3778 serebat.

577 3809 755 3846 ctat-ae.
789 3800 1012 3861 conjecit
1031 3803 1494 3869 Ernestiusfecerae.
1699 3825 1706 3830 ·
1758 3822 1834 3857 10.
1857 3809 1910 3856 Se·
1930 3824 2029 3856 non
2051 3808 2316 3857 moderate.
2341 3805 2491 3870 Quod
2506 3806 2566 3854 A.
2592 3805 2702 3855 Nu-

644 3878 693 3925 6.
726 3879 786 3925 Ue
822 3894 929 3926 eum
960 3880 1140 3943 pam‘oe
1162 3881 1387 3931 car-itate.
1425 3887 1588 3948 Quum
1677 3889 1856 3946 mium,
1901 3889 2199 3938 tribunatum
2239 3898 2508 3954 petentem,
2545 3899 2597 3935 et
2629 3887 2689 3935 C.

572 3956 805 4019 adspectu
826 3960 992 4020 patriae
1011 3961 1255 4009 caris-imo
1282 3979 1332 4010 se
1351 3963 1587 4026 privavit,
1675 3966 1987 4024 Memmium,
2031 3968 2315 4017 consul-tus
2348 3964 2657 4014 candidatum
2671 3998 2686 4019 ι

570 4035 852 4082 constantine
886 4035 1073 4084 laudem
1111 4039 1362 4101 quesivit,
1397 4043 1587 4104 patriae·
1675 4044 1888 4092 Gluuciae
1961 4048 2328 4109 competitorem
2397 4043 2692 4092 occidendos

569 4128 663 4175 qu·
680 4113 979 4162 amissionem
1000 4116 1163 4179 gloria:
1180 4118 1341 4166 fructu
1360 4136 1584 4184 compen-
1673 4134 1941 4171 curaverat.
