2994 4778
468 447 760 518 ORAT.
814 446 938 516 DE
978 448 1273 519 PROV.
1320 450 2143 522 CONSULARIBUS.
2246 446 2384 547 267

274 567 708 655 dummodo,
758 568 960 664 cujus
1015 572 1349 669 exemplo
1405 596 1480 643 se
1545 572 1988 655 consolatur,
2046 573 2199 668 ejus
2249 578 2393 644 exi·

278 695 429 749 tum
452 690 514 722 ¹⁰
575 693 994 776 exspectet:
1053 685 1437 779 praesertim
1494 707 1724 779 quum
1780 684 1852 752 in
1908 681 2208 753 Albucio
2260 709 2396 755 nec

277 788 547 858 Pisonis
587 786 960 877 libidines,
994 815 1130 861 nec
1167 789 1459 862 audacia
1507 792 1795 863 Gabinii
1829 790 2087 879 fuerit3
2131 792 2264 863 hac
2292 808 2396 863 ta-

276 923 441 969 men
481 924 632 969 una
664 899 872 996 plaga
905 900 1337 988 conciderit,
1375 904 1765 997 ignominia
1808 912 2205 973 senatus11.

365 1011 596 1105 Atqui
613 1008 790 1080 duas
807 1008 1133 1081 Gallias¹²
1158 1012 1283 1107 qui
1302 1010 1624 1081 decernit
1644 1009 2064 1082 consulibus
2082 1007 2400 1096 duobus»,

271 1119 408 1189 hos
434 1121 707 1191 retinet
747 1118 997 1191 ambo:
1040 1123 1168 1217 qui
1204 1136 1442 1192 autem
1482 1122 1773 1192 alteram
1811 1120 2147 1206 Galliam,
2184 1133 2257 1189 et
2281 1134 2404 1189 aut

269 1230 591 1323 Syriam,
627 1244 749 1300 aut
793 1228 1323 1315 Macedoniam,
1369 1244 1610 1302 tamen
1652 1232 1954 1301 alterum
1994 1234 2295 1317 retinet,
2336 1243 2407 1301 et

272 1339 347 1407 in
384 1343 771 1436 utriusque
803 1341 953 1437 pari
990 1340 1257 1410 scelere
1295 1340 1652 1439 disparem
1685 1337 2180 1411 conditionem
2215 1337 2401 1409 facit.
2461 1386 2462 1389 κ

273 1452 557 1519 Faciam
583 1504 604 1536 ,
634 1450 870 1545 inquit
896 1447 980 1533 ¹³,
1020 1450 1171 1520 illas
1197 1452 1561 1547 praetorias
1578 1504 1596 1533 ,
1627 1465 1708 1520 ut
1733 1453 1974 1521 Pisoni
2002 1464 2073 1522 et
2098 1447 2406 1519 Gabinio

276 1557 709 1628 succedatur
739 1560 995 1629 statim.
1041 1561 1115 1630 Si
1151 1559 1269 1631 hic
1304 1561 1488 1631 sinat
1515 1559 1601 1629 ¹⁴.
1637 1564 1819 1630 Tum
1848 1564 2040 1631 euim
2074 1558 2410 1630 tribunus

284 1667 735 1740 intercedere
792 1673 1059 1766 poterit
1108 1696 1124 1739 ε
1179 1694 1375 1740 nunc
1437 1693 1585 1741 non
1646 1683 1904 1766 potest.
1960 1672 2212 1765 Itaque
2276 1691 2410 1765 ego

282 1777 508 1865 idem,
556 1782 687 1875 qui
737 1802 932 1849 nunc
973 1778 1394 1850 consulibus
1435 1780 1558 1866 iis,
1595 1781 1722 1874 qui
1765 1778 2114 1875 designati
2157 1791 2411 1862 erunt,

281 1891 562 1984 Syriam
604 1887 1246 1986 Macedoniamque
1294 1889 1643 1974 decerno,
1698 1888 2076 1959 decernam
2125 1886 2410 1959 easdem

281 2109 449 2155 maneo
471 2105 693 2169 Popilio,
716 2104 800 2169 qui
821 2105 875 2153 in
895 2107 1093 2169 Ligures
1112 2105 1304 2153 deditos
1389 2105 1466 2153 vel
1518 2106 1630 2155 Piso
1674 2105 1752 2153 vei
1794 2105 2032 2153 Gabinius
2079 2118 2405 2155 revocaretur.

286 2188 520 2233 mia-at.
537 2186 670 2234 Vide
689 2201 884 2250 quoque
902 2185 1023 2232 Livii
1039 2184 1072 2233 l.
1087 2187 1305 2245 XXXV,
1390 2187 1712 2233 Posterior-em
1740 2184 1864 2230 hanc
1892 2196 2078 2247 partem
2114 2201 2174 2231 eo
2209 2186 2381 2234 refellit
2398 2220 2412 2242 ‚

292 2282 389 2330 esp.
416 2268 451 2314 6
467 2301 485 2324 ,
505 2266 571 2314 de
595 2266 746 2313 literis
770 2268 825 2313 L.
845 2265 1059 2314 Cornelii
1080 2263 1300 2319 Merulae,
1391 2263 1527 2328 qnod
1555 2278 1706 2327 quum
1734 2277 1871 2326 pares
1897 2264 1996 2311 siut
2021 2263 2199 2312 scelere
2214 2299 2229 2325 ,
2269 2264 2412 2313 debet

293 2360 402 2409 quas
447 2346 716 2411 scripserat
762 2344 825 2394 de
870 2344 1087 2394 seeundo
1135 2343 1304 2409 prelio
1387 2359 1493 2392 esse
1511 2358 1600 2408 per
1622 2344 1872 2406 utriusque
1891 2344 2130 2394 conditio.

298 2442 398 2473 cnm
418 2427 554 2474 Boiis
577 2427 727 2475 sacto.
1470 2425 1554 2472 13.
1593 2423 1826 2480 Faciam,
1867 2422 2041 2488 inquit.
2076 2425 2321 2489 Exponit,
2356 2440 2413 2472 sc

364 2522 439 2554 xo.
467 2507 593 2571 Ejus
620 2504 823 2554 exitum.
849 2505 1085 2553 Albucius
1114 2521 1176 2552 ex
1198 2508 1306 2553 Sar·
1395 2505 1569 2554 refellit
1608 2505 1804 2552 alteram
1840 2507 2123 2554 seutentiam
2157 2522 2266 2568 quae
2296 2504 2418 2551 duas

291 2582 414 2633 dinis
454 2585 777 2650 pecuniarum
808 2585 1181 2649 repetuudsrum
1219 2582 1307 2630 de·
1396 2584 1601 2644 Gallias,
1619 2584 1795 2634 Caesari
1812 2583 2060 2648 ademptas
2079 2584 2272 2632 dnobus
2293 2583 2415 2630 sutu-

291 2674 477 2711 nnstns
496 2666 553 2710 in
570 2663 794 2711 exsilium
812 2663 991 2722 ejectus
1008 2673 1095 2709 est.
1110 2661 1308 2711 Tuscul-

292 2745 335 2787 V
354 2758 365 2791 :
389 2764 412 2784 ι
434 2737 610 2805 Quid?
627 2744 688 2790 T.
710 2741 947 2789 Albucius
968 2755 1129 2788 nonne
1144 2743 1306 2789 antimo

288 2822 567 2885 equissimo
600 2820 806 2869 Athenis
834 2820 969 2868 exsul
991 2819 1306 2884 philosopha-

289 2901 429 2948 batur
444 2903 468 2948 Ρ
512 2901 607 2948 Cui
645 2912 804 2948 tamen
843 2899 967 2947 illud
1007 2900 1168 2962 ipsum
1206 2914 1307 2945 uon

289 2981 545 3029 accidis-et
558 3014 575 3036 ‚
614 2981 656 3028 si
691 2981 743 3026 in
773 2979 1019 3042 republica
1057 2981 1309 3043 quiescens

290 3058 497 3124 Epicuri
511 3058 698 3121 legibus
716 3058 950 3121 paruisset
970 3078 1011 3105 ι.

373 3153 456 3184 ιι.
488 3139 597 3184 Hae
620 3148 781 3184 tamen
823 3152 925 3184 una
955 3137 1109 3202 plaga
1140 3136 1310 3184 eonci-

293 3218 451 3276 δαῖε,
500 3215 775 3282 &taminia
821 3228 1032 3264 senatus.
1097 3215 1155 3263 Id
1204 3227 1276 3263 est
1297 3251 1313 3275 ,

238 3303 241 3308 “
292 3313 442 3362 qnam
464 3298 510 3345 ei
534 3308 730 3345 senatus
747 3297 938 3344 inussit.

369 3393 448 3425 η.
476 3376 634 3440 Aequi
647 3375 773 3423 duas
798 3374 1010 3424 Gallias.
1037 3376 1230 3423 Transit
1248 3372 1314 3423 ad

291 3455 490 3503 alteram
525 3453 911 3502 confirmationis
936 3467 1164 3518 ιριιωιιι,
1204 3470 1315 3517 quae

294 3545 369 3583 est
389 3536 450 3583 de
472 3536 669 3584 Castro
688 3535 739 3580 in
758 3533 1009 3596 provincis
1029 3532 1282 3581 retinendo
1296 3564 1313 3592 ,

296 3631 406 3679 que
423 3614 546 3662 duas
564 3612 746 3662 Gallias
765 3613 1032 3660 citeriorem
1049 3624 1098 3660 et
1115 3612 1313 3660 ulterio-

299 3710 397 3741 rem
422 3691 767 3756 conjungebat.
791 3691 886 3738 Sed
906 3701 1159 3754 antequam
1178 3706 1315 3737 susm

300 3771 553 3820 confirmet
570 3771 858 3818 seutentiam
874 3769 1073 3828 ,elienss
1083 3769 1315 3832 quasdam

303 3851 495 3909 refellit,
509 3867 680 3899 eorum
692 3850 1023 3912 nimirum,qui
1033 3849 1319 3906 suadebant,

303 3941 357 3977 nt
385 3931 544 3978 (ζωι-
579 3929 748 3993 potius
780 3939 1102 3987 revocaretur,
1136 3939 1185 3975 et
1210 3927 1320 3974 dnae

303 4007 470 4056 Gallie
513 4007 693 4055 divisio
738 4008 940 4070 imperio
955 4041 972 4065 ,
1016 4005 1321 4070 designandis

303 4087 590 4135 casulibus
623 4086 1024 4146 decernerentur-3
1066 4085 1144 4133 vel
1178 4085 1321 4133 alter-

306 4177 414 4215 utra
429 4167 613 4225 Galus,
628 4167 803 4216 Cauri
819 4165 1062 4230 adempta,
1079 4166 1327 4227 alteruter,

1397 2664 1463 2711 ris
1488 2663 1770 2712 consulibus
1795 2662 2098 2711 decernebat.
2136 2664 2227 2709 Per
2248 2678 2416 2724 quam·

1394 2745 1505 2792 dam
1531 2742 1925 2808 prosopopoeiam
1950 2741 2232 2805 loquentem
2250 2740 2419 2787 adum-

1391 2823 1502 2871 brat
1510 2833 1755 2870 auctorem
1766 2823 1869 2883 ejus
1879 2821 2143 2868 sententiae.
2156 2819 2208 2867 Si
2218 2835 2420 2881 revoco,

1392 2902 1571 2967 inquit.
1592 2904 1846 2960 Caesarem,
1864 2917 1967 2949 non
1987 2900 2172 2948 idcirco
2192 2900 2416 2946 Pisonem

1396 2993 1445 3030 et
1485 2982 1746 3030 Gabinium
1791 2982 1978 3029 retineo
2022 2981 2076 3025 in
2118 2978 2390 3043 provinciis
2406 3012 2421 3035 ,

1397 3076 1519 3124 quas
1545 3060 1788 3108 obtinent.
1818 3063 1977 3107 Immo
1996 3074 2114 3105 vero
2137 3057 2190 3104 id
2218 3071 2340 3119 ego,
2366 3068 2424 3103 ue

1396 3140 1493 3186 illis
1517 3139 1805 3186 succedatur
1825 3137 1988 3184 statim
2004 3155 2024 3192 ‚-
2051 3152 2162 3184 nsm
2189 3151 2309 3199 quas
2332 3135 2423 3182 ob-

1400 3219 1558 3267 tinent
1577 3217 1882 3281 provinciss,
1905 3215 2018 3263 illas
2028 3212 2232 3280 faciam
2247 3226 2425 3278 μνωο-

1398 3297 1530 3352 rias,·
1561 3297 1657 3344 hoe
1685 3306 1789 3355 est,
1815 3307 1873 3343 ut
1899 3294 2137 3353 diximus,
2169 3293 2300 3341 dsbo
2329 3294 2421 3341 sd-

1399 3374 1737 3424 ministrandas
1778 3373 2073 3440 praetoribus
2093 3387 2109 3432 ;
2157 3389 2330 3437 nempe
2367 3385 2424 3421 ut

1400 3457 1612 3519 primum
1662 3465 1893 3519 pretores
1931 3453 2259 3517 megisti-stum
2299 3453 2421 3501 inie-

1399 3546 1509 3583 rsut
1527 3568 1546 3594 ,
1573 3535 1623 3582 in
1647 3534 1926 3598 provincias
1951 3532 2285 3592 mittebantur,
2304 3532 2422 3580 dum

1401 3627 1573 3663 contra
1594 3614 1819 3663 consules
1838 3623 1950 3676 post
1971 3611 2295 3659 consulatum.

1475 3702 1557 3750 ¹4·
1598 3692 1652 3739 Si
1695 3692 1774 3739 lu'c
1809 3692 1955 3739 sinae.
2017 3691 2291 3753 Responsio
2355 3701 2426 3736 est

1404 3772 1654 3822 Ciceronis
1677 3771 1762 3833 qui
1779 3780 1917 3833 gestu
1942 3768 2160 3832 designat
2179 3768 2426 3817 tribunum

1406 3852 1491 3914 qui
1517 3866 1568 3896 se
1589 3849 1660 3895 illi
1689 3848 1888 3894 decreto
1929 3849 2300 3894 intercessurum
2336 3847 2431 3892 mi-

1408 3928 1642 3986 nabatur3
1667 3942 1805 3983 nani,
1824 3938 1881 3974 ut
1905 3942 2050 3989 snpra
2063 3927 2163 3986 jem
2186 3925 2397 3972 diximus
2419 3958 2433 3980 ,

1408 4007 1513 4070 lege
1529 4006 1818 4069 Sempronia
1838 4005 2024 4053 tribuni
2041 4004 2199 4067 plebis
2214 4014 2429 4050 senatus·

1408 4085 1665 4140 consulto,
1696 4100 1795 4147 quo
1825 4082 2209 4132 decernebantur
2231 4080 2429 4144 provin·

1411 4165 1499 4213 ein
1517 4164 1784 4229 prator-ie,
1805 4160 2100 4211 intercedere
2116 4167 2356 4224 poterant.
