2994 4778
672 437 805 520 140
1308 435 1404 502 M.
1454 434 1533 501 T.
1585 431 2156 503 CICERONIS

657 556 937 627 Scilicet
984 576 1235 651 aspera
1277 576 1439 626 mea
1480 567 1777 638 natm-213
1833 549 2141 623 difficilis
2183 548 2510 639 aditus73
2553 553 2781 648 gravis

656 663 935 752 vultus3
957 662 1271 762 superba
1288 686 1667 760 responsa;
1695 662 2013 734 insolens
2036 661 2179 733 vita
2193 654 2264 749 ⁸3
2296 684 2513 731 nemo
2533 660 2783 732 huma-

657 776 954 846 nitatem
1005 797 1276 874 meam‚
1337 796 1554 842 nemo
1610 771 2245 859 consuetudinem,
2287 795 2506 842 nemo
2542 775 2782 842 consi·

656 884 870 973 lium,
903 908 1119 956 nemo
1157 881 1502 953 auxilium
1540 881 1994 979 requirebat:
2031 883 2236 977 cujus
2270 879 2635 952 desiderio
2663 881 2784 974 (ut

655 995 806 1067 haec
837 996 1130 1066 minima
1154 991 1422 1088 dicam)
1453 989 1693 1064 forum
1717 1006 2090 1081 moestum,
2125 1005 2325 1062 muta
2360 995 2558 1062 curia
2578 1044 2599 1077 ‚
2626 1015 2783 1062 om-

656 1108 774 1177 nia
823 1104 1138 1201 denique
1185 1101 1548 1174 bonarum
1607 1103 1868 1173 artium
1922 1099 2154 1172 studia
2198 1101 2577 1172 siluerunt.
2646 1100 2782 1174 Sed

656 1214 837 1286 nihil
861 1218 953 1285 sit
970 1212 1236 1284 sactum
1260 1236 1421 1284 mea
1449 1235 1662 1282 causa
1688 1239 1704 1281 ε
1733 1212 1974 1283 omnia
2001 1210 2117 1280 illa
2137 1208 2784 1292 senatusconsulta,

652 1323 907 1423 populi
923 1322 1149 1419 jussa,
1177 1321 1398 1393 Italiae
1427 1322 1684 1409 totius,
1713 1334 2130 1392 cunctarum
2157 1320 2612 1407 societatum,
2646 1320 2785 1390 col·

656 1435 1004 1531 legiorum
1045 1432 1422 1504 omniums»
1459 1430 1750 1502 decreta
1788 1429 1877 1500 de
1919 1453 2069 1517 me,
2107 1426 2525 1526 reipublicae
2573 1451 2785 1500 causa

654 1566 810 1615 esse
861 1528 1447 1612 facta'fateamur.
1495 1538 1689 1630 Quid
1727 1562 1937 1635 ergo,
1983 1535 2205 1609 homo
2248 1538 2784 1638 imperitissime

651 1650 896 1724 solidae
932 1650 1200 1736 laudiS‚
1231 1674 1314 1722 ac
1344 1674 1527 1720 verae
1554 1648 1943 1745 dignitatiS,
1971 1650 2424 1745 praestantius
2450 1649 2629 1720 mihi
2660 1674 2785 1748 po-

653 1763 794 1831 tuit
827 1759 1192 1831 accidere?
1225 1758 1401 1856 quid
1442 1755 1829 1855 optabilius
1856 1756 1948 1828 ad
1978 1759 2593 1831 immortalitatem
2626 1760 2785 1856 glo-

657 1871 818 1959 riae,
858 1884 1077 1967 atque
1114 1868 1205 1940 ad
1240 1869 1660 1939 memoriam
1699 1869 1839 1937 mei
1884 1870 2201 1940 nominis
2240 1872 2787 1968 sempiternam,

658 2003 878 2076 quam
913 2000 1165 2050 omnes
1210 1976 1347 2048 hoc
1385 1978 1574 2048 cives
1617 2001 1814 2047 meos
1841 1976 2166 2072 judicare
2191 2033 2212 2066 ‚
2251 1982 2552 2052 civitatis
2593 1981 2787 2052 salu-

659 2101 805 2159 tem
855 2110 1019 2158 cum
1063 2111 1219 2158 mea
1265 2087 1481 2157 unius
1519 2086 1743 2157 salute
1781 2109 1932 2157 esse
1977 2088 2490 2182 conjunctam?
2567 2090 2790 2180 Quod

658 2196 953 2295 quidem
992 2221 1127 2294 ego
1160 2195 1294 2267 tibi
1326 2194 1555 2269 reddo
1594 2210 1796 2267 tuum
1819 2205 1903 2266 ¹⁰.
1927 2198 2148 2285 Nam,
2171 2212 2255 2268 ut
2280 2213 2363 2269 tu
2397 2223 2516 2269 me
2536 2225 2790 2272 carum

656 2332 809 2380 esse
836 2306 1076 2378 dixisti
1103 2308 1425 2396 senatui,
1449 2306 1869 2405 populoque
1896 2330 2195 2388 romano
2213 2361 2232 2394 ‚
2271 2332 2419 2380 non
2450 2324 2600 2381 tam
2629 2336 2791 2383 mea

655 2441 897 2506 causa,
950 2440 1171 2515 quam
1214 2415 1673 2514 reipublicae:
1724 2417 1824 2488 sic
1865 2440 1999 2514 ego
2037 2433 2150 2504 te,
2201 2442 2651 2517 quamquam
2696 2424 2792 2494 sis

650 2530 850 2601 omni
910 2526 1195 2599 diritate
1251 2540 1471 2623 atque
1539 2527 1983 2598 immanitate
2042 2533 2493 2618 teterrimuS‚
2543 2546 2792 2604 tamen

653 2637 817 2710 dico
858 2662 1008 2711 esse
1055 2636 1226 2708 odio
1275 2637 1647 2724 civitati¹¹‚
1696 2661 1840 2707 non
1895 2651 2038 2708 tam
2077 2652 2242 2727 tuo,
2284 2664 2501 2736 quam
2548 2643 2795 2738 reipu-

654 2746 858 2819 blicae
896 2747 1216 2818 nomine.

1848 2919 1931 2952 11.
1970 2903 2099 2952 oaio
2124 2902 2324 2953 civitati·
2365 2902 2549 2953 odium
2586 2904 2713 2953 mad
2742 2906 2798 2954 iu

1770 2981 2016 3029 Vatinium
2038 2983 2161 3031 adeo
2187 2999 2332 3048 grave
2355 2993 2487 3039 erat,
2512 2994 2568 3031 ut
2594 2985 2648 3032 in
2677 3002 2799 3049 pro·

654 2903 888 2953 obsistere
902 2936 918 2963 ,
931 2904 1132 2966 ejusque
1151 2911 1257 2950 aeta
1274 2900 1420 2949 vellet
1440 2899 1683 2949 rescinde·

656 2999 737 3042 re,
767 2982 1058 3033 Ciceronem
1077 2991 1410 3042 arcesserunt,
1426 2980 1513 3043 qui
1538 2980 1686 3028 latine

657 3061 890 3128 grassanti
912 3060 1092 3113 Clodio
1112 3061 1239 3108 viem
1259 3058 1595 3124 praecluderet.

731 3160 783 3204 ⁶7.
826 3137 1054 3209 Difficilis
1097 3140 1276 3188 adicus.
1318 3141 1478 3202 Quam
1520 3137 1681 3186 faciles

657 3222 838 3270 fuerint
865 3219 929 3267 ed
956 3220 1244 3269 Ciceronem
1272 3216 1432 3265 aditu·
1456 3216 1574 3265 inde
1598 3233 1682 3281 pa-

656 3310 726 3348 tet
743 3334 758 3358 ‚
781 3298 922 3364 qnod
943 3309 1165 3362 tempore
1184 3296 1318 3344 omni
1338 3311 1439 3358 quo
1459 3295 1683 3345 Ciliciam

656 3376 1045 3438 administravit,
1082 3374 1255 3423 domus
1285 3374 1548 3434 janitorem
1578 3389 1683 3421 non

654 3455 895 3512 habebam
941 3469 1098 3516 neque
1132 3453 1239 3517 ipse
1265 3451 1491 3514 cuiquam
1521 3450 1682 3511 jacere

656 3536 709 3582 in
730 3533 861 3583 lecto
893 3542 1183 3594 conspectus
1208 3541 1283 3578 est
1301 3562 1316 3585 ‚
1356 3528 1441 3576 sed
1468 3546 1496 3577 a
1519 3530 1681 3594 primo

655 3612 774 3662 eolis
794 3621 906 3659 ortu
924 3620 1057 3657 stans
1073 3618 1157 3655 aut
1176 3607 1429 3655 ambulans
1444 3642 1459 3665 ‚
1494 3625 1580 3656 eoe
1607 3625 1684 3659 ex-

657 3689 891 3756 cipiebet,
913 3686 997 3752 qui
1016 3687 1275 3735 salutatum
1296 3685 1572 3735 veniebant.

730 3771 781 3818 8.
806 3767 1028 3816 Insolens
1042 3765 1172 3815 νὶεα.
1188 3766 1500 3829 Arrogantiae
1518 3765 1677 3830 plenu.

729 3867 781 3912 9.
822 3846 1150 3912 Collegiorum
1186 3844 1419 3893 omnium.
1461 3846 1579 3893 Non
1608 3844 1680 3892 di-

656 3938 835 3979 cuntur
872 3925 1032 3974 solum
1072 3923 1364 3989 pontificum
1383 3927 1679 3988 ‚magistra-

658 4020 798 4056 tnnm
818 4041 833 4064 ‚
892 4020 1135 4069 augurum
1155 4037 1171 4063 ,
1216 4003 1300 4052 sed
1344 4013 1393 4051 et
1436 4002 1677 4052 artificum

658 4086 883 4152 collegia.

730 4180 808 4217 xo.
829 4162 995 4213 Reddo
1012 4172 1164 4210 tuum.
1185 4161 1277 4209 Par
1296 4161 1399 4225 pari
1424 4161 1639 4211 reseram.

1772 3059 1994 3109 verbinm
2025 3073 2195 3126 postea
2231 3062 2517 3111 traheretur.
2539 3064 2796 3122 numum,

1772 3140 1915 3201 xlv,
1943 3141 1991 3199 3,
2022 3141 2114 3189 ait:
2138 3163 2164 3183 ιι
2183 3141 2390 3189 odissem
2419 3153 2467 3190 te
2503 3141 2624 3190 odio
2657 3144 2801 3191 vati·

1768 3218 1920 3265 niano
1936 3240 1979 3266 a.
2004 3218 2156 3288 Cujus
2182 3219 2348 3269 hoste·
2387 3223 2568 3269 Senem
2593 3222 2802 3286 scripsit

1768 3299 2118 3346 numerosiores
2170 3315 2313 3362 quam
2361 3311 2569 3347 etrum,
2637 3301 2804 3366 ipsius

1770 3393 1887 3426 esee.
1905 3378 2212 3440 Macrobius,
2235 3380 2426 3426 Saturn.
2443 3382 2520 3439 11,
2539 3381 2603 3437 6,
2638 3381 2802 3443 qnod·

1772 3455 1884 3503 dem
1909 3455 2085 3515 refert,
2124 3456 2260 3520 quod
2286 3457 2456 3505 odium
2491 3457 2620 3506 illud
2646 3460 2803 3508 fuine

1769 3534 2099 3598 gravissimum
2148 3546 2196 3582 et
2251 3536 2481 3584 omnibus
2528 3554 2802 3587 commune

1769 3610 2044 3664 confirmat.
2075 3615 2296 3663 Vatinius
2325 3616 2537 3680 lapidum
2570 3617 2705 3665 mole
2722 3619 2805 3666 in-

1763 3690 1892 3751 jecta
1930 3690 1983 3739 in
2027 3709 2138 3741 enm
2175 3710 2316 3759 pene
2356 3695 2512 3743 fuerat
2552 3696 2806 3755 obrutus,

1765 3784 1915 3831 quum
1942 3769 2088 3818 ludos
2106 3771 2274 3820 daret:
2300 3773 2464 3837 itaque
2482 3773 2543 3821 ab
2566 3774 2811 3824 edilibus

1764 3848 2064 3911 impetravit,
2110 3861 2166 3899 ut
2198 3850 2361 3900 edicto
2411 3853 2697 3914 sancirent,
2740 3872 2808 3902 ne

1768 3928 1876 3991 quie
1901 3925 2032 3975 eliud
2060 3945 2204 3993 quam
2228 3930 2353 3978 mele
2378 3932 2429 3978 in
2461 3932 2653 3986 circum
2684 3935 2806 3982 mit·

1766 4016 1904 4053 teret.
1942 4009 2211 4071 Quaesitum
2257 4010 2354 4057 iere
2393 4010 2597 4074 quidun
2635 4029 2666 4060 a
2714 4015 2812 4063 c·-

1764 4085 1904 4134 aenio
1942 4088 2065 4148 juris
2108 4090 2428 4153 peritissimo,
2485 4106 2610 4139 num
2657 4094 2809 4158 pinea

1767 4163 1888 4211 mala
1912 4165 2030 4214 mala
2052 4184 2248 4231 quoque
2272 4179 2443 4218 essent.
2465 4169 2567 4218 nic
2599 4188 2809 4238 respun-
