2994 4778
703 436 837 509 150
1327 442 1426 510 M.
1470 443 1551 514 Τ.
1605 440 2176 511 CICERONIS

696 559 868 655 qui,
917 572 1138 656 atque
1177 583 1269 631 ex
1318 560 1637 633 tenebris
1688 559 2074 656 tyrannus?
2123 558 2255 656 qui
2295 558 2612 657 primum
2660 583 2831 632 eam

692 666 1215 766 rempublicam
1238 722 1258 757 ,
1311 694 1472 767 quae
1518 671 1851 768 auspiciis
1893 671 2204 741 inventis
2249 672 2642 741 constituta
2679 684 2833 754 est,

693 778 951 851 iisdem
994 778 1329 877 auspiciis
1376 777 1673 850 sublatis
1701 832 1722 866 ,
1781 802 2125 851 conarere
2165 793 2523 867 evertere3
2560 777 2835 851 deinde

696 891 1175 960 sanctissimas
1235 888 1460 984 leges,
1514 887 1763 959 AEliam
1827 904 1898 961 et
1951 886 2223 961 Fufiam
2277 887 2443 959 dico
2469 942 2489 976 ‚
2538 912 2705 984 quae
2750 891 2836 957 in

695 999 1186 1071 Gracchorum
1235 996 1607 1071 ferocitate
1631 1052 1651 1088 ,
1688 1013 1763 1071 et
1810 1002 1886 1069 in
1921 998 2214 1071 audacia
2255 992 2699 1083 Saturniniss,
2728 1010 2838 1067 ⁴et

691 1114 769 1182 in
812 1110 1220 1182 colluvione
1249 1109 1505 1196 Drusi,
1544 1125 1618 1181 et
1643 1110 1721 1180 in
1756 1111 2226 1181 contentione
2261 1108 2603 1205 Sulpicii,
2642 1120 2717 1179 et
2750 1107 2836 1177 in

692 1244 954 1292 cruore
990 1222 1358 1306 Cinnano,
1399 1222 1617 1293 etiam
1653 1220 1844 1292 inter
1884 1220 2177 1291 Sullana
2222 1243 2420 1289 arma
2451 1219 2837 1303 vixerunt,

690 1329 889 1401 solus
924 1329 1400 1418 conculcaris»,
1449 1354 1535 1402 ac
1578 1354 1717 1427 pro
1761 1329 1990 1403 nihilo
2040 1330 2359 1430 putaris;
2397 1330 2523 1427 qui
2557 1348 2835 1401 consu·

690 1440 837 1511 lem
873 1439 1090 1509 morti
1117 1436 1465 1535 objeceris
1481 1493 1503 1528 ,
1527 1441 1889 1511 inclusum
1908 1438 2274 1512 obsederis
2290 1492 2310 1527 ,
2335 1435 2710 1510 extrahere
2735 1461 2836 1507 ex

692 1552 840 1621 suis
869 1552 1072 1621 tectis
1096 1565 1395 1622 conatus
1423 1553 1559 1638 sis;
1592 1550 1821 1647 quiin
1852 1574 1941 1621 eo
1973 1550 2386 1647 magistratu
2417 1573 2571 1618 non
2601 1545 2833 1618 modo

692 1661 1061 1732 emerseris
1103 1686 1191 1732 ex
1230 1660 1727 1748 mendicitate,
1774 1659 1900 1733 sed
1948 1662 2163 1731 etiam
2207 1658 2470 1729 divitiis
2500 1683 2636 1728 nos
2678 1658 2832 1753 jam

691 1773 835 1841 tuis
894 1784 1163 1841 terreas
1198 1796 1216 1840 t
1288 1769 1605 1842 fuerisne
1651 1785 1850 1843 tanta
1883 1770 2304 1863 crudelitate
2325 1822 2345 1856 ,
2381 1783 2464 1839 ut
2507 1767 2833 1840 delectos

688 1879 884 1950 viros
930 1894 1005 1950 et
1048 1879 1412 1977 principes
1446 1881 1750 1953 civitatis
1790 1881 2046 1953 tollere
2101 1896 2199 1952 et·
2225 1878 2464 1951 delere
2528 1893 2652 1949 tua
2713 1903 2837 1949 ro-

685 1989 1032 2083 gatione9
1065 1989 1470 2061 conareris?

790 2104 881 2169 X.
908 2100 1153 2189 Quum
1181 2105 1262 2171 L.
1281 2102 1606 2171 Vettium
1623 2152 1644 2186 ,
1671 2098 1801 2196 qui
1828 2099 1903 2170 in
1929 2112 2182 2171 senatu
2216 2095 2587 2170 confessus
2608 2112 2832 2187 esset,

691 2233 768 2281 se
800 2232 966 2279 cum
996 2209 1144 2280 telo
1181 2207 1429 2297 fuisse,
1464 2209 1997 2306 Cn.Pompei0,
2018 2232 2303 2279 summo
2327 2222 2400 2279 et
2432 2206 2834 2279 clarissimo

690 2319 850 2406 civi,
874 2318 1025 2389 suis
1061 2318 1395 2391 manibus
1421 2341 1676 2389 necem
1705 2316 2000 2389 offerre1
2035 2317 2350 2389 voluisse
2371 2370 2392 2405 ,
2416 2316 2494 2386 in
2525 2318 2832 2388 concio-

690 2453 862 2500 nem
903 2426 1328 2527 produxeris
1351 2483 1371 2517 ,
1404 2428 1715 2500 indicem
1740 2429 1814 2499 in
1851 2429 2163 2526 Rostris,
2190 2430 2266 2498 in
2303 2427 2831 2525 illu,inquam,

691 2553 1042 2637 augurato
1070 2540 1347 2637 templo
1390 2564 1472 2610 ac
1510 2539 1672 2610 loco
1711 2539 2085 2638 collocaris
2113 2567 2130 2609 ε
2158 2562 2350 2634 quo,
2381 2540 2835 2610 auctoritatis

688 2648 1201 2747 exquirendae²
1243 2672 1489 2735 causa,
1524 2653 1742 2720 ceteri
1765 2648 2037 2720 tribuni
2070 2647 2303 2746 plebis
2342 2650 2706 2746 principes
2732 2651 2832 2720 ci-

761 2813 813 2867 8.
857 2819 918 2866 1η
961 2815 1181 2865 audacie:
1220 2815 1494 2866 Saturnini.
1539 2818 1715 2880 Legem
1805 2817 2204 2866 commentarium
2258 2816 2534 2866 echoliaetae
2578 2817 2836 2866 Mediob-

690 2897 772 2944 bic
819 2893 935 2944 tulit
976 2898 1211 2961 agrariam
1227 2929 1242 2955 ,
1277 2911 1528 2960 quumque
1561 2896 1714 2961 legem

692 2975 833 3022 aliem
857 2976 1056 3023 recitare
1082 2987 1372 3036 conaretur,
1397 2976 1576 3024 seditio
1604 2977 1714 3040 ple-

692 3053 770 3102 bis
795 3056 920 3104 seen
946 3066 1050 3114 est,
1085 3065 1383 3119 coactusque
1415 3055 1511 3104 fuit
1538 3056 1589 3103 in
1624 3057 1717 3104 Ce-

689 3133 923 3199 pitolium
948 3134 1236 3198 confugere,
1255 3133 1340 3183 ubi
1367 3133 1544 3198 tegulis
1565 3143 1615 3181 et
1637 3132 1712 3181 le-

691 3211 891 3276 pidibne
917 3213 1006 3262 fuit
1031 3228 1308 3278 oppressus.
1329 3239 1401 3251 -
1428 3214 1618 3262 Drusus
1639 3213 1713 3261 le-

694 3306 803 3354 gem
859 3291 972 3340 tulit
989 3324 1005 3350 ,
1050 3308 1147 3357 que
1188 3293 1371 3344 Latinis
1426 3294 1674 3341 eivitetem
1691 3323 1708 3348 ,

691 3369 826 3433 plebi
844 3385 1011 3433 egros,
1035 3372 1285 3434 equitibus
1297 3371 1507 3429 curiam.
1526 3371 1712 3419 eenetui

686 3447 871 3508 judici·
890 3451 1195 3500 concederet.
1213 3448 1417 3500 Consul!
1443 3466 1562 3498 vero
1586 3451 1712 3515 legi·

694 3528 789 3576 bus
823 3526 1078 3578 obsistenti
1112 3531 1178 3576 ita
1200 3529 1384 3577 collum
1410 3529 1466 3576 in
1487 3529 1600 3576 foro
1625 3530 1718 3579 ob-

697 3608 867 3668 torsit,
909 3619 965 3657 ut
1003 3610 1198 3673 eanguie
1238 3608 1436 3657 neribus
1476 3610 1716 3660 efflueret.

697 3687 795 3738 sed
818 3687 1034 3737 immisso
1056 3688 1184 3735 inter
1215 3686 1404 3736 turbem
1435 3703 1718 3752 percussore

696 3766 981 3817 interfectus
1011 3776 1102 3815 eet.
1126 3791 1198 3802 —-
1222 3768 1278 3814 P.
1293 3766 1539 3831 Sulpiciae
1563 3783 1718 3832 quum

696 3846 828 3910 leges
852 3846 996 3893 ferret
1012 3843 1336 3909 peruicioen,
1361 3847 1419 3894 1..
1444 3846 1581 3895 sulla
1605 3863 1717 3895 eum

700 3925 914 3973 exercitu
929 3924 984 3972 in
1002 3923 1173 3972 urbem
1191 3924 1435 3989 ingressus
1449 3936 1541 3976 eet.
1554 3928 1720 3989 Quum

705 4017 818 4051 cero
845 4003 1089 4068 Sulpicius
1108 4004 1159 4052 in
1175 4004 1289 4053 ville
1308 4005 1558 4065 latuisset,
1588 4006 1719 4054 iudi-

702 4084 787 4130 rio
808 4083 937 4131 servi
955 4092 1192 4131 retractu·
1211 4094 1262 4131 et
1288 4085 1481 4132 occisus
1506 4094 1597 4132 eet.

766 4177 818 4224 9.
876 4164 982 4210 Tua
1041 4160 1317 4227 rogatione.
1377 4162 1718 4227 &pauime-

1803 2897 1967 2945 nensis
1992 2930 2010 2955 ,
2057 2895 2195 2960 quod
2243 2896 2441 2961 quidem
2487 2897 2558 2945 sic
2593 2908 2793 2946 constat
2823 2914 2838 2948 ε

1802 2976 1918 3023 «De
1955 2975 2055 3023 hoc
2087 2986 2305 3040 tempore
2339 2975 2530 3039 loquuti
2572 2993 2746 3024 eumue
2777 2979 2837 3026 in
2870 3007 2875 3012 ·

1802 3055 2024 3102 oratione
2047 3069 2159 3117 qua
2185 3056 2310 3103 benc
2334 3055 2567 3118 prueedit
2581 3090 2597 3116 ,
2619 3057 2676 3105 1..
2697 3058 2836 3106 Vet-

1804 3133 1961 3193 tium,
1996 3133 2243 3197 perditum
2282 3134 2552 3190 hominem,
2588 3135 2840 3186 instinctu

1800 3212 1987 3262 Vatinii
2040 3213 2315 3276 protensum
2353 3230 2457 3262 eene
2497 3214 2630 3280 apud
2681 3231 2840 3265 eena-

1801 3302 1927 3348 tum.
1949 3308 2003 3339 ee
2024 3292 2369 3350 indicaturum,
2395 3293 2652 3358 plerosque
2676 3295 2837 3344 nobi-

1800 3371 2008 3420 lieeimoe
2053 3372 2185 3419 vitoe
2225 3371 2287 3420 de
2317 3372 2656 3424 interficiendo
2686 3377 2842 3425 Pon»-

1798 3453 1913 3516 peio
1951 3452 2097 3500 inieee
2137 3453 2557 3514 conjurationum
2590 3456 2644 3504 id
2693 3473 2842 3505 nem·

1802 3547 1899 3596 que
1935 3532 2186 3594 negotium
2232 3531 2326 3580 eibi
2367 3533 2655 3584 mendene:
2692 3536 2838 3586 hunc

1803 3621 1962 3662 temen
1998 3612 2215 3660 Vettium
2260 3613 2310 3658 iu
2377 3628 2614 3662 mroerem
2659 3618 2843 3677 eonio—

1803 3700 1959 3746 ctum,
1988 3699 2136 3754 etque
2156 3689 2225 3738 ibi
2248 3703 2508 3750 necatum,
2536 3693 2656 3758 ipsi·
2673 3695 2840 3759 potie-

1805 3770 1978 3817 eimum
2014 3769 2324 3830 auctoribus,
2343 3771 2430 3835 qui
2458 3788 2568 3820 eum
2598 3772 2662 3821 ad
2686 3790 2840 3822 nen-

1808 3847 2001 3896 dacium
2021 3847 2374 3899 suborneeeent
2393 3872 2439 3901 n.
2468 3852 2654 3900 Simili-
2690 3852 2840 3901 debit

1807 3927 1906 3977 Dio
1922 3963 1938 3987 ,
1958 3928 2234 3977 xxxvm
2249 3963 2264 3989 ,
2291 3945 2343 3992 9.

1875 4009 1945 4054 x.
1972 4023 2015 4055 1.
2042 4007 2127 4056 Al.
2156 4006 2357 4072 asset-re.

1878 4101 1931 4133 2.
1966 4087 2281 4135 Auctoritatis
2321 4081 2652 4154 acquirenda.
2687 4092 2835 4141 Cou-

1794 4176 2057 4215 -eueverent
2089 4168 2218 4220 enim
2245 4169 2431 4221 tribuni
2461 4170 2644 4235 μισῶ,
2671 4187 2836 4237 quum
