2994 4778
413 422 699 489 ORAT.
753 420 874 488 DE
923 421 1228 489 PROV.
1280 414 2105 488 CONSU'LARIBUS.
2212 412 2351 484 283

216 543 397 615 boni
429 541 819 627 senatoris;
848 541 1077 637 legem
1118 564 1334 638 quam
1367 564 1520 610 non
1559 552 1763 635 putat
1783 535 1838 622 ⁴,
1870 562 2022 608 eam
2053 562 2354 634 quoque

223 667 501 722 servat:
572 647 881 747 praefinit
946 652 1138 721 enim
1204 649 1598 720 successori
1660 645 1876 716 diem.
1940 643 2130 735 Qui⁵
2176 646 2354 716 mihi

223 761 395 832 nihil
451 760 744 830 videtur
783 762 1026 831 minus
1082 785 1120 830 a
1170 759 1513 856 dignitate
1568 756 2090 853 disciplinaque
2136 755 2358 850 majo-

221 896 372 941 rum
430 868 825 955 dissidere,
882 895 1100 967 quam
1150 884 1274 957 ut,
1334 870 1460 965 qui
1522 869 1777 945 consul
1833 864 2159 937 kalendis
2213 866 2353 961 jan.

222 979 484 1050 habere
544 980 991 1075 provinciam
1053 978 1311 1065 debet,
1375 980 1433 1048 is
1488 992 1572 1048 ut
1625 1002 1779 1048 eam
1838 976 2274 1073 desponsam
2300 971 2359 1062 ⁶,

225 1114 358 1159 non
407 1090 783 1160 decretam
827 1088 1095 1161 habere
1144 1089 1492 1160 videatur.
1542 1089 1833 1158 Fuerit7
1878 1101 2034 1157 toto
2067 1086 2144 1155 in
2181 1109 2357 1155 con-

226 1201 454 1271 sulatu
505 1201 667 1270 siue
705 1202 1111 1296 provincia,
1160 1200 1278 1270 cui
1319 1196 1573 1279 fuerit,
1603 1210 1993 1292 antequam
2031 1194 2358 1291 designa-

227 1325 329 1383 tus
357 1324 594 1395 esset,
642 1312 1008 1406 provincia
1040 1307 1374 1380 decreta?
1410 1310 1789 1394 sortietur,
1830 1331 1921 1376 an
1962 1305 2154 1379 non?
2192 1328 2358 1403 nam

228 1435 288 1489 et
316 1445 473 1490 non
515 1422 759 1489 sortiri
792 1417 1188 1493 absurdum
1219 1433 1361 1506 est,
1388 1433 1460 1489 et
1491 1416 1693 1515 quod
1726 1418 2024 1500 sortitus
2055 1417 2179 1502 sit,
2209 1440 2363 1486 non

230 1529 510 1602 habere.
545 1527 1047 1601 Proficiscetur
1072 1522 1552 1627 paludatusss?
1579 1528 1779 1625 quo?
1808 1551 1959 1624 quo
1985 1526 2362 1622 pervenire

230 1654 389 1709 ante
435 1653 715 1713 certam
761 1637 951 1711 diem
996 1663 1142 1709 non
1192 1637 1459 1710 licebit.
1517 1638 1896 1720 Januari0,
1951 1633 2318 1717 februario
2342 1685 2364 1722 ,

236 1752 675 1846 provinciam
716 1774 866 1819 non
906 1747 1220 1819 habebit.
1263 1748 1603 1823 Kalendis
1639 1750 1704 1818 ei
1740 1747 2056 1844 denique
2096 1744 2364 1816 martiis

235 1875 563 1930 nascetur
615 1873 912 1956 repente
975 1859 1367 1956 provincia.
1430 1862 1764 1929 Attamen
1818 1855 1929 1926 his
1991 1854 2366 1926 sententiis

237 1971 380 2041 Piso
446 1974 529 2039 in
606 1970 974 2064 provincia
1042 1967 1494 2066 permanehit
1513 1978 1563 2037 9.
1627 1970 1802 2058 Quae
1852 1990 2080 2063 quum
2127 1964 2365 2061 gravia

238 2096 386 2152 sunt
410 2138 431 2167 ‚
472 2096 637 2151 tum
677 2079 856 2150 nihil
888 2081 1169 2177 gravius
1202 2079 1367 2151 illo:
1406 2080 1605 2175 quod
1647 2077 1934 2148 multari
1971 2077 2360 2172 imperato-

239 2215 374 2260 rem
410 2190 921 2260 deminutione
961 2189 1342 2287 provinciae
1367 2242 1386 2277 ‚
1424 2186 2028 2259 contumeliosum
2071 2199 2213 2270 est3
2252 2208 2370 2255 ne·

244 2325 373 2395 que
416 2298 665 2370 solum
728 2323 1013 2369 summo
1063 2304 1138 2369 in
1194 2300 1395 2386 viro,
1451 2296 1579 2368 sed
1632 2299 1844 2368 etiam
1898 2294 2245 2366 mediocri
2290 2295 2365 2364 in

244 2409 523 2482 homine
572 2435 666 2481 ne
713 2411 1020 2498 accidat,
1062 2387 1614 2508 providendum:
2352 2471 2358 2476 .

332 2526 515 2592 XVI.
570 2522 718 2618 Ego
763 2545 891 2592 vos
936 2520 1294 2618 intelligo,
1340 2537 1580 2619 patres
1624 2521 2054 2616 conscripti,
2101 2513 2370 2586 multos

238 2629 633 2702 decrevisse
684 2630 1001 2701 honores
1047 2633 1352 2701 eximios
1404 2634 1481 2701 C.
1524 2631 1773 2701 Caesari
1797 2684 1816 2716 ‚
1857 2642 1930 2697 et
1965 2650 2192 2724 prope
2231 2629 2372 2694 sin·

241 2739 521 2835 gulares
547 2763 579 2809 ε·
608 2743 666 2809 si
691 2750 711 2781 ¹
758 2739 961 2836 quod
1001 2741 1095 2810 ita
1134 2741 1433 2812 meritus
1467 2755 1619 2812 erat
1641 2795 1660 2825 ,
1698 2742 1962 2835 grati23
1993 2738 2101 2808 sin
2136 2736 2369 2820 etiam,

241 2865 313 2919 ut
343 2875 571 2947 quam
606 2850 1237 2943 conjunctissimus
1274 2851 1446 2922 huic
1483 2850 1719 2922 ordini
1758 2864 1982 2936 esset,
2012 2847 2371 2945 sapientes

238 2983 315 3030 ac
370 2956 647 3030 divini³
703 2957 959 3031 fuistis.
1025 2961 1404 3032 Neminem
1458 2987 1805 3058 umquam
1864 2976 1971 3032 est
2022 2958 2142 3029 hic
2189 2954 2371 3027 ordo

241 3069 660 3167 complexus
722 3068 1126 3141 honoribus
1180 3084 1251 3141 et
1306 3070 1680 3142 beneficiis
1738 3072 1884 3141 suis
1910 3124 1929 3156 ,
1980 3069 2105 3165 qui
2153 3066 2372 3136 ullam

304 3294 352 3340 4.
389 3286 570 3348 Ζςεηι
606 3298 756 3348 quam
783 3299 882 3330 non
900 3294 1060 3348 putat.
1088 3284 1263 3346 Legem
1348 3259 1672 3337 ficincentium
1702 3299 1730 3342 ς,
1755 3282 1974 3331 coccinei
2017 3290 2119 3329 erat
2172 3253 2375 3334 eoloris.

243 3363 481 3411 Vatinium
506 3362 713 3410 scilicet.
1351 3362 1478 3412 Plin.
1500 3361 1586 3410 lib.
1606 3363 1833 3421 xxvn,
1851 3360 2154 3424 imperatoris
2174 3359 2377 3425 paluda-

305 3444 352 3490 ⁵.
376 3444 580 3490 Mannt.
605 3441 854 3502 emendat,
878 3445 1010 3505 Quo.
1031 3477 1044 3491 .
1067 3440 1261 3506 anagia
1348 3444 1529 3492 mentia
1551 3443 1764 3491 dicatum
1792 3458 1994 3490 coccum
2019 3451 2240 3490 testatur.

243 3522 287 3568 J.
304 3523 364 3568 V.
398 3524 451 3570 t..
1425 3539 1477 3586 9.
1517 3526 1578 3571 ln
1603 3522 1857 3588 provincia
1886 3520 2209 3587 pemmnebic.
2249 3519 2376 3581 Quia

308 3599 360 3649 6.
387 3602 712 3665 Desponsam.
733 3596 927 3646 Alludit
943 3597 1005 3645 ad
1023 3597 1265 3661 sponsali·
1352 3603 1660 3652 Macedoniae
1696 3603 1964 3667 provinciae
1990 3601 2122 3650 nulla
2152 3601 2274 3648 facta
2304 3607 2377 3647 est

247 3693 344 3740 qne
365 3679 570 3742 nuptias
592 3678 643 3724 in
662 3677 789 3725 diem
817 3678 1071 3732 differunt,
1092 3694 1267 3742 eatque
1354 3686 1556 3732 mentio.

244 3757 444 3806 incertas
463 3758 704 3818 reddunt;
724 3759 835 3821 quia
854 3758 1267 3824 persaepelevibn·
1426 3764 1567 3810 XVI.
1601 3778 1644 3811 1.
1681 3761 1835 3809 Abest
1860 3761 1920 3809 si.
1948 3760 1998 3807 J.
2019 3761 2080 3807 V.
2114 3761 2170 3805 L.

245 3852 301 3883 ex
318 3839 476 3885 musis
495 3838 699 3901 repudia
719 3838 993 3885 mittuntur.
1121 3882 1125 3886 ,
1429 3856 1478 3886 2.
1503 3840 1660 3888 Grati.
1682 3839 1897 3888 Suband.
1916 3838 2090 3885 fuistis.
2111 3835 2191 3884 Al.
2203 3832 2382 3899 gratis.

315 3935 361 3978 7.
382 3915 570 3963 Fuerit.
595 3920 699 3965 Hoc
720 3916 960 3978 significat
976 3917 1084 3964 fore
1099 3915 1267 3964 abant·
1426 3920 1475 3966 3.
1496 3921 1573 3965 Ac
1587 3917 1879 3968 diviniNide
1895 3933 1985 3982 pro
1999 3913 2251 3972 Marcello,
2272 3930 2381 3977 cap.

249 4001 516 4051 dissimum.
1364 4015 1383 4045 1
1407 4033 1422 4057 ‚
1461 4009 1511 4045 et
1554 3997 1618 4044 ad
1663 3998 1730 4058 Q.
1772 3999 1996 4055 fratrem,
2022 3999 2103 4053 11,
2148 4011 2211 4056 7:
2252 4016 2277 4035 κ
2301 3994 2383 4040 Se·

315 4085 363 4131 8.
385 4083 683 4132 Paludatus.
705 4082 1101 4132 paludamentum
1124 4082 1270 4131 ventis
1357 4087 1504 4125 natus
1524 4076 1749 4140 frequens
1770 4077 1965 4125 divinus
1988 4076 2081 4123 fnit
2106 4074 2160 4122 in
2186 4071 2381 4135 snppli-

252 4162 446 4225 propria
469 4161 652 4211 ducnm
669 4160 733 4209 ad
754 4178 855 4210 rem
876 4162 1129 4211 militarem
1152 4177 1269 4224 pto·
1360 4159 1553 4207 catione
1573 4156 1784 4205 Gabinio
1801 4154 2081 4219 deneganda
2098 4175 2142 4200 s».
