2994 4778
675 387 1057 457 ORATIO
1111 387 1220 457 IN
1271 388 1351 456 L.
1393 390 1472 457 c.
1522 388 2022 455 PlsoNEM.
2271 378 2411 476 375

284 505 473 578 hanc
503 506 635 602 qui
673 530 748 577 se
782 520 1103 579 metuere
1136 506 1490 595 dicerent,
1514 507 1710 579 hos¹¹
1735 506 2096 594 consules,
2122 531 2274 578 non
2305 504 2411 575 di-

282 640 435 687 cam
491 617 715 686 animi
766 615 1147 689 hominum
1173 672 1194 704 ‚
1252 618 1380 691 sed
1434 616 1597 689 fasti
1639 618 1768 689 ulli
1816 615 2004 688 ferre
2058 616 2442 714 possunt?

277 727 500 810 Nam,
536 728 600 794 si
642 724 831 797 illam
855 726 1085 823 legem
1104 753 1254 799 non
1287 727 1755 826 putabatis¹²‚
1789 752 1948 825 quae
1980 740 2130 797 erat
2166 742 2417 798 contra

279 858 537 905 omnes
577 834 810 932 legoe,
864 836 1263 909 indemnati
1309 839 1480 910 civis
1532 852 1751 935 atque
1783 831 2125 933 integri¹³
2168 835 2417 930 capitis

282 942 804 1042 bonorumque
857 947 1228 1019 tribunitia
1289 950 1772 1046 proscriptio;
1813 946 1946 1017 hac
2001 960 2239 1017 tamen
2286 943 2417 1014 oh-

280 1055 505 1125 stricti
548 1059 881 1151 pactione
909 1057 1351 1133 tenebamini
1381 1083 1398 1128 :
1434 1061 1598 1155 quis
1631 1083 1760 1128 vos
1798 1081 1948 1127 non
1978 1053 2198 1125 modo
2237 1077 2414 1124 con-
2489 1150 2494 1159 a

280 1164 512 1250 sales,
564 1164 690 1237 sed
726 1166 993 1238 liberos
1035 1166 1254 1240 fuisse
1302 1182 1546 1265 putet,
1597 1190 1911 1264 quorum
1948 1188 2168 1247 ‚mens
2202 1162 2419 1234 fuerit

277 1298 628 1373 oppressa
653 1280 978 1373 praemio,
1012 1275 1255 1374 lingua
1283 1277 1619 1353 adstricta
1649 1274 2029 1349 mercede?
2066 1276 2187 1346 Sin
2221 1271 2414 1344 illam

281 1411 407 1456 vos
442 1384 584 1457 soli
611 1385 839 1482 legem
871 1386 1264 1486 putabatis,
1298 1393 1684 1486 quisquam
1719 1412 1846 1458 vos
1876 1385 2207 1458 consules
2242 1399 2418 1455 tunc

280 1495 536 1583 fussse,
571 1512 696 1567 aut
738 1522 933 1569 nunc
963 1512 1117 1571 esse
1152 1499 1570 1571 consulares
1598 1495 1805 1596 pu'tet
1829 1552 1847 1585 ,
1889 1500 2016 1595 qui
2050 1497 2206 1590 ejus
2250 1497 2419 1566 civi-

282 1609 486 1695 tatis,
527 1610 604 1678 in
649 1632 795 1703 qua
839 1612 910 1679 in
958 1612 1364 1708 principum
1404 1634 1710 1681 numero
1745 1609 1961 1683 vultis
2012 1632 2166 1679 esse
2191 1661 2210 1695 ,
2265 1630 2413 1677 non
2485 1699 2504 1719 ⁸

284 1717 515 1814 lege5‚
560 1744 713 1790 non
763 1720 1133 1807 instituta,
1182 1746 1331 1793 non
1372 1744 1650 1804 moreS,
1713 1745 1863 1793 non
1913 1719 2081 1815 jura
2119 1719 2419 1789 noritis?

280 1831 432 1911 An,
478 1852 708 1924 quum
760 1828 1408 1926 proficiscebamini
1444 1829 1766 1927 paludati
1792 1831 1852 1879 ¹⁴
1902 1830 1979 1899 in
2013 1828 2417 1926 provincias

280 1937 389 2007 vel
425 1948 739 2036 emptas¹
753 1934 806 2024 ⁵,
858 1937 974 2010 vel
1011 1955 1293 2037 ereptas
1319 1934 1420 2028 ¹⁶,
1470 1938 1804 2011 consules
1864 1962 1989 2009 vos
2029 1940 2412 2034 quisquam

283 2046 611 2142 putavit?
656 2051 944 2144 Itaque,
984 2047 1237 2131 cred0‚
1281 2049 1339 2119 si
1382 2051 1625 2121 minus
1659 2046 2066 2145 frequentia
2115 2072 2242 2118 sua
2291 2071 2415 2118 ve-

282 2171 510 2226 strum
552 2180 914 2253 egressum
952 2158 1280 2229 ornando
1337 2174 1556 2256 atque
1593 2155 2060 2243 celebrand03
2114 2170 2187 2226 at
2229 2159 2414 2227 omi-

285 2264 498 2337 nibus
547 2266 796 2339 saltem
830 2266 1082 2352 bonis,
1126 2282 1203 2339 ut
1230 2269 1609 2356 consule5‚
1649 2292 1796 2338 non
1843 2268 2295 2354 tristissimis,
2335 2281 2417 2337 ut

287 2374 564 2465 hostes,
597 2394 725 2451 aut
761 2377 1166 2476 proditores
1204 2379 1845 2477 prosequebantur.

375 2493 560 2560 XIV.
607 2494 811 2561 Tune
848 2495 1133 2576 etiam¹‚
1168 2492 1766 2564 immanissimum
1813 2513 1898 2561 ac
1938 2487 2408 2561 foedissimum

284 2597 729 2670 monstrum!
781 2625 997 2671 ausus
1031 2625 1109 2672 es
1147 2626 1392 2673 meum
1430 2600 1826 2675 discessum
1864 2599 2107 2685 illum,
2156 2612 2410 2670 testem

280 2840 553 2889 eomnevit.
578 2840 765 2890 centn
787 2856 987 2905 quoque
1004 2840 1304 2903 judiciorum

282 2934 470 2966 morem
493 2929 543 2966 et
566 2919 788 2968 instituta
814 2920 1041 2969 civitatis.

363 3012 446 3046 n.
475 2999 570 3046 Hos
595 2999 834 3048 eonsules.
855 2996 1008 3048 Abest
1033 2998 1138 3048 laos.

361 3092 446 3125 ιη.
475 3078 742 3127 Pambotis.
773 3078 859 3127 Al.
879 3079 1127 3143 putabitis.

357 3157 442 3206 13.
481 3158 672 3224 Integn'
706 3157 901 3222 capitis.
934 3159 989 3208 td
1025 3170 1125 3218 est,
1156 3159 1303 3217 civis,

279 3237 368 3299 qni
392 3253 496 3285 non
519 3249 625 3287 erat
641 3239 751 3299 jure
776 3235 933 3302 capite
960 3238 1256 3287 deminutus.

355 3328 438 3374 1⁴.
454 3318 613 3381 Quum
626 3316 1023 3385 proficiscebam.
1044 3315 1301 3383 paludati.

278 3396 447 3458 Quum
468 3397 598 3445 votis
624 3398 678 3444 in
712 3396 958 3461 Capitolio
981 3397 1299 3461 nuncupatis,

280 3475 520 3523 Gabinius
554 3477 610 3523 in
648 3477 837 3540 Syriam
871 3493 984 3525 cum
1015 3477 1303 3525 auctoritate

279 3554 622 3617 proconsulari
668 3569 722 3602 se
771 3555 1010 3604 conferret
1027 3589 1042 3613 ,
1087 3567 1140 3603 tu
1184 3571 1302 3603 vero

279 3632 623 3681 Macedoniam
658 3643 866 3697 peteres.
893 3633 1049 3681 Vsu-ro
1090 3634 1303 3698 explicet

281 3712 425 3773 hujus
467 3715 792 3778 profectionis
842 3715 1089 3764 solennem
1128 3718 1304 3773 ritum,

281 3794 351 3839 vl
372 3793 435 3840 de
455 3795 510 3842 L.
530 3797 589 3841 L.
621 3795 715 3842 En.

358 3873 439 3921 15.
468 3873 562 3920 Vel
585 3885 787 3937 emptas.
813 3875 859 3921 A
877 3874 1059 3925 Clodio
1076 3910 1092 3934 ,
1115 3874 1209 3922 mei
1229 3889 1309 3922 ea·

281 3951 398 4015 pitis
416 3961 467 3999 et
486 3952 734 4016 sauguinis
755 3955 1007 4016 pactione,
1026 3963 1172 4018 quem
1195 3968 1309 4017 pro-

283 4030 494 4079 didistis.

369 4110 449 4157 16.
486 4110 577 4157 Vel
596 4121 799 4172 ereptas.
828 4113 874 4159 A
899 4111 1177 4175 republica,
1212 4127 1307 4174 qua

1390 2842 1554 2891 adhuc
1600 2853 1756 2891 stante
1811 2859 1914 2891 non
1952 2841 2110 2890 solum
2146 2839 2209 2888 ad
2254 2856 2412 2888 meum

1388 2923 1671 2986 unguinem
1698 2920 2020 2970 hauriendum
2035 2957 2050 2981 ‚
2071 2920 2157 2969 sed
2180 2921 2324 2967 etiam
2350 2920 2415 2968 ad

1390 3002 1497 3061 ejus
1546 3001 1703 3066 spolie
1747 3000 2047 3050 detrahenda
2086 2999 2413 3048 advolavistis.

1390 3082 1487 3129 Pro
1508 3083 1643 3129 Sext.
1661 3091 1709 3129 et
1726 3080 1973 3145 superius,
2005 3103 2030 3122 e-
2046 3079 2232 3128 Eodem
2252 3090 2300 3127 et
2317 3079 2413 3126 loci

1392 3159 1595 3222 vestigio
1624 3170 1675 3207 et
1699 3158 1931 3224 temporis
1954 3156 2153 3206 arbitria
2183 3173 2286 3205 non
2319 3159 2411 3205 mei

1391 3238 1550 3286 solum
1563 3274 1578 3296 ,
1597 3237 1684 3288 sed
1706 3240 1876 3303 pstriae
1895 3238 2078 3286 funeris
2090 3237 2388 3285 abstulistis»
2400 3275 2411 3286 .

1463 3320 1604 3368 xlv.
1628 3335 1675 3367 1.
1705 3322 1838 3366 Tune
1858 3317 2021 3365 eciam.
2045 3319 2250 3382 Arrepta
2272 3333 2412 3366 occa·

1391 3398 1530 3448 sione
1556 3401 1764 3461 graviter
1790 3410 1840 3447 et
1873 3397 2170 3447 inflammato
2199 3398 2412 3461 quodam

1389 3478 1578 3543 impetu
1593 3479 1657 3527 sd
1672 3479 1873 3528 alteram
1890 3476 2268 3542 comparationis
2289 3480 2416 3526 inter

1390 3574 1468 3616 se,
1496 3569 1546 3607 et
1571 3560 1797 3608 Pisonem
1824 3556 2065 3606 instituta
2081 3567 2267 3622 pst-tem
2287 3555 2415 3605 dela·

1388 3636 1524 3686 bitur
1544 3652 1561 3698 ς
1608 3639 1811 3702 ejusque
1874 3636 2224 3701 impudentiam
2297 3634 2414 3681 hinc

1394 3717 1638 3776 ostendit,
1659 3716 1795 3780 quod
1825 3716 2052 3765 Ciceroni
2080 3716 2245 3779 sugam
2272 3713 2410 3773 obje-

1398 3795 1516 3841 cerit
1545 3807 1595 3843 et
1621 3794 1928 3858 exprobrarit
1944 3829 1959 3855 ‚
1979 3809 2124 3858 quam
2156 3792 2219 3840 sd
2253 3790 2414 3839 occul·

1395 3871 1542 3920 unde
1586 3888 1672 3920 sus
1712 3871 1893 3921 scelere
1938 3883 2178 3937 perpetuo
2218 3870 2414 3919 silentio

1396 3960 1584 4013 tegere,
1610 3960 1658 3998 et
1678 3987 1693 4010 ,
1719 3962 1954 4014 quantum
1976 3951 2047 3998 fas
2071 3961 2198 4007 erat,
2226 3966 2287 3997 ex
2309 3948 2413 3996 ani-

1395 4029 1486 4077 mis
1537 4030 1789 4078 hominnm
1833 4030 2092 4080 obliterare
2137 4028 2380 4076 debuisset
2399 4060 2412 4084 ,

1396 4124 1457 4157 ne
1478 4108 1665 4158 damin
1681 4109 1962 4158 memoriam
1992 4118 2253 4155 revocaret.
