2994 4778
651 432 781 506 152
1279 438 1378 506 M.
1426 438 1503 505 T.
1557 416 2113 508 c1cERoms

575 600 582 608 ·
641 557 765 653 qui
808 556 866 625 si
909 569 1061 626 tum
1099 554 1291 627 illam
1329 554 1565 627 labem
1606 571 2031 655 pestemque
2061 555 2340 628 vicisset
2357 550 2415 645 Β,
2457 557 2661 656 quod
2702 561 2781 632 ei

636 680 771 737 tuo
835 666 1100 737 scelere
1145 690 1297 737 non
1351 666 1590 753 licuit,
1640 665 2046 765 respublica
2092 665 2277 736 victa
2327 689 2475 738 non
2537 684 2781 757 esset;

636 774 858 872 hujus
894 776 1108 847 etiam
1135 774 1363 845 filium
1399 773 1657 846 eodem
1684 775 1949 847 indicio
1977 788 2050 846 et
2075 773 2375 846 crimine
2408 774 2500 846 ad
2533 780 2783 874 patris

635 885 1005 956 interitum
1057 908 1436 982 aggregare
1485 884 1815 970 voluisti3
1876 890 1955 957 L.
2012 883 2376 971 Paullum,
2421 886 2551 982 qui
2603 901 2779 958 tum

636 1009 947 1091 quaestor
979 993 1471 1067 Macedoniam
1512 992 1928 1080 obtinebat,
1960 1016 2178 1091 quem
2223 993 2497 1065 civem?
2539 1020 2777 1092 quem

633 1105 909 1175 virum?
953 1106 1082 1202 qui
1113 1104 1299 1176 duos
1333 1102 1697 1176 nefarios⁹
1739 1106 1982 1202 patriae
2016 1101 2424 1202 proditores
2447 1157 2469 1191 ,
2508 1103 2778 1178 dome-

634 1216 852 1291 sticos
916 1214 1204 1305 hostes,
1279 1213 1561 1312 legibus
1621 1216 2170 1302 exterminarat,
2231 1212 2605 1287 hominem
2669 1216 2776 1289 ad

633 1324 1196 1397 conservandam
1247 1323 1766 1424 rempublicam
1827 1338 2112 1410 natum,
2165 1324 2240 1393 in
2299 1323 2491 1395 idem
2539 1329 2777 1399 Vettii

633 1433 1015 1520 indicium,
1057 1448 1275 1535 atque
1310 1436 1387 1507 in
1424 1433 1762 1508 eumdem
1804 1432 2001 1505 hunc
2033 1457 2419 1505 numerum
2457 1458 2775 1532 congre-

633 1543 836 1640 gasti.
891 1544 1086 1634 Quid
1121 1569 1257 1642 ego
1296 1542 1388 1617 de
1429 1569 1548 1618 me
1588 1544 1897 1643 querar?
1945 1544 2072 1641 qui
2100 1545 2311 1616 etiam
2342 1546 2602 1641 gratias
2630 1545 2773 1617 tibi

633 1677 846 1750 agere
888 1653 1157 1741 debeo,
1188 1654 1390 1752 quod
1435 1679 1552 1727 me
1594 1681 1680 1728 ex
1722 1652 2272 1726 fortissimorum
2315 1653 2578 1726 civium
2610 1679 2768 1748 ‚nu-

632 1786 836 1842 mero
871 1763 1482 1861 sejungendum¹⁰
1514 1789 1667 1836 non
1707 1765 2002 1862 putaris,

728 1875 850 1941 XI.
903 1874 1042 1944 Sed
1081 1874 1208 1971 qui
1251 1872 1388 1945 fuit
1422 1873 1543 1946 ille
1581 1887 1748 1944 tuus
1787 1888 2032 1945 tantus
2067 1870 2336 1961 fui-ort,
2369 1887 2491 1961 ut,
2531 1897 2775 1970 quum

629 1978 770 2071 jam
799 1982 1080 2053 Vettius
1105 1981 1196 2053 ad
1238 1982 1615 2055 arbitrium
1645 1995 1851 2053 tuum
1881 1996 2321 2081 perorasset,
2348 1996 2420 2055 et
2457 1985 2773 2057 civitatis

629 2090 902 2162 lumina
962 2107 1317 2180 notasset,
1378 2091 2010 2189 descendissetque
2067 2089 2159 2163 de
2217 2094 2493 2164 Rostris
2507 2145 2529 2178 ,
2590 2118 2770 2165 eum

633 2216 938 2298 repente
995 2226 1401 2289 revocares,
1436 2202 1971 2301 colloquerere,
2008 2200 2281 2299 populo
2321 2223 2625 2272 romano
2659 2202 2772 2272 vi-

634 2309 895 2382 dente?
934 2308 1196 2384 deinde
1238 2313 1718 2412 interrogares
1738 2366 1759 2402 ,
1806 2333 2244 2409 ecquosnam
2291 2309 2471 2381 alios
2517 2326 2774 2409 posset

637 2423 1062 2493 nominare?
1113 2422 1672 2513 inculcarisne²‚
1726 2437 1809 2494 ut
1851 2427 1929 2494 C.
1975 2424 2351 2511 Pisonem,
2413 2445 2772 2519 generum

638 2555 881 2606 meum
909 2585 930 2619 ,
987 2536 1421 2620 nominaret;
1452 2536 1579 2631 qui
1617 2536 1693 2604 in
1735 2557 2015 2605 summa
2057 2533 2264 2630 copia
2311 2534 2772 2630 optimorum

636 2640 1233 2731 adolescentium,
1263 2646 1414 2740 pari
1450 2642 1929 2728 continentia,
1962 2646 2226 2714 virtute
2247 2696 2269 2731 ,
2306 2644 2574 2741 pietate
2604 2645 2778 2716 reli-

636 2753 797 2848 quit
849 2749 1310 2824 neminem3?
1359 2754 1678 2849 itemque
1720 2755 1820 2825 M.
1864 2757 2350 2841 Laterensem,
2392 2755 2775 2827 hominem

635 2865 792 2936 dies
842 2878 1061 2960 atque
1099 2876 1349 2934 noctes
1386 2860 1478 2934 de
1529 2861 1739 2935 laude
1774 2879 1849 2936 et
1892 2863 1982 2935 de
2017 2864 2395 2964 republica
2444 2867 2777 2962 cogitan-

711 3053 759 3101 8.
783 3050 932 3098 Illam
958 3047 1117 3097 labem
1136 3057 1414 3112 pestemque
1438 3046 1646 3096 vicisset.
1735 3046 1951 3094 vicinum
1977 3046 2187 3106 consuli,
2203 3046 2297 3095 sibi
2321 3045 2531 3105 dixisse,
2557 3046 2774 3096 Ahalam

636 3134 686 3181 si
708 3133 889 3193 rejecto
907 3128 1118 3178 Gabiuio
1134 3128 1306 3176 consul
1328 3124 1434 3175 fieri
1455 3129 1651 3192 potuis·
1741 3126 1997 3174 Servilium
2021 3125 2256 3189 aliquem,
2282 3137 2366 3174 aut
2383 3125 2527 3172 ctiam
2545 3126 2775 3185 Brutum,

635 3222 708 3259 set
724 3243 738 3268 ,
786 3225 888 3258 uon
927 3224 1154 3273 oppressa
1199 3207 1397 3270 suisset,
1423 3216 1480 3255 ut
1519 3220 1653 3255 nunc
1743 3220 1870 3268 opus
1924 3220 2027 3252 csse
2083 3204 2301 3267 reperiri.
2349 3204 2508 3254 Caesar
2549 3204 2774 3258 fraudem

637 3300 707 3336 est
723 3322 738 3346 ,
761 3287 1049 3353 respublica.
1091 3281 1094 3286 ’
1739 3281 1875 3331 illam
1901 3283 2105 3332 omuino
2130 3293 2371 3331 struxerat
2388 3316 2403 3342 ,
2439 3283 2527 3331 sed
2566 3298 2670 3334 nou
2700 3285 2777 3333 fe-

708 3381 759 3428 9.
779 3368 913 3413 Duos
939 3364 1165 3429 ”ofin-ios.
1182 3363 1282 3426 Qui
1307 3363 1406 3411 siut
1431 3362 1511 3410 isti
1537 3378 1652 3427 per-
1742 3362 1885 3410 licem
1901 3397 1916 3421 ,
1952 3372 2007 3412 ut
2024 3362 2272 3422 diximus,
2305 3361 2474 3412 babuit
2494 3362 2699 3410 exitum.

638 3443 730 3491 ‹liti
763 3445 894 3491 cives
922 3443 1061 3490 multi
1090 3442 1334 3505 ignoraut.
1359 3439 1653 3489 scholiastes

639 3521 854 3582 indicat,
880 3520 1100 3570 Paullum
1135 3520 1186 3566 iu
1225 3528 1384 3567 mente
1423 3517 1653 3568 babuisse

636 3601 902 3662 Cethegum
926 3609 975 3645 et
996 3597 1250 3646 Catilinam
1266 3612 1507 3655 accusare,
1524 3613 1655 3647 auno

637 3689 892 3742 autequam
919 3676 1191 3737 coujuratio
1234 3692 1262 3723 a
1293 3675 1530 3725 Cicerone
1570 3676 1654 3725 de·

638 3756 1032 3823 prehenderetur.
1072 3754 1223 3817 Quod
1266 3756 1308 3802 si
1347 3770 1515 3802 verum
1556 3767 1656 3819 est,

640 3835 889 3885 fatendum
935 3842 1008 3881 est
1052 3844 1291 3882 oratorem
1332 3833 1655 3898 hyperbolice

637 3916 783 3964 fuisse
806 3914 1082 3976 loquutum.

714 4009 796 4045 ιο.
843 3991 1057 4041 flumem
1117 3989 1488 4056 sejungendum.
1537 3990 1655 4041 Nou

639 4076 923 4123 Ciceronem
963 4070 1165 4137 quidem
1199 4072 1395 4120 Vettius
1433 4071 1658 4119 uomina,-

638 4156 740 4217 νὴ,
772 4154 858 4206 sed
893 4150 1019 4204 dixit
1055 4150 1357 4200 consularem
1388 4149 1619 4208 disertum
1639 4181 1656 4212 ,

1812 3443 1903 3489 11.
1933 3456 1983 3490 t.
2016 3443 2197 3488 meus
2210 3438 2379 3504 furor.
2417 3443 2492 3490 Ita
2520 3442 2690 3489 furore
2719 3453 2777 3492 et

1741 3519 1947 3568 amentia
1977 3530 2056 3568 tua
2084 3537 2137 3568 cs
2162 3518 2416 3584 abreptus,
2437 3530 2495 3569 ut
2517 3522 2686 3570 Vettio
2718 3523 2774 3572 iu

1742 3614 1905 3646 aurem
1931 3599 2115 3662 aliquid
2142 3599 2475 3658 insusurrans,
2500 3598 2773 3660 iudicares,

1742 3688 1864 3725 teste
1899 3677 2090 3742 populo
2105 3712 2121 3736 ,
2158 3688 2208 3726 te
2244 3677 2438 3725 consilii
2478 3676 2622 3737 hujus
2658 3692 2772 3726 nou

1741 3756 2029 3821 participem
2067 3756 2254 3815 modo,
2293 3755 2383 3803 scd
2423 3766 2473 3804 et
2512 3766 2772 3805 auctorem

1743 3835 1908 3885 fuisse.

1818 3931 1867 3964 a.
1890 3915 2078 3964 Ernest.
2099 3913 2288 3975 mallet,
2307 3912 2693 3977 inculcat-esque.

1812 3995 1864 4041 3.
1908 3991 2119 4059 Reliquit
2167 3992 2426 4040 tremitum.
2472 3993 2769 4056 Supremutu

1741 4074 1869 4120 euim
1913 4073 2072 4135 diem,
2110 4072 2229 4124 dnn
2271 4071 2447 4123 Cicero
2490 4070 2733 4122 exsularet
2751 4107 2769 4133 ,

1744 4151 1947 4212 obierat.
