2994 4778
611 357 747 431 232
1234 358 1331 425 Μ.
1383 357 1459 423 Τ.
1506 352 2093 422 CICERONIS

603 498 857 577 traque
892 478 1093 548 fictas
1118 478 1446 548 omnium
1476 471 1804 559 insidias,
1850 469 2056 542 facile
2100 492 2178 541 se
2221 493 2350 568 per
2391 479 2551 541 se¹²
2582 472 2756 569 ipsa

599 585 979 660 defendat!

697 700 981 770 XXVII.
1009 697 1283 767 Verum
1310 693 1459 764 baec
1487 706 1637 763 tota
1671 687 1958 762 fabella¹
1984 689 2268 776 veteri5‚
2292 703 2365 760 et
2391 687 2761 786 plurima-

600 831 769 880 rum
808 805 1213 879 fabularum
1251 805 1579 902 poetriae,
1619 823 1835 898 quam
1875 808 2032 871 est²
2072 800 2227 869 sine
2257 800 2759 895 argumento?

601 939 822 1014 quam
872 916 1154 986 nullum
1208 915 1532 985 invenire
1574 913 1844 983 exitum
1891 906 2224 1007 potest3?
2262 906 2454 1000 Quid
2491 909 2693 979 enim
2720 909 2759 977 Ξ)

601 1027 718 1098 isti
750 1041 861 1098 tot
892 1028 1024 1095 viri
1059 1029 1276 1119 (nam
1314 1043 1604 1095 necesse
1636 1036 1744 1093 est
1778 1019 1996 1091 fuisse
2033 1039 2184 1089 non
2217 1041 2524 1117 paucos,
2551 1032 2637 1088 nt
2665 1032 2756 1088 et

601 1133 1123 1233 comprehendi
1161 1134 1474 1204 Licinius
1510 1130 1716 1244 facile
1757 1142 2036 1227 posset,
2075 1141 2149 1197 et
2178 1147 2295 1198 res
2336 1127 2748 1197 multorum

600 1244 826 1315 oculis
861 1256 1050 1314 esset
1089 1243 1464 1337 testatior)
1505 1261 1636 1311 cur
1669 1239 1747 1309 L
1729 1240 2026 1310 minium
2061 1235 2152 1307 de
2192 1235 2525 1307 manibus
2559 1241 2745 1306 ami—

599 1353 938 1426 serunt4?
980 1352 1106 1449 qui
1143 1352 1385 1422 minus
1430 1354 1625 1422 enim
1670 1349 1987 1418 Licinius
2030 1345 2553 1444 comprehendi
2596 1368 2742 1443 po-

600 1466 782 1549 tuit,
825 1482 1056 1558 quum
1106 1483 1181 1530 se
1229 1461 1565 1546 retraxit,
1612 1481 1705 1529 ne
1740 1455 2077 1583 pyxidem
2115 1454 2468 1537 traderet,
2512 1478 2741 1551 quam

601 1576 661 1644 si
701 1596 852 1642 non
889 1570 1344 1642 retraxisset-P
1381 1574 1602 1640 Erant
1641 1570 1835 1638 enim
1871 1566 1972 1636 illi
2009 1565 2262 1662 positi,
2297 1577 2379 1633 nt
2405 1583 2742 1659 compre-

600 1680 1006 1753 henderent
1042 1677 1432 1767 Licinium3
1470 1691 1556 1748 ut
1590 1673 1969 1747 manifesto
1999 1673 2315 1744 Licinius
2341 1684 2739 1755 teneretur,

600 1804 726 1864 aut
765 1813 994 1886 quum
1035 1790 1380 1860 retineret
1420 1807 1814 1871 venenum,
1858 1797 1984 1855 aut
2028 1807 2258 1880 quum
2301 1779 2738 1851 tradidisset.

602 1905 757 1971 Hoc
794 1897 931 1969 fuit
966 1912 1201 1970 totum
1235 1897 1617 1969 consilium
1649 1894 2005 1981 mulieri5‚
2041 1889 2194 1963 haec
2230 1894 2534 1961 istorum
2567 1913 2743 1988 pro-

601 2009 834 2078 vincia
849 2004 903 2094 ⁵,
963 2008 1093 2104 qui
1155 2009 1387 2103 rogati
1457 2018 1649 2076 sunt.
1679 1991 1690 1999 ’
1717 2007 1920 2095 Quos
1987 2002 2281 2100 quidem
2341 2016 2418 2070 tu
2480 2023 2740 2097 quam-

602 2115 858 2187 obrem
898 2129 1166 2186 temere
1210 2114 1624 2212 prosiluisse
1657 2109 1885 2200 dicaS,
1927 2126 2147 2209 atque
2188 2124 2356 2181 ante
2399 2123 2686 2206 tempus
2712 2165 2737 2196 ,

600 2249 752 2296 non
802 2228 1109 2322 reperio.
1173 2229 1484 2295 Fuerant
1539 2224 1681 2296 hoc
1732 2225 2007 2320 rogati,
2065 2220 2355 2292 fuerant
2401 2219 2492 2291 ad
2541 2218 2742 2291 hanc

600 2356 758 2407 rem
809 2333 1177 2421 collocati,
1234 2348 1317 2406 ut
1372 2359 1773 2421 venenum,
1814 2348 1898 2404 ut
1933 2331 2246 2419 insidiae,
2283 2328 2557 2401 facinus
2602 2329 2740 2401 de·-

599 2448 821 2541 nique
860 2448 1100 2542 ipsum
1141 2460 1227 2515 ut
1259 2443 1640 2516 manifesto
1677 2443 2433 2540 comprehenderetur.
2469 2446 2739 2512 Potue-

598 2569 868 2625 runtne
902 2554 1182 2625 meliori
1224 2569 1550 2653 tempore
1592 2553 1921 2652 prosilire
1950 2608 1970 2639 ‚
2021 2576 2240 2649 quam
2285 2575 2514 2647 quum
2554 2552 2743 2621 Lici-

600 2666 764 2735 nius
812 2666 1172 2736 venisset?
1223 2688 1452 2761 quum
1505 2666 1580 2734 in
1636 2688 1860 2734 manu
1909 2677 2186 2735 teneret
2229 2661 2492 2731 veneni
2533 2662 2743 2757 py'xi·
2813 2708 2829 2725 .

597 2772 811 2844 dem?
847 2798 1006 2869 quae
1043 2778 1100 2842 si
1138 2796 1367 2869 quum
1395 2774 1543 2867 jam
1577 2787 1728 2844 erat
1764 2773 2021 2844 tradita
2048 2772 2308 2861 servis»,
2342 2771 2742 2841 evasissent

602 3024 755 3081 tatia,
816 3031 874 3069 ut
923 3038 1093 3077 omues
1147 3033 1341 3087 auperet
1390 3023 1622 3072 bumana·
1783 3026 1832 3073 3.
1867 3023 2070 3072 Nullum
2095 3020 2309 3072 invenire
2330 3024 2518 3073 cariam
2533 3031 2739 3088 potest?

603 3102 858 3150 rationes·
1709 3101 1770 3151 Id
1815 3113 1921 3161 eat,
1966 3118 2068 3150 non
2111 3112 2276 3166 potent
2321 3118 2373 3151 οι·
2414 3102 2739 3168 probabiliter

746 3177 972 3229 .Fae1’le
1009 3196 1064 3228 se
1097 3190 1197 3244 per·
1227 3196 1282 3229 se
1311 3179 1979 3246 ipsa.Vulg.expliea1-e‚
2004 3181 2286 3245 nullumque
2305 3180 2454 3229 finem
2478 3182 2738 3245 principiis

604 3195 790 3304 «faxcile
806 3272 896 3319 per
912 3273 964 3305 se
980 3258 1180 3321 ipsam-
1708 3271 2085 3308 consentaneum
2109 3260 2344 3307 invenire.

666 3336 955 3383 xxvn.1.
980 3340 1160 3384 Ver-mn
1177 3337 1285 3385 kaee
1297 3336 1619 3398 consul-ella.
1780 3346 1833 3393 ⁴·
1871 3337 1967 3385 cur
1991 3336 2227 3386 Licinium
2255 3338 2318 3386 de
2348 3338 2575 3387 manibus
2607 3340 2743 3388 ami·

596 3412 871 3474 Antequam
884 3411 1032 3472 hujus
1044 3415 1336 3463 narrationi·
1356 3432 1624 3479 repugnan·
1707 3422 1902 3464 serunt?
1917 3422 2086 3467 Fraue.
2108 3437 2132 3461 ι
2145 3432 2233 3465 eur
2250 3418 2489 3466 Licinium
2507 3419 2740 3468 manibus

594 3490 711 3538 tiam
732 3488 982 3547 ostendat,
1002 3492 1107 3550 ejus
1123 3502 1371 3539 auctorem
1388 3493 1439 3539 in
1455 3493 1615 3541 lucem
1707 3496 1969 3545 emiserunt
1992 3514 2037 3544 a.

593 3566 789 3632 prodit,
816 3566 1041 3615 Clodiam
1069 3568 1297 3616 nimirum
1315 3603 1329 3628 ,
1357 3584 1467 3633 quae
1489 3572 1624 3630 jam··
1777 3574 1824 3623 6.
1845 3576 1966 3622 Haee
1980 3575 2174 3623 istorum
2186 3575 2452 3641 provincia.
2471 3577 2738 3625 Provincia

594 3644 783 3708 pridem
805 3657 854 3692 et
873 3644 966 3692 alia
984 3645 1135 3693 multa
1154 3645 1479 3706 confinxerat,
1497 3648 1614 3697 alle·
1701 3650 1879 3700 dicitur
1901 3653 2112 3716 quodvia
2126 3654 2391 3719 negotium,
2413 3653 2515 3702 aive
2534 3670 2741 3717 munus,

594 3722 730 3787 gotia
753 3722 898 3770 ducta
917 3737 946 3771 a
964 3724 1124 3787 poeti·
1145 3724 1370 3784 comicia,
1393 3736 1442 3773 et
1466 3726 1609 3775 fabu-
1696 3732 2001 3795 procuratio,
2026 3733 2130 3780 aive
2166 3735 2308 3781 etiam
2338 3736 2392 3782 iu
2420 3735 2566 3783 rehu·
2586 3734 2741 3783 urba·

588 3802 747 3849 larum
770 3801 1069 3850 auctoribus.
1696 3807 1804 3868 nia,
1830 3820 1878 3857 et
1896 3810 1949 3858 in
1971 3812 2171 3875 privati·
2189 3848 2205 3874 ,
2241 3824 2298 3861 ut
2332 3815 2527 3861 Terent.
2562 3813 2736 3862 Heau-

665 3895 716 3928 a.
752 3883 841 3929 Est
875 3880 979 3930 sine
1001 3895 1300 3949 argumento.
1345 3886 1471 3949 Quia
1507 3900 1610 3934 nou
1697 3896 1822 3936 tout.
1858 3890 1961 3949 111,
2005 3906 2073 3939 ac.
2104 3908 2132 3938 2
2151 3920 2167 3947 ,
2212 3889 2242 3939 5
2266 3905 2281 3942 :
2328 3914 2351 3936 ι
2383 3892 2572 3941 idcireo
2618 3893 2741 3942 hnic

593 3960 831 4020 cubaret,
870 3962 981 4025 quia
1017 3978 1078 4011 ne
1118 3964 1375 4012 verisimile
1408 3965 1607 4028 quidem
1694 3976 1864 4016 nostro
1881 3968 2052 4016 tradita
2066 3979 2138 4017 eat
2148 3971 2404 4034 provincia
2414 3981 2517 4029 ‘30⁸
2527 3971 2730 4020 Phorm.

588 4039 735 4088 habet
753 4038 864 4103 ipso
886 4040 938 4087 in
955 4040 1208 4089 mendacio
1224 4043 1507 4107 quidquam.
1693 4047 1734 4102 1,
1749 4061 1797 4103 a,
1818 4060 1914 4096 aa:
1935 4067 1959 4089 α
1975 4049 2280 4110 provinciam
2301 4050 2477 4113 cepisti
2490 4048 2663 4097 duram
2685 4071 2734 4097 -.
