2994 4778
589 411 732 484 6¹6
1215 411 1309 478 M.
1358 413 1432 478 T.
1484 411 2059 480 CICERONIS

584 551 728 607 tate
773 556 969 605 arma
996 546 1316 630 sumpta3
1351 529 1773 602 consulibus
1795 542 1845 618 ¹,
1882 529 2349 627 praetoribus,
2396 533 2709 604 tribunis

582 644 815 743 plebis
833 698 852 732 ‚
890 641 1146 713 nobis²
1175 640 1733 740 imperatoribus
1764 640 2277 739 rempublicam
2306 642 2708 716 defenden-

581 754 748 825 dam
784 751 1020 825 datam
1062 778 1079 820 :
1129 749 1553 822 movebatur
1588 751 1832 822 animo
1851 805 1872 838 ‚
1915 765 1992 821 et
2032 752 2165 842 vir,
2193 752 2356 824 huic
2392 756 2709 851 imperio

583 864 1120 951 amicisssimus‚
1167 860 1258 933 de
1292 862 1519 934 salute
1558 860 1810 959 populi
1840 865 2120 933 romani
2159 864 2705 949 extimescebat,

582 972 660 1043 in
714 997 858 1069 qua
919 973 1132 1043 etiam
1196 995 1398 1041 suam
1454 971 1808 1042 inclusam
1863 970 2158 1043 videbat
2173 969 2226 1041 ³.
2287 978 2372 1043 ln
2416 998 2707 1044 summo

582 1099 823 1155 tamen
883 1083 1141 1154 timore
1199 1079 1716 1178 quiescendum
1785 1077 1923 1151 sibi
1989 1105 2143 1151 esse
2206 1081 2707 1153 arbitrabatur.

581 1194 892 1265 Maxime
925 1216 1099 1265 vero
1125 1190 1592 1290 perturbatus
1623 1205 1763 1276 est,
1800 1205 1881 1261 ut
1906 1190 2180 1262 audivit
2198 1247 2219 1275 ‚
2262 1192 2591 1263 consules
2618 1217 2708 1263 ex

579 1303 781 1380 Italia
807 1301 1210 1400 profugisse
1228 1357 1248 1388 ,
1282 1325 1683 1399 omnesque
1709 1301 2121 1373 consulares
2152 1303 2282 1396 (sic
2304 1304 2502 1373 enim
2527 1328 2710 1373 nun-

579 1411 921 1507 tiabatur)
938 1465 956 1498 ‚
990 1426 1334 1483 cunctum
1365 1425 1693 1483 senatum
1710 1407 1768 1498 4,
1801 1424 2027 1481 totam
2047 1410 2319 1483 Italiam
2346 1436 2502 1485 esse
2529 1410 2707 1483 effu·

581 1547 754 1594 sam.
802 1522 1096 1594 Talibus
1149 1524 1340 1594 enim
1389 1523 1659 1593 nuntiis
1699 1536 1774 1592 et
1819 1521 2237 1594 rumoribus
2290 1521 2579 1620 patebat
2612 1521 2705 1592 ad

582 1634 954 1705 Orientem
987 1635 1139 1719 via,
1178 1656 1313 1704 nec
1341 1631 1468 1703 ulli
1502 1636 1651 1704 veri
1685 1630 2334 1729 subsequebantur.
2372 1633 2562 1703 Nihil
2585 1632 2704 1703 ille

580 1741 671 1813 de
713 1687 1255 1814 conditionibus
1300 1733 1522 1830 tuis⁵‚
1556 1741 1733 1812 nihil
1769 1741 1861 1813 de
1911 1743 2152 1813 studio
2190 1743 2596 1814 concordiae
2631 1758 2702 1814 et

579 1854 773 1951 pacis
793 1906 812 1940 ‚
857 1851 1038 1923 nihil
1072 1852 1164 1924 de
1207 1854 1742 1951 conspiratione
1778 1851 2117 1925 audiebat
2158 1867 2527 1923 certorum
2567 1852 2701 1922 ho-

579 2091 730 2139 qunm
766 2089 859 2125 uos
888 2079 1099 2127 Romani
1124 2075 1404 2142 reipublicae
1429 2078 1596 2143 periti,
1758 2080 1807 2127 3.
1835 2079 2082 2130 Inclusam
2100 2076 2341 2126 videbat..
2372 2078 2457 2127 Al.
2473 2077 2704 2125 inclusam

581 2155 804 2203 civilibus
839 2156 985 2206 rebus
1018 2157 1196 2206 assueti
1234 2156 1407 2207 eodem
1446 2158 1597 2206 modo
1685 2173 1785 2205 esse
1802 2157 2023 2205 videbat.

578 2236 937 2299 peccaverimus
955 2238 978 2283 Ρ
1757 2245 1805 2291 4.
1833 2236 1882 2285 C.
1903 2245 2141 2282 senonim.
2163 2238 2344 2283 Lucan.
2361 2235 2586 2293 Pharum,
2610 2237 2703 2285 30:

646 2315 737 2362 IV.
793 2330 838 2362 ι.
900 2314 1195 2364 Consulibus.
1256 2317 1313 2362 1..
1356 2316 1597 2373 Lentulo,
1677 2317 1708 2358 ἰ
1837 2315 2088 2362 moeoentia
2140 2324 2267 2363 tecta
2326 2315 2486 2363 Cesar
2534 2315 2703 2374 habet,

579 2396 638 2444 C.
672 2396 936 2455 Marcello,
973 2398 1060 2460 qui
1099 2413 1162 2446 eo
1204 2412 1335 2445 anuo
1375 2396 1626 2457 consules·
1688 2410 1959 2461 vacuasque
1980 2393 2155 2456 domos
2172 2427 2188 2452 ‚
2216 2394 2446 2458 legesque
2480 2394 2702 2453 silentes,

577 2475 772 2523 fuerunt
790 2491 891 2539 quo
906 2475 1086 2524 bellum
1105 2474 1249 2524 civile
1268 2476 1460 2523 exarsit.
1474 2478 1600 2539 Quae
1688 2473 1957 2537 Clausaque
1997 2474 2189 2534 justitio
2224 2474 2352 2521 tristi
2395 2473 2500 2520 fora
2520 2496 2562 2521 ι.
2593 2475 2702 2521 Post

580 2568 657 2600 res
695 2554 768 2601 sic
804 2554 868 2601 ab
913 2555 1025 2618 ipso
1059 2555 1247 2603 Coesare
1290 2553 1561 2617 exponitur
1585 2570 1599 2601 t
1661 2553 1869 2601 'caedem
1887 2553 2086 2601 Caesaris
2104 2553 2277 2601 Cicero
2302 2550 2502 2599 liberius
2524 2553 2705 2600 cladem

581 2653 608 2673 α
628 2632 914 2680 Decurritur
933 2633 995 2680 ad
1013 2631 1138 2680 illud
1156 2643 1427 2681 extremum
1451 2641 1598 2695 atque
1685 2631 1803 2680 belli
1828 2632 1987 2679 civilis
2009 2641 2173 2679 narrat
2199 2630 2416 2695 Philipp.
2440 2633 2489 2679 11
2504 2665 2522 2689 ,
2559 2648 2705 2695 quum

582 2710 809 2761 ultimum
840 2712 935 2760 SC.
964 2727 1067 2775 quo
1106 2712 1200 2759 nisi
1229 2725 1370 2775 paene
1408 2710 1598 2774 inipso
1689 2732 1712 2754 ι
1733 2710 1965 2759 ›cousules
2014 2712 2082 2758 ait
2137 2726 2199 2758 ex
2244 2709 2387 2757 Italia
2445 2710 2671 2773 expulsos
2691 2746 2705 2769 ‚

582 2791 718 2838 urbis
771 2789 1001 2838 incendio
1060 2800 1205 2853 atque
1267 2791 1604 2855 desperatione
1691 2804 1899 2854 cumque
1921 2789 1996 2837 bis
2019 2789 2112 2836 Cn.
2142 2789 2431 2851 Pompeium
2449 2821 2464 2845 ,
2505 2790 2594 2851 qui
2619 2790 2705 2836 im-

583 2870 801 2921 omnium
844 2869 1013 2917 salutis
1033 2903 1048 2928 ‚
1100 2870 1310 2917 latorum
1362 2869 1563 2918 audacia
1585 2903 1603 2930 ,
1694 2870 1816 2932 perii
1855 2868 2042 2917 romani
2088 2867 2254 2915 lumen
2291 2882 2348 2913 ac
2395 2867 2546 2914 decus
2588 2868 2706 2922 fnitz

578 2964 842 3013 numquam
876 2957 989 2995 ante
1030 2949 1293 2997 discessum
1331 2959 1438 2996 est:
1475 2950 1607 2995 Dent
1694 2962 1861 2994 omnes
1886 2945 2161 2994 consulares
2178 2946 2265 3008 qni
2292 2961 2380 3008 per
2399 2945 2709 2995 valitudinem

581 3044 777 3091 operam
820 3028 1075 3087 consules,
1114 3037 1351 3094 pretores
1367 3062 1383 3087 ‚
1420 3026 1607 3075 tribuni
1695 3025 1894 3088 exsequi
1926 3025 2089 3088 sugam
2127 3025 2261 3072 illam
2298 3025 2585 3089 clademque
2622 3042 2710 3090 po·

582 3105 770 3170 plebis,
807 3107 992 3170 quique
1032 3105 1350 3171 proconsules
1390 3115 1505 3153 sunt
1542 3105 1606 3152 ad
1695 3103 1931 3161 tuisseut;
1960 3115 2192 3168 praetores
2210 3138 2226 3161 ‚
2253 3104 2538 3168 praetorios,
2562 3104 2706 3151 tribu·

582 3187 769 3246 urbem,
799 3202 862 3234 ne
888 3186 1010 3251 quid
1040 3186 1311 3252 respublica
1330 3186 1606 3235 detrimenti
1694 3199 1786 3231 nos
1808 3183 1996 3249 plebis,
2020 3199 2242 3248 magnam
2267 3194 2455 3248 partem
2485 3196 2706 3244 senatus,

584 3267 744 3327 capiat
761 3287 805 3313 υ.
1695 3279 1892 3311 omnem
1935 3262 2152 3311 sobolem
2183 3264 2480 3325 juventutis,
2519 3278 2706 3326 unoque

655 3358 705 3390 a.
746 3343 906 3391 Plebis
921 3377 937 3405 2
965 3343 1119 3393 nobis.
1155 3344 1287 3393 Male
1315 3343 1606 3409 quibusdam
1692 3342 1845 3391 verbo
1877 3341 2222 3407 rempublicam
2253 3342 2504 3406 expulsam
2523 3377 2538 3397 ,
2567 3352 2706 3404 atque

584 3419 937 3484 exemplaribus
960 3422 1192 3473 novis.—-
1212 3423 1620 3488 Imperator-{buu
1694 3424 2059 3470 exterminatam
2083 3423 2281 3492 sedibus
2300 3423 2400 3469 suis
2418 3444 2460 3470 n.
2489 3423 2608 3468 Hac
2624 3435 2708 3466 au·

584 3502 855 3563 Imperator
872 3500 1041 3548 titulus
1059 3512 1161 3549 erat
1172 3501 1473 3550 honorificus
1492 3502 1609 3549 duci
1696 3513 1789 3550 tem
1810 3503 1908 3550 boc
1933 3503 2048 3551 loco
2078 3501 2237 3550 mollit
2252 3536 2268 3561 ,
2302 3512 2352 3549 et
2372 3500 2503 3547 salsis
2522 3512 2708 3548 tantmn

587 3589 698 3643 post
718 3578 996 3634 victoriam,
1029 3579 1132 3625 sive
1156 3596 1182 3626 a
1206 3590 1400 3635 senatu,
1421 3581 1525 3628 sive
1543 3581 1605 3628 ab
1693 3576 1877 3629 nuntiis
1898 3581 2121 3629 delusum
2141 3582 2424 3642 Deiotarum
2449 3580 2689 3627 ostendit.

585 3659 804 3707 exercitu
828 3656 984 3704 datus.
1011 3657 1185 3705 Cicero
1217 3657 1346 3722 ipse,
1381 3657 1605 3707 hostibus
1766 3663 1812 3709 5.
1841 3659 1986 3708 Nihil
2007 3660 2090 3708 ille
2115 3659 2178 3707 de
2204 3657 2566 3707 conditionibus
2602 3658 2708 3705 tuis.

588 3738 639 3786 in
673 3736 843 3787 Cilicia
879 3735 1082 3784 devictis
1097 3771 1114 3795 ,
1139 3736 1402 3801 imperator
1438 3738 1604 3802 appel·
1694 3741 1824 3802 Quas
1847 3740 2006 3788 Caesar
2027 3739 2280 3793 offerebat.
2302 3765 2372 3775 —
2397 3737 2570 3795 Studio
2596 3754 2709 3785 eon-

582 3817 711 3864 latus
736 3826 807 3864 est
823 3853 839 3878 ,
872 3827 922 3863 et
958 3832 986 3863 e
1022 3817 1274 3879 provincia
1309 3818 1463 3866 redux
1482 3856 1495 3879 ,
1518 3836 1604 3883 spe
1637 3796 1664 3821 ⁸
1691 3818 1892 3869 σοι-ἀίω.
1916 3818 2045 3866 Vide
2066 3821 2188 3868 Caes.
2214 3817 2303 3867 lib.
2326 3820 2351 3864 1
2372 3815 2434 3865 de
2458 3817 2583 3865 Bell.
2605 3818 2709 3865 Civ.

588 3895 821 3958 triumphi
844 3905 979 3943 extra
1007 3897 1297 3960 pomoerium
1316 3900 1504 3946 mansit.
1529 3900 1603 3961 Ei,
1763 3900 1813 3947 6.
1844 3898 2088 3945 Cet-torum
2128 3897 2389 3945 homimem.
2425 3896 2539 3943 Scil.
2583 3898 2712 3943 Mar-

585 3984 642 4022 ut
679 3974 876 4037 reliquis
916 3975 1290 4038 proconsulibus
1310 4012 1324 4033 ‚
1368 3992 1397 4025 a
1432 3989 1604 4026 senatu
1692 3976 1830 4036 celli,
1867 3976 2097 4035 Lentuli,
2152 3976 2393 4034 Domitii,
2435 3975 2709 4039 Scipionis·

584 4053 890 4109 mandatum,
924 4063 981 4100 ut
1016 4054 1235 4102 viderent
1268 4043 1477 4120 ne'quid
1513 4073 1603 4105 res·
1690 4056 1912 4116 Catonis,
1939 4067 1989 4103 et
2013 4055 2245 4121 cujusque
2271 4054 2446 4118 optimi
2465 4054 2604 4110 civis,
2622 4053 2709 4116 qni

583 4134 777 4197 publica
805 4132 1081 4181 detrimenti
1105 4144 1363 4197 pateretur.
1692 4135 1890 4184 Caesaris
1908 4147 2034 4184 artes
2051 4145 2099 4183 et
2118 4134 2430 4182 ambitionem
2452 4143 2705 4181 noverant.
