2994 4778
621 358 766 442 644
1114 348 1217 415 ΙΝ
1266 344 1552 413 ORAT.
1599 335 2254 408 VATINIANAM

704 472 1076 534 Notissimum
1103 466 1415 535 habemuS‚
1455 461 1788 537 auspicante
1823 456 2070 516 Romulo
2111 455 2214 531 qui
2249 453 2534 511 Palatium
2578 472 2741 530 oepe-

622 587 713 634 rat
727 617 743 645 ,
773 585 831 631 et
848 576 1031 630 Remo
1058 566 1160 644 qui
1187 562 1533 623 Aventinum
1550 601 1566 628 ,
1589 557 1926 635 priusquam
1946 558 2134 612 Roma
2158 550 2524 620 conderetur,
2546 551 2743 627 auspi-

621 672 710 730 cia
757 690 880 728 esse
925 677 1123 744 capta:
1170 660 1537 740 primumque
1587 675 1687 713 sex
1731 654 1991 711 vultures
2030 655 2274 709 Remum
2310 646 2572 717 vidisse3
2606 645 2740 703 dein

622 780 823 845 postea
856 762 1168 823 Romulum
1205 755 1522 815 duodecem
1544 751 1642 830 (1).
1683 755 1876 826 Atque
1906 749 1986 806 ita
2012 759 2070 805 et
2094 751 2334 805 Romam
2356 742 2656 801 conditam
2681 754 2738 800 et

622 866 781 941 ipsos
812 878 975 937 reges
1003 854 1360 934 appellatos3
1405 863 1463 908 et
1509 848 1668 906 illum
1709 844 1869 922 quod
1910 843 2073 923 prior
2107 840 2417 918 auspicium
2457 839 2736 919 cepisset,

624 957 935 1018 Romulum
966 972 1107 1010 vero
1136 948 1296 1029 quod
1324 948 1508 1024 majus
1537 944 1636 1024 (α).

720 1120 786 1200 4.
839 1112 1064 1184 Etiam
1107 1110 1295 1178 inter
1337 1103 1625 1175 Sullana
1661 1123 1857 1170 arma
1893 1101 2242 1168 vixerunt.

698 1267 881 1338 Leges
907 1257 1047 1315 dicit
1064 1254 1273 1312 AEliam
1304 1264 1364 1309 et
1390 1249 1609 1308 Fufiam
1625 1290 1642 1319 ,
1671 1265 1801 1323 quae
1821 1244 1904 1324 (3)
1927 1263 2043 1302 non
2073 1240 2338 1300 sinebant
2367 1241 2529 1319 prius
2547 1241 2738 1318 aliqua

621 1360 697 1416 de
730 1377 792 1414 re
820 1355 893 1412 ad
919 1352 1201 1432 populum
1230 1347 1366 1407 ferri
1387 1388 1403 1414 ,
1432 1365 1605 1423 quam
1633 1343 1862 1401 comitia
1883 1340 2238 1399 haberentur
2261 1339 2336 1396 ad
2363 1337 2741 1417 designandos

621 1454 998 1531 magistratus».
1027 1453 1189 1525 Saepe
1220 1445 1425 1502 harum
1460 1441 1569 1500 feci
1607 1440 1955 1499 mentionem
1983 1438 2085 1517 (4).
2123 1435 2343 1493 vixisse
2368 1448 2566 1493 autem
2589 1436 2740 1513 leges

624 1549 796 1621 dixit,
826 1545 983 1625 quod
1011 1543 1191 1602 multo
1219 1537 1573 1597 tolerabilius
1594 1548 1710 1607 est,
1743 1553 1921 1612 quam
1946 1533 1993 1591 si
2005 1573 2256 1590 .......
2257 1533 2258 1536 ’
2282 1572 2730 1590 ............

631 1689 650 1705 .
674 1692 688 1704 .
715 1689 729 1703 .
753 1687 769 1703 .
793 1690 807 1702 .
848 1663 921 1700 ne
953 1640 1215 1700 modum.
1238 1680 1253 1693 .
1279 1679 1294 1693 .
1319 1679 1333 1692 .
1359 1647 1446 1692 est
1476 1644 1748 1691 mortuas.
1783 1636 1979 1704 Quum
2002 1629 2063 1686 id
2095 1627 2315 1686 dictum
2339 1626 2418 1685 ab
2439 1626 2740 1685 Hortensio

619 1744 926 1810 elevasset,
950 1755 1058 1815 pro
1088 1735 1286 1810 inepto
1313 1729 1554 1788 irrisisse
1576 1727 1800 1786 Tullius
1827 1724 2152 1784 videbatur.

722 1909 783 1980 5.
806 1907 1142 1979 Fuerisne
1169 1915 1365 1972 tanta
1388 1894 1838 1980 crudelitate,
1867 1908 1952 1964 ut
1978 1891 2294 1964 delectos
2321 1892 2513 1962 viros
2545 1891 2737 1989 prin·

623 2025 817 2121 cipes
849 2016 1149 2090 civitatis
1185 2012 1424 2084 delere
1465 2024 1589 2079 tua
1625 2008 1999 2104 rogatione
2036 2027 2379 2089 conarere
2400 2002 2435 2072 ἰ’

627 2247 634 2256 ,
703 2192 793 2245 De
826 2185 939 2242 hoc
982 2196 1239 2257 tempore
1283 2174 1512 2252 loquuti
1549 2191 1744 2231 sumus
1785 2170 1842 2227 in
1882 2168 2143 2226 oratione
2173 2187 2304 2245 quae
2346 2167 2500 2226 hanc
2529 2186 2745 2246 praeoe-

625 2284 713 2342 dit
734 2281 842 2359 (5).
869 2286 935 2338 L.
963 2275 1213 2335 Vettium
1242 2270 1529 2349 perditum
1564 2267 1857 2325 hominem
1883 2264 2158 2322 instinctu
2182 2265 2401 2323 Vatinii
2428 2266 2745 2342 professum

625 2400 747 2440 esse
779 2374 934 2456 apud
966 2383 1223 2431 senatum
1243 2410 1259 2438 ‚
1300 2387 1360 2425 se
1400 2364 1789 2423 indicaturum
1819 2360 2128 2440 plerosque
2174 2358 2561 2418 nobilissimos
2593 2361 2746 2419 viros

627 2476 703 2534 de
727 2468 1126 2534 interficiendo
1163 2462 1437 2542 Pompeio
1482 2459 1655 2518 inisse
1698 2456 2171 2534 conjurationem.
2209 2456 2279 2515 Id
2324 2477 2533 2536 nempe
2565 2476 2746 2534 nego-

631 2575 775 2632 tium
812 2569 924 2629 sibi
958 2564 1289 2626 mandatum
1316 2559 1415 2640 (6).
1452 2562 1623 2618 Hunc
1654 2570 1844 2615 tamen
1865 2554 2121 2614 Vettium
2147 2553 2207 2612 in
2236 2574 2529 2614 carcerem
2556 2554 2748 2631 conje-

703 2814 780 2881 (t)
806 2816 881 2862 Ita
907 2810 1022 2860 eod.
1052 2807 1332 2857 duodecem.
1371 2807 1431 2853 A.
1462 2803 1536 2851 M.

707 2911 781 2973 (s)
806 2911 927 2957 Rem
945 2913 1141 2954 narrant
1165 2903 1308 2950 etism
1324 2897 1535 2947 Ovidius
1547 2932 1562 2957 ‚
1577 2902 1701 2945 Fast.
1729 2899 1818 2954 lv,
1833 2906 1936 2944 non
1951 2895 2124 2960 procul
2147 2912 2174 2944 a
2188 2893 2285 2944 fine
2300 2930 2314 2955 ‚
2335 2912 2425 2944 nec
2440 2912 2543 2944 non
2560 2896 2745 2953 Livius,

636 2998 688 3053 1,
715 3011 762 3055 7.
784 2995 949 3055 Atque
974 2987 1180 3038 Ovidius
1214 2984 1409 3049 quidem
1435 2983 1504 3029 ait
1536 2981 1799 3030 Romulum
1825 2979 2077 3045 praelatum
2101 2979 2252 3028 fiatri.
2275 2979 2372 3028 Sed
2406 2982 2537 3028 enim
2561 2991 2613 3027 et
2640 2996 2746 3028 aen·

638 3079 836 3127 tentiam
858 3073 1013 3122 nostri
1034 3069 1317 3134 Interpretis
1331 3067 1493 3115 innuit
1505 3066 1693 3126 Livius,
1718 3063 1806 3130 qni
1828 3064 1898 3112 ait
1920 3078 1935 3114 t
1965 3085 1989 3107 ι
2012 3064 2283 3129 Utrumque
2303 3079 2463 3128 regem
2484 3080 2571 3113 sna
2591 3064 2749 3113 multi-

640 3160 764 3210 tudo
783 3157 1168 3207 consalutaverat
1189 3175 1233 3200 υ.
1252 3155 1316 3200 A.
1344 3152 1419 3199 Μ.
2042 3203 2046 3206 ‚

709 3258 784 3322 (3)
809 3254 938 3305 eod.
965 3251 1147 3317 legibus
1168 3248 1306 3297 AElia
1331 3258 1379 3294 ee
1393 3245 1533 3315 Fcfia
1551 3245 1665 3310 qui,
1701 3256 1802 3294 ete.
1823 3248 1891 3294 A.
1916 3246 1989 3294 Μ.

708 3354 784 3418 (4)
808 3356 994 3403 Revera
1018 3348 1282 3405 Asconius,
1315 3346 1400 3409 qui
1423 3344 1572 3392 nobis
1593 3343 1785 3391 videtur
1816 3355 1988 3391 auctor
2008 3341 2152 3403 hujus
2177 3357 2322 3405 quen
2350 3341 2593 3390 edidimus
2615 3358 2747 3390 com-

643 3436 889 3493 mentarii,
942 3432 1161 3482 merninit
1220 3429 1388 3476 harum
1433 3427 1597 3492 legum
1633 3427 1697 3475 ad
1730 3427 1821 3477 ub.
1858 3429 1882 3474 1
1916 3426 2231 3485 mvn-nem,
2271 3432 2370 3484 42,
2412 3437 2464 3474 et
2498 3427 2552 3474 in
2589 3427 2749 3474 Pison.

647 3536 753 3586 cap.
774 3526 823 3574 4.
850 3520 915 3565 A.
941 3518 1013 3565 Μ.

719 3612 794 3680 (5)
817 3614 1006 3683 Nempe
1029 3611 1100 3655 ait
1123 3612 1366 3673 lutei-pres
1383 3618 1435 3653 se
1451 3607 1709 3669 loquntnm
1726 3604 1788 3653 de
1813 3605 1909 3652 hoo
1934 3614 2155 3668 tempore
2173 3603 2227 3650 in
2245 3603 2593 3651 commentario
2612 3619 2752 3667 quem

647 3702 901 3765 scripserat
934 3693 996 3742 ad
1035 3692 1305 3741 orationem
1330 3705 1423 3755 pro
1442 3689 1611 3736 Sextio
1628 3726 1643 3750 ,
1674 3704 1783 3752 qnae
1807 3688 1964 3735 oratlo
2000 3686 2175 3735 ordine
2200 3687 2311 3751 ipso
2335 3697 2385 3734 et
2410 3687 2609 3735 materia
2633 3685 2753 3734 hane

647 3787 702 3833 in
727 3782 976 3832 Vatinium
1012 3776 1262 3841 praecedit.
1294 3773 1545 3839 Siquidem
1569 3773 1620 3819 in
1642 3771 1835 3832 iudicio
1867 3770 2021 3818 Sextii
2050 3770 2273 3817 Vatinius
2299 3769 2435 3819 testis
2466 3768 2754 3834 productus,

646 3885 797 3934 quum
821 3866 1046 3916 acerbum
1072 3863 1128 3909 in
1156 3877 1268 3910 eum
1296 3858 1627 3921 testimonium
1654 3856 1881 3915 dixisset,
1905 3855 1999 3903 hac
2015 3854 2274 3902 Vatiniana
2309 3856 2532 3904 oratione
2559 3871 2588 3902 a
2620 3855 2756 3903 Cice·

646 3969 767 4002 rone
790 3950 944 3999 Sextii
972 3958 1185 4014 patrono
1207 3946 1477 4008 exagitatus
1496 3951 1586 3989 est.
1610 3941 1672 3989 A.
1699 3941 1772 3988 Μ.

715 4046 789 4111 (6)
815 4042 938 4095 Cod.
964 4041 1030 4089 ld
1060 4056 1215 4104 neque
1246 4038 1488 4104 negocium
1513 4035 1608 4084 sibi
1628 4035 1905 4083 mandasse.
1932 4034 1994 4080 A.
2020 4033 2098 4081 M.
