2994 4778
628 387 1013 455 oRATm
1064 386 1261 454 PRO
1311 388 1409 454 Μ.
1463 387 1843 455 coemo.
2166 391 2293 474 241

191 526 340 582 tate
383 533 464 580 ac
504 508 857 606 sapientia
904 505 1217 601 vestra),
1255 504 1442 577 fama
1487 505 1957 580 adolescentis
1991 510 2314 606 paullum

196 621 402 691 haesit
439 617 526 690 ad
563 632 792 688 metas
833 617 1085 685 notitia
1123 640 1308 685 nova
1354 615 1711 700 mulieriS,
1749 629 1820 686 et
1850 614 2112 689 infelici
2144 622 2315 692 vici-

200 733 458 818 nitate,
499 742 572 799 et
607 726 989 797 insolentia
1025 724 1475 821 voluptatum
1507 750 1522 792 ε
1564 749 1723 820 quae
1760 750 1988 821 quum
2029 728 2315 802 inclusae

200 840 462 909 diutius
475 831 532 922 ⁸,
569 851 641 906 et
676 837 909 932 prima
943 848 1144 904 aetate
1178 857 1597 931 compressae
1626 848 1700 904 et
1734 838 2132 908 constrictae
2160 838 2313 912 fue-

195 964 402 1037 runt,
451 946 696 1018 subito
743 969 818 1016 se
858 969 1414 1040 nonnumquam
1456 941 1906 1040 profundunt
1949 962 2166 1043 atque
2204 953 2322 1046 eji-

194 1062 396 1131 ciunt
438 1059 812 1127 universae.
847 1058 1008 1144 Qua
1050 1078 1137 1124 ex
1172 1055 1358 1138 vita,
1395 1053 1511 1123 vel
1543 1053 1770 1123 dicam
1797 1107 1817 1141 ‚
1863 1079 2010 1151 quo
2050 1081 2137 1127 ex
2180 1083 2322 1130 ser-

193 1194 413 1240 mone
435 1180 471 1227 9
508 1167 1009 1263 (nequaquam
1049 1164 1240 1233 enim
1268 1176 1550 1233 tantum
1585 1177 1735 1233 erat
1756 1216 1776 1251 ,
1808 1179 2159 1259 quantum
2191 1166 2322 1239 ho·-

193 1282 424 1350 mines
478 1273 1058 1373 loquebantur),
1111 1297 1364 1345 verum
1421 1297 1510 1344 ex
1567 1296 1693 1358 e0,
1742 1273 2097 1371 quidquid
2141 1293 2325 1365 erat,

198 1390 524 1470 emersit,
562 1399 944 1481 totumque
981 1407 1057 1453 se
1085 1382 1293 1477 ejecit
1320 1395 1537 1478 atque
1568 1381 1860 1469 extulit3
1900 1396 2328 1483 tantumque

198 1500 397 1571 abest
429 1496 525 1567 ab
564 1495 754 1565 illius
790 1493 1281 1566 familiaritatis
1311 1490 1638 1581 infamia,
1672 1508 1751 1562 ut
1779 1493 2100 1587 ejusdem
2134 1521 2330 1569 nunc
2401 1553 2412 1566 .

199 1609 288 1680 ab
319 1632 477 1679 sese
510 1604 916 1675 inimicitias
943 1602 1337 1697 odiumque
1371 1601 1765 1699 propulset.
1812 1611 2046 1700 Atque
2081 1622 2163 1677 ut
2197 1609 2329 1679 iste

201 1718 673 1815 interpositus
718 1736 952 1784 sermo
1000 1710 1497 1781 deliciarum¹⁰
1546 1710 1978 1809 desidiaeque
2011 1739 2330 1788 morere-

203 1845 319 1899 tur
361 1825 624 1922 (fecit,
668 1848 783 1893 me
829 1820 1239 1892 mehercule
1282 1821 1508 1889 invito
1536 1829 1622 1906 ¹¹,
1656 1836 1727 1891 et
1760 1822 2069 1905 multum
2108 1850 2328 1923 repu-

207 1954 511 2035 gnante,
560 1933 684 2006 sed
730 1949 965 2003 tamen
1003 1929 1255 2025 fecit),
1298 1955 1564 2001 nomen
1613 1932 1820 2001 amici
1865 1936 2004 2003 mei
2052 1934 2141 2005 de
2183 1961 2326 2007 am-

205 2050 356 2121 bitu
412 2044 729 2117 detulit:
789 2065 1000 2138 quem
1059 2039 1469 2111 absolutum
1526 2042 1954 2136 insequitur,
2013 2061 2334 2132 revocat;

209 2157 476 2231 nemini
521 2168 852 2225 nostrum
901 2150 1471 2247 obtemperat¹²;
1516 2165 1623 2220 est
1664 2151 2068 2242 violentior,
2107 2179 2327 2251 quam

217 2365 346 2412 fectis
375 2362 566 2428 spatiis,
604 2374 734 2424 sepe
761 2356 1005 2415 labuntur,
1030 2360 1220 2404 currus-

213 2461 311 2508 que
334 2443 393 2490 ad
418 2454 589 2490 metam
606 2439 842 2496 allidunt,
863 2436 932 2483 sie
949 2438 1021 2484 Μ.
1042 2435 1222 2485 Coelius

215 2523 428 2570 decursis
451 2517 671 2585 pueritiae
688 2529 737 2565 et
756 2516 1093 2565 adolescentiae
1116 2530 1223 2578 spa·

214 2603 323 2660 tiis,
349 2617 494 2665 quum
523 2602 625 2660 jam
661 2613 712 2643 se
741 2596 793 2642 in
821 2595 1126 2655 juventutem
1145 2593 1216 2639 iu-

1308 2354 1438 2402 Nota
1460 2355 1696 2418 egregiam
1723 2354 2071 2406 dubitationem
2090 2358 2143 2407 in
2169 2363 2328 2411 nomi-

1309 2434 1384 2481 nis
1414 2434 1629 2497 delectu3
1655 2435 1806 2482 vitam
1835 2435 2021 2485 dixerat
2040 2474 2055 2497 ,
2092 2456 2143 2487 se
2167 2444 2323 2489 corri-

1309 2513 1407 2576 git,
1448 2512 1568 2560 dicit
1600 2527 1703 2559 non
1732 2514 1880 2561 vitam
1912 2516 2082 2573 fnisse,
2118 2518 2204 2565 sed
2232 2538 2325 2569 ser.

1308 2607 1502 2639 monem
1532 2591 1854 2655 iniquumque
1887 2609 2126 2642 rumorem
2144 2630 2158 2655 ,
2206 2614 2325 2646 mox

207 2678 444 2739 flecteret,
474 2675 702 2725 nonnihil
729 2674 789 2721 de
815 2675 938 2720 sama
979 2688 1077 2720 suae
1121 2672 1220 2735 pri·
1305 2670 1430 2731 hanc
1461 2671 1613 2733 ipsam
1638 2671 1985 2719 correctionem
2007 2674 2208 2737 corrigit
2225 2709 2241 2733 ‚
2271 2688 2324 2725 ut

206 2762 345 2807 stine
387 2756 678 2822 frugalitatis
715 2753 891 2801 amisit.
932 2753 1000 2799 Ea
1046 2751 1224 2814 saepius‘

203 2850 406 2886 utuntur
429 2835 679 2899 allegoria.
705 2832 831 2880 Vide
866 2833 970 2880 Cic.
1012 2829 1064 2875 in
1105 2828 1219 2875 Lael.

200 2919 353 2967 etlib.
388 2920 411 2965 1
447 2917 510 2964 de
537 2917 676 2962 Orat.
698 2915 867 2960 Senec.
894 2908 982 2956 lib.
1013 2908 1074 2955 de
1102 2918 1222 2954 tran·

199 2997 446 3060 quillitate
469 2993 645 3051 animi,
678 3008 724 3039 c.
747 3006 780 3051 9
798 3025 812 3047 ,
846 3000 894 3036 et
912 2988 974 3035 al.
1002 3008 1025 3030 ι
1044 2987 1220 3050 Reipsa

195 3076 247 3123 in
275 3076 400 3122 vitae
420 3073 585 3137 spatiis
611 3071 738 3118 eirca
765 3067 1100 3115 adolescentie
1124 3081 1224 3113 me·

199 3167 295 3203 tam
317 3150 618 3201 flectendum
639 3159 713 3196 est
728 3184 743 3208 ,
768 3162 870 3210 quo
896 3148 948 3193 iu
978 3145 1107 3193 flexu
1128 3159 1224 3190 ma·

195 3235 390 3281 ximnm
427 3230 542 3277 vitae
559 3226 825 3289 virtutique
853 3223 1107 3272 discrimen
1139 3223 1224 3269 im-

194 3313 387 3379 pendet
407 3346 423 3369 ,
479 3319 535 3356 ut
587 3306 826 3355 maximus
865 3304 1003 3352 labor
1054 3312 1126 3349 est
1160 3300 1224 3347 ad

196 3406 378 3442 metam
414 3391 470 3437 in
496 3387 654 3436 curuli
689 3386 947 3433 certamine
968 3406 1011 3431 ι.
1051 3383 1223 3432 Cicero

192 3491 301 3521 uon
342 3471 481 3520 deit
517 3466 595 3514 ad
616 3476 796 3512 metam
816 3498 832 3522 ,
863 3462 949 3511 sed
973 3460 1046 3509 ad
1074 3471 1225 3507 metas

194 3568 408 3600 romano
431 3561 599 3603 mox-03
626 3560 737 3592 uam
761 3544 900 3606 spina
935 3540 1052 3588 circi
1077 3540 1225 3604 pluri-

191 3632 286 3680 bus
320 3632 476 3679 metis
498 3622 873 3674 ‚ten-minabatur.
905 3619 1050 3668 Ovid.
1077 3620 1223 3666 Trist-

189 3714 280 3768 Π,
310 3714 341 3758 8
358 3748 377 3772 ,
412 3708 479 3755 35
497 3722 511 3755 z
527 3705 672 3753 «Nec
689 3700 864 3767 procul
882 3716 910 3747 a
931 3699 1086 3756 metis,
1106 3714 1225 3760 quas

190 3807 333 3855 pene
353 3801 529 3836 tenere
547 3781 766 3838 videbar,
792 3776 1045 3830 Curriculo
1070 3777 1226 3840 gravis

186 3882 261 3918 est
281 3871 428 3917 faeta
446 3866 589 3912 ruina
614 3876 724 3909 meo
738 3882 781 3906 n.

259 3951 291 3997 8
302 3986 318 3998 .
347 3949 523 4010 Quum
539 3941 738 3989 incluse
749 3934 940 3985 diutius.
955 3933 1227 3982 Translatio

185 4047 215 4077 e
239 4025 446 4077 belluis
469 4030 676 4084 sumpta.

257 4124 314 4169 9,
367 4101 476 4150 Vel
508 4099 672 4148 dicam
695 4130 711 4156 ,

407 4199 498 4263 V.
554 4211 642 4256 cic.
663 4221 775 4268 pars
794 4203 1000 4250 secunda·

762 4110 857 4158 quo
896 4107 960 4140 ex
997 4107 1228 4140 sannone.

1307 2748 1458 2811 magis
1480 2747 1703 2795 ostendat
1729 2764 1780 2795 se
1802 2765 1954 2798 eausa!
1973 2749 2220 2800 confidere
2234 2787 2250 2810 ,
2278 2765 2325 2803 et

1310 2827 1410 2874 sive
1435 2827 1535 2873 vita
1568 2826 1708 2875 Coelii
1744 2827 1888 2875 fuerit
1925 2827 2181 2887 licentior,
2225 2833 2327 2881 sive

1310 2905 1416 2953 solo
1440 2905 1693 2953 hominnm
1716 2921 1937 2968 rumore,
1979 2924 2089 2956 eum
2112 2913 2325 2961 ostendit

1310 2984 1446 3032 venia
1465 2994 1514 3031 et
1534 2985 1846 3033 excusatione
1870 2986 2087 3049 dignum.

1387 3079 1465 3111 ιο.
1495 3063 1809 3126 Inter-positus
1835 3080 1989 3112 sermo
2024 3065 2323 3117 deliciarum.

1312 3144 1378 3190 Ut
1398 3143 1485 3190 iste
1516 3141 1684 3190 rumor
1705 3143 1764 3189 de
1784 3144 1888 3204 ejus
1906 3144 2091 3192 deliciis
2109 3157 2155 3192 et
2175 3146 2295 3196 luxu
2309 3181 2324 3208 ,

1312 3224 1397 3285 qui
1431 3221 1748 3285 interpositus
1779 3222 1930 3284 ipsius
1962 3222 2324 3286 quodammodo

1311 3300 1454 3348 bonae
1491 3299 1863 3346 existimationis
1900 3316 2091 3348 cursum
2122 3301 2325 3368 abrupe-

1311 3390 1413 3437 rat,
1441 3378 1856 3442 exstingueretur,
1893 3394 2068 3427 nomen
2111 3384 2320 3431 Atratini

1312 3457 1452 3505 antici
1480 3457 1574 3504 mei
1607 3456 1799 3505 detulit.

1388 3551 1467 3586 11.
1500 3537 1654 3594 Fecit,
1697 3553 1795 3584 me.
1819 3535 2043 3587 ..invitm
2084 3540 2202 3588 Haec
2238 3559 2326 3606 per

1311 3616 1631 3680 parenthesim
1654 3616 1915 3677 interjicit,
1947 3633 2008 3664 ne
2040 3618 2228 3678 judiees
2252 3622 2325 3668 of-

1312 3694 1477 3743 fendat
1492 3730 1508 3753 ,
1524 3696 1608 3758 qui
1621 3696 1893 3742 Atratinum
1917 3695 2238 3746 absolverant.

1391 3790 1471 3821 xa.
1522 3772 1717 3820 Nemini
1752 3784 1966 3819 nostrum
2012 3775 2325 3839 obtemperat.

1313 3853 1432 3901 Non
1470 3852 1596 3914 patri
1614 3886 1628 3910 ,
1663 3866 1764 3899 uon
1788 3853 1859 3899 M.
1884 3853 2081 3912 Crasso,
2110 3856 2249 3914 eujus
2276 3857 2329 3903 in

1316 3927 1572 3979 castissima
1616 3929 1762 3976 domo
1795 3944 1922 3993 sape
1960 3944 2201 3992 versatum
2230 3949 2332 3981 non

1317 4009 1465 4070 mihi,
1494 4007 1558 4055 ad
1598 4023 1740 4071 quem
1775 4020 1966 4072 sumpta
2003 4011 2131 4059 virili
2163 4023 2276 4076 toga
2304 4028 2329 4058 a

1319 4099 1456 4153 patre
1483 4085 1721 4135 deductus
1746 4098 1833 4136 est.
2150 4101 2154 4110 ·

1970 4183 2051 4249 16
