2994 4778
462 434 754 502 ORAT.
804 431 928 498 DE
975 432 1278 500 PROV.
1332 433 2150 503 CONSULARIBUS.
2257 433 2393 505 285

272 580 427 650 erga
468 555 669 624 hunc
705 552 1033 623 ordinem
1069 551 1480 649 repudiato.
1533 558 1710 625 Nam
1752 568 1833 623 ut
1867 560 1945 625 C.
1980 555 2209 628 Julius
2236 581 2396 628 om-

272 665 481 735 nibus
532 689 576 733 a
630 676 882 733 senatu
928 662 1204 732 eximiis
1243 686 1325 732 ac
1363 666 1573 732 novis
1623 661 1842 733 rebus
1887 681 2219 752 ornatus,
2266 692 2399 764 per

263 798 522 842 manus
550 781 614 815 ¹⁰
650 771 833 841 hanc
873 772 1312 868 provinciam
1352 770 1588 842 tradat
1625 774 1727 859 ei,
1779 774 1894 843 cui
1937 775 2232 846 minime
2266 801 2395 849 vos

265 882 534 965 velitis;
581 906 711 979 per
754 906 981 977 quem*
1011 881 1342 952 ordinem
1387 884 1537 977 ipse
1573 881 2081 979 amplissimam
2117 887 2207 955 sit
2241 885 2398 981 glo-

265 995 431 1061 riam
495 1005 1028 1087 consequutuS,
1090 993 1155 1061 ei
1218 1016 1313 1063 ne
1371 991 1781 1063 libertatem
1839 994 2134 1089 quidem
2181 996 2395 1066 relin-

264 1116 474 1198 quat,
522 1100 787 1171 adduci
841 1100 929 1170 ad
986 1101 1504 1197 suspicandum
1558 1101 1761 1172 nullo
1808 1104 2026 1175 modo
2077 1128 2393 1203 possum.

264 1215 687 1295 Postremo,
744 1234 893 1306 quo
945 1214 1255 1307 quisque
1306 1213 1547 1281 animo
1596 1209 1888 1283 futurus
1936 1216 2062 1301 sit,
2116 1218 2394 1288 nescio:

261 1320 435 1417 quid
502 1345 832 1418 sperem,
893 1319 1130 1391 video.
1196 1326 1536 1392 Praestare
1591 1321 1732 1393 hoc
1781 1339 2069 1395 senator
2126 1324 2398 1415 debeo,

260 1448 623 1528 quantum
674 1455 1007 1528 possum,
1066 1455 1157 1500 ne
1214 1432 1378 1527 quis
1429 1434 1539 1501 vir
1597 1430 1866 1519 clarus,
1921 1449 2046 1505 aut
2094 1452 2398 1533 potenS,

263 1541 426 1613 huic
472 1540 719 1612 ordini
762 1541 923 1635 jure
968 1542 1175 1610 irasci
1210 1563 1422 1636 posse
1457 1540 1803 1612 videatur.
1844 1548 2082 1639 Atque
2116 1544 2297 1633 hoc,
2339 1547 2399 1616 si

270 1651 799 1720 inimicissimus
850 1672 1076 1719 essem
1126 1653 1202 1721 C.
1249 1651 1542 1737 Caesari,
1581 1653 1919 1722 sentirem
1969 1667 2207 1726 tamen
2253 1659 2395 1727 rei-

270 1759 573 1857 publicae
615 1784 847 1830 causa.

350 1873 581 1939 xvll.
641 1868 778 1939 Sed
827 1891 979 1938 non
1022 1867 1333 1938 alienum
1374 1894 1527 1941 esse
1577 1870 1912 1958 arbitror,
1955 1898 2104 1969 quo
2154 1877 2395 1947 minus

264 2004 440 2077 saepe
471 1993 602 2049 aut
626 1977 1044 2075 interpeller
1064 2003 1106 2047 a
1133 1979 1535 2067 nonnullis,
1559 1996 1685 2051 aut
1710 1983 2124 2054 tacitorum¹
2158 1986 2391 2056 existi·

266 2091 581 2159 ulatione
638 2086 1149 2186 reprehendar,
1203 2090 1557 2186 explicare
1607 2090 1957 2180 breviter,
2003 2118 2163 2189 quae
2217 2094 2396 2164 mihi

264 2204 345 2268 sit
374 2200 567 2270 ratio
589 2253 609 2285 ‚
651 2212 720 2269 et
754 2223 964 2269 causa
1002 2223 1166 2269 cum
1200 2202 1491 2269 Caesare.
1533 2205 1634 2270 Ac
1667 2203 1979 2297 primum
2013 2203 2185 2273 illud
2219 2219 2395 2276 tem-

273 2334 394 2406 pus
444 2309 948 2380 familiaritatis
1008 2322 1080 2378 et
1113 2307 1727 2398 consuetudinis,
1786 2336 1944 2407 quae
2002 2311 2179 2380 mihi
2227 2337 2392 2383 curn

270 2420 415 2502 iilo,
458 2446 633 2517 quae
682 2417 881 2490 fratri
923 2442 1087 2489 meo
1107 2430 1163 2506 ²,
1212 2442 1374 2513 quae
1419 2421 1491 2488 C.
1536 2417 1909 2506 Varroni³‚
1951 2424 2393 2494 consobrino

266 2547 550 2615 nostro,
598 2529 691 2600 ab
737 2530 1060 2600 omnium
1109 2542 1436 2598 nostrum
1486 2528 1967 2600 adolescentia
2002 2529 2169 2616 fuit,
2209 2556 2390 2628 prae·

261 2646 605 2712 tei-mitto.
657 2643 1125 2736 Posteaquam
1180 2664 1342 2709 sum
1396 2640 1687 2736 penitus
1741 2643 1815 2710 in
1869 2640 2391 2738 rempublicam

259 2756 653 2848 ingressus,
712 2752 807 2819 ita
867 2750 1162 2819 dissensi
1232 2748 1321 2819 ab
1384 2749 1554 2839 illo,
1616 2766 1735 2837 ut,
1790 2753 1862 2821 in
1911 2750 2389 2846 disjunctione

255 2864 664 2943 sententiae,
693 2860 1062 2955 conjuncti
1093 2874 1329 2931 tamen
1366 2861 1676 2931 amicitia
1704 2885 2179 2932 maneremus
2203 2865 2391 2933 Con-

257 2975 370 3044 sul
410 2975 528 3043 ille
564 2973 710 3068 egit
744 2997 858 3042 eas
891 2996 1009 3042 res
1024 2976 1078 3058 ⁶,
1118 2959 1425 3068 quarum
1469 2997 1585 3042 me
1611 2973 2033 3069 participem
2078 2998 2230 3044 esse
2263 2996 2388 3043 vo·

333 3153 416 3184 to.
438 3139 726 3184 Permanus.
738 3134 947 3183 Videtnr
965 3133 1273 3197 proverbium

254 3215 504 3273 redolere,
527 3227 584 3262 ut
608 3216 660 3261 in
688 3213 892 3277 epistola
917 3211 980 3259 ad
1006 3212 1273 3260 Caesarem:

254 3297 476 3343 «Totum
500 3295 710 3357 denique
726 3293 970 3341 hominem
994 3291 1085 3340 tibi
1106 3289 1271 3347 trado,

255 3375 516 3432 «lemano,
553 3384 607 3420 ut
641 3372 806 3428 aiunt,
842 3372 896 3418 in
920 3386 1114 3418 manum
1141 3381 1273 3417 tuam

252 3457 390 3503 istam
404 3465 455 3501 et
477 3453 699 3510 victoria,
718 3464 764 3501 ct
779 3451 880 3500 fide
902 3461 1206 3516 praestantem
1227 3472 1269 3498 n.

324 3536 489 3582 xvn.
528 3549 573 3579 ι.
602 3535 713 3581 Hoc
748 3533 803 3579 in
838 3531 1081 3595 plcrinqne
1118 3528 1270 3578 codd.

255 3615 351 3662 suis
382 3615 677 3661 invenerunt
713 3612 911 3659 Gruter.
947 3622 996 3658 et
1029 3610 1265 3658 Gravius.

255 3693 380 3740 oum
422 3703 525 3739 em
564 3692 616 3738 iu
655 3690 771 3739 edd.
812 3677 1062 3738 manuni.
1098 3687 1271 3737 mesca.

254 3774 299 3820 J.
321 3775 383 3820 V.
411 3775 467 3819 L.

325 3866 377 3898 2.
427 3849 594 3896 Fratri
629 3864 752 3895 meo.
792 3847 979 3910 Quinto
1016 3846 1270 3904 Ciceroni,

253 3932 338 3994 qui
375 3946 502 3977 unus
534 3945 560 3974 e
593 3927 761 3992 legatis
793 3926 991 3976 Caesari·
1025 3927 1076 3973 in
1114 3926 1269 3974 Gallia

254 4010 506 4072 provincia
534 4007 713 4055 aderat.

330 4089 375 4134 3.
405 4089 460 4136 C.
494 4086 717 4133 Varmm'.
744 4086 847 4133 Cic.
876 4085 929 4131 in
949 4085 1088 4131 Brut.
1110 4100 1153 4132 c.
1183 4084 1271 4144 76,

254 4157 416 4208 laudan
426 4160 757 4209 CNan-onem
770 4171 911 4205 suum
921 4155 1269 4220 propinquum·

1360 3136 1435 3181 De
1472 3132 1614 3180 claris
1649 3132 1939 3181 Oratoribus
1985 3134 2088 3192 ejus
2134 3134 2379 3194 meminit,

1360 3222 1410 3260 ct
1428 3211 1483 3257 in
1505 3211 1721 3259 Verrem.
1751 3211 1846 3258 Sed
1870 3227 1974 3257 non
2003 3222 2058 3258 ut
2084 3210 2305 3260 doctriua
2332 3225 2381 3263 et

1358 3291 1587 3353 ingenio,
1630 3290 1698 3337 ita
1738 3289 1956 3336 moribus
1992 3290 2084 3337 fuit
2117 3291 2379 3355 probatus,

1359 3379 1416 3416 ut
1444 3381 1607 3416 narrat
1631 3368 1851 3415 Valerius
1885 3368 1970 3418 lib.
2003 3370 2155 3428 VIII,
2190 3387 2296 3436 cap.
2324 3390 2377 3421 α.

1359 3450 1525 3511 Quum
1550 3459 1662 3512 post
1686 3448 1902 3495 curulem
1930 3448 2206 3497 aedilitatem
2229 3451 2382 3512 judex

1360 3528 1642 3592 quaestionis
1686 3538 1842 3586 esset,
1880 3539 2099 3576 mortuus
2134 3544 2223 3579 est.
2268 3531 2383 3578 Non

1358 3608 1439 3655 ille
1460 3607 1772 3671 accipiendos
1790 3618 1861 3654 est
1883 3623 1994 3654 cum
2012 3609 2240 3657 Terentio
2260 3610 2382 3656 Var-

1358 3704 1492 3744 rone,
1522 3704 1666 3751 quem
1687 3686 2019 3748 Quintilianus
2046 3691 2378 3737 Romanorum

1359 3766 1691 3815 doctissimum
1711 3765 1995 3816 nominavit.
2018 3767 2104 3814 Ille
2117 3777 2218 3814 erat
2232 3767 2377 3814 etiam

1358 3862 1468 3892 cuin
1512 3845 1746 3891 Cicerone
1791 3846 2214 3904 conjunctissimus
2235 3879 2251 3902 ‚
2298 3844 2382 3892 cni

1358 3932 1599 3987 superstes
1639 3922 1746 3968 fuit.
1790 3923 2234 3987 Proscriptionibns
2275 3940 2379 3970 ere-

1364 4014 1509 4067 ptus,
1542 4002 1605 4048 ad
1632 4012 1825 4049 contum
1851 4019 2007 4051 annos
2036 4004 2155 4051 vixit
2185 4015 2233 4052 et
2258 4003 2379 4051 scri·

1366 4082 1481 4146 psit.

1438 4171 1488 4218 4.
1534 4161 1713 4209 Consul
1741 4160 1820 4210 ille
1854 4162 1952 4226 egit
1982 4179 2065 4209 eas
2092 4176 2186 4209 res.
2223 4161 2381 4210 Caesar
