2994 4778
279 433 974 454 ἋΏΜΜΜΜἎὮ
980 432 1880 463 mmmssmmummm
1886 443 2034 464 ”5ss
2049 446 2344 465 §nsufflm

682 652 1871 761 ARGUMENTUM.

250 899 557 958 Orationem
580 898 728 957 hanc
756 881 911 956 idem
927 941 944 970 ,
968 899 1069 976 qui
1088 897 1454 958 Plancianam
1480 911 1542 957 et
1565 900 1949 961 Milonianam
1966 946 1983 975 ,
2011 905 2141 966 fecit
2157 924 2352 987 gratus

313 1016 373 1053 ac
402 1015 617 1054 memor
646 995 942 1053 redeuntis
970 994 1045 1053 ab
1069 995 1272 1053 exsilio
1297 996 1592 1054 Ciceronis
1624 998 1865 1057 animus.
1894 1002 2153 1075 Sextius,
2176 1027 2356 1082 quum

310 1094 533 1151 Metello
559 1106 616 1151 et
638 1092 887 1151 Lentulo
911 1091 1244 1150 consulibus
1276 1091 1542 1150 tribunus
1566 1093 1752 1172 plebis
1776 1110 1952 1168 esset,
1980 1117 2210 1159 omnem
2236 1104 2354 1162 vim

310 1190 615 1249 tribunatus
636 1188 727 1248 sui
754 1189 828 1248 ad
859 1189 919 1247 id
942 1190 1232 1268 praecipue
1262 1193 1535 1262 contulit,
1565 1204 1629 1249 ut
1659 1193 1996 1252 Ciceronem
2029 1198 2181 1255 malo
2213 1194 2351 1257 Clo-

311 1286 386 1344 dii
404 1288 614 1345 scelere
640 1286 998 1344 exsulantem
1030 1287 1231 1363 patriae
1266 1287 1616 1344 restitueret.
1648 1292 1732 1347 Ac
1761 1290 1953 1367 primo
1979 1293 2171 1351 statim
2203 1307 2355 1353 tem-

308 1404 440 1462 pore
467 1400 772 1464 postquam
801 1386 987 1443 fuerat
1006 1384 1331 1462 designatus
1348 1428 1364 1453 ,
1382 1387 1492 1443 iter
1522 1385 1595 1443 ad
1625 1391 1689 1445 C.
1705 1391 1989 1448 Caesarem
2009 1411 2119 1469 pro
2145 1396 2355 1453 summi

309 1481 409 1538 viri
434 1481 611 1540 salute
637 1481 923 1559 suscepit,
952 1481 1014 1538 in
1046 1500 1161 1558 quo
1196 1501 1545 1559 quamquam
1579 1481 1720 1540 nihil
1751 1486 2027 1563 profecit,
2058 1509 2177 1547 non
2210 1482 2345 1549 ideo

308 1577 636 1665 deterritus,
666 1598 800 1636 cum
830 1577 1051 1636 Milone
1085 1577 1400 1655 praesertim
1444 1598 1511 1634 ac
1553 1583 1625 1652 Q.
1671 1579 1940 1639 Fabricio
1984 1583 2229 1644 tribunis
2268 1588 2349 1665 pl.

309 1675 622 1735 societatem
653 1675 724 1732 de
756 1672 1085 1732 revocando
1114 1674 1395 1732 Cicerone
1430 1674 1576 1733 iniit.
1605 1680 1828 1735 Octavo
1855 1691 2044 1738 autem
2077 1682 2349 1743 kalendas

311 1769 639 1843 februarias,
688 1791 867 1848 quum
911 1769 984 1827 de
1032 1770 1314 1828 Cicerone
1359 1782 1494 1827 ante
1533 1774 1817 1849 populum
1863 1776 2068 1853 agendi
2121 1791 2349 1858 tempus

309 1870 570 1941 venisset,
604 1881 661 1925 et
699 1872 770 1941 Q.
801 1866 1102 1925 Fabricius
1130 1867 1486 1944 rogationem
1531 1882 1680 1926 esset
1722 1870 1964 1943 laturus,
2009 1873 2255 1951 impetus
2291 1878 2353 1936 in

308 1985 426 2022 eum
451 1968 512 2023 fit
536 1979 920 2036 armatorum3
954 1965 1101 2022 alter
1131 1963 1395 2022 tribunus
1422 1968 1503 2022 Μ.
1531 1965 1759 2042 Cispius
1789 1965 2124 2045 depellitur,
2160 1973 2344 2033 caedes

309 2062 537 2120 maxima
564 2062 625 2120 in
658 2062 790 2119 foro
814 2082 847 2118 a
872 2060 1167 2120 Clodianis
1198 2059 1616 2140 gladiatoribus
1644 2081 1711 2119 ac
1738 2067 2107 2125 mercenariis
2135 2069 2346 2129 editur.

308 2162 360 2215 P.
388 2160 608 2217 Sextius
648 2158 870 2216 interea
904 2177 1081 2234 quum
1110 2157 1349 2215 Metello
1393 2159 1617 2219 consuli
1646 2170 1703 2214 et
1734 2172 1870 2218 tunc
1907 2165 2187 2239 temporis
2229 2187 2347 2225 non

310 2258 525 2314 omnino
553 2255 847 2314 Ciceronis
880 2256 1066 2313 amico
1098 2253 1501 2327 obnuntiaret,
1537 2255 1775 2314 inermis
1814 2270 1989 2337 atque
2031 2261 2347 2339 imparatus

308 2352 484 2428 gladiis
508 2367 567 2412 et
601 2351 850 2411 fustibus
874 2351 1238 2424 vulneratur,
1272 2371 1338 2410 ac
1372 2370 1479 2430 pro
1512 2364 1743 2411 mortuo
1772 2354 2138 2434 relinquitur.
2164 2359 2341 2431 Quod

314 2464 475 2508 autem
497 2451 766 2510 Metellus
788 2451 990 2508 consul
1015 2470 1144 2508 cum
1168 2451 1386 2534 populo
1418 2451 1623 2529 agebat
1642 2494 1658 2522 ‚
1689 2466 1968 2528 quantum
1993 2474 2066 2511 ex
2097 2458 2346 2515 oratoris

319 2546 515 2608 silentio
537 2547 805 2626 judicare
840 2548 1008 2616 licet,
1037 2547 1259 2624 rogatio
1286 2560 1425 2632 'erat
1467 2546 1661 2622 aliqua
1695 2549 1989 2606 Ciceronis
2030 2551 2202 2609 saluti
2239 2553 2346 2610 ad-

317 2659 496 2716 versa,
543 2662 719 2720 quam
751 2642 974 2699 Tullius
1009 2640 1080 2699 de
1122 2641 1406 2699 industria
1470 2641 1680 2712 tacuit,
1749 2661 1885 2701 sane
1929 2644 2198 2705 omnibus
2235 2668 2347 2706 no-

313 2749 411 2796 tam
433 2784 450 2809 ,
474 2760 545 2797 ne
574 2740 634 2796 in
664 2737 920 2815 ejusdem
950 2736 1466 2795 commemorandis
1503 2737 1730 2814 injuriis
1773 2738 1979 2797 creber
2017 2755 2166 2800 esset
2209 2764 2342 2803 cum

309 2852 412 2910 quo
435 2837 493 2894 in
513 2836 757 2913 gratiam
785 2834 1053 2893 redierat.
1093 2838 1360 2893 Ceterum
1390 2854 1527 2893 mox
1562 2835 1740 2893 aedilis
1771 2835 2008 2895 Clodius
2035 2859 2214 2916 quum
2240 2862 2341 2900 eos

308 2950 438 3007 quos
468 2933 619 2990 ferro
651 2949 770 2988 non
795 2942 1098 3008 potuerat,
1125 2930 1358 3008 judiciis
1386 2931 1657 3009 jugulare
1697 2946 2012 3009 quaereret,
2060 2938 2342 2997 Milonem

308 3027 416 3104 ipse
441 3029 752 3099 accusavit3
782 3033 847 3086 P.
869 3041 1057 3086 autem
1089 3028 1265 3086 Sextii
1286 3047 1492 3086 nomen
1521 3032 1605 3086 M.
1636 3031 1827 3088 Tullio
1854 3030 2218 3092 Albinovano
2243 3035 2341 3093 de·
2379 3085 2386 3094 .

309 3124 584 3184 serendum
614 3113 931 3197 commisit,
968 3125 1067 3201 qui
1115 3144 1248 3183 eum
1290 3126 1415 3201 lege
1446 3126 1695 3183 ‚Lutatia
1726 3126 1800 3183 de
1849 3128 1907 3183 vi
1950 3142 2194 3205 propter
2227 3150 2340 3189 cae—

308 3220 422 3279 dem
443 3266 459 3292 ,
505 3243 656 3280 anno
692 3222 990 3299 superiore
1019 3240 1142 3278 v111
1167 3220 1394 3278 kalend.
1434 3219 1580 3276 febr.
1610 3222 1671 3277 in
1714 3221 1843 3277 foro
1888 3222 2095 3281 factam
2116 3267 2131 3292 ‚
2180 3227 2338 3303 apud

308 3324 380 3378 M.
402 3322 688 3380 AEmilium
716 3325 995 3380 Scaurum
1023 3333 1334 3398 praetorem
1362 3338 1494 3375 ann.
1529 3316 1676 3378 Urb.
1712 3318 1825 3397 697
1858 3323 2188 3399 postulavit.
2216 3331 2339 3385 Lex

309 3431 480 3476 autem
507 3419 766 3490 Lutatia‚
794 3416 1020 3494 denua
1060 3415 1327 3500 pluralia
1367 3420 1590 3492 Legum
1634 3416 1834 3474 Indice
1875 3417 2171 3496 dicentur,
2222 3424 2339 3482 lata

310 3529 418 3572 erat
440 3536 567 3572 ann.
592 3514 738 3573 Urb.
767 3513 912 3589 675,
945 3520 1015 3586 Q.
1042 3514 1274 3570 Lutatio
1294 3513 1501 3571 Catulo
1520 3526 1578 3570 et
1601 3517 1685 3571 M.
1708 3514 1941 3573 AEmilio
1966 3536 2111 3575 cosS.
2135 3538 2337 3578 sanxe-

310 3624 525 3694 ratque,
555 3624 621 3670 ut
654 3612 808 3670 festis
839 3629 1072 3687 quoque
1105 3608 1341 3678 diebus,
1369 3608 1636 3685 ludisque
1667 3610 1878 3688 quibus
1901 3612 2124 3688 judicia
2153 3615 2337 3674 inter-

305 3708 437 3766 mitti
458 3708 754 3776 solebant,
783 3707 856 3765 de
888 3708 947 3764 vi
978 3708 1157 3784 quaeri
1183 3717 1393 3784 posset.
1717 3705 1724 3712 ’

370 3789 561 3864 Sextio
604 3805 1026 3884 praeclarissimi
1064 3804 1175 3862 viri
1221 3815 1339 3861 tum
1382 3804 1642 3881 patroni,
1687 3817 1806 3862 tum
1841 3806 2102 3863 advocati
2131 3808 2338 3867 adfue-

316 3917 455 3975 runt,
498 3904 561 3962 in
593 3903 794 3981 primis
822 3914 1013 3959 autem
1044 3920 1274 3958 causam
1304 3900 1427 3976 ejus
1457 3919 1761 3978 suscepere
1799 3906 1869 3973 Q.
1900 3904 2240 3964 Hortensius
2271 3926 2338 3963 ac

321 3997 514 4057 Cicero.
550 4006 629 4058 At
659 3999 824 4078 prior
861 3996 1096 4076 quidem
1138 3995 1285 4054 dixit
1316 3997 1686 4066 Hortensius,
1724 3997 2000 4074 factisque
2035 3999 2199 4057 facile
2232 4001 2341 4057 dc-

312 4097 659 4166 monstravit‚
687 4096 915 4155 nullum
947 4093 1005 4152 in
1040 4113 1203 4154 reum
1242 4092 1427 4150 scelus
1470 4091 1710 4164 cadere-3
1763 4095 2052 4170 posterior
2083 4115 2224 4154 vero
2253 4097 2342 4154 iu-

1991 4216 2012 4257 1
2035 4243 2046 4257 .
