2994 4778
628 390 768 486 374
1253 389 1349 456 M.
1401 390 1476 457 T.
1531 388 2108 458 clcssnoms

723 512 910 581 XIII.
947 512 1038 579 Et
1059 508 1222 605 quis
1248 506 1521 579 audivit
1541 517 1563 551 ¹
1597 533 1749 579 non
1769 506 1990 578 modo
2022 507 2385 577 actionem
2418 505 2747 602 aliquam,

625 636 753 691 aut
770 617 1352 705 relationem‚sed
1381 642 1630 689 vocem
1650 619 1974 701 omniun,
1993 630 2114 689 aut
2134 615 2504 712 querelam
2523 615 2745 686 tuam?

622 730 1012 801 Consulem
1051 743 1123 799 te
1162 742 1321 798 tum
1345 726 1564 800 fuisse
1600 741 1845 825 putas»,
1882 728 2091 821 cujus
2127 730 2202 796 in
2229 727 2613 822 imper-iffi,
2635 729 2741 822 qui

620 838 1182 936 rempublicam,
1227 852 1521 909 senatus
1556 840 2053 910 auctoritatem
2095 834 2459 909 servarat³
2507 835 2742 934 [idem-

621 948 803 1046 que4
833 952 910 1020 in
931 946 1158 1045 Italia]
1177 1001 1196 1031 ‚
1219 951 1341 1044 qui
1373 973 1628 1021 omnes
1657 950 1982 1023 omnium
2008 948 2335 1044 gentium
2359 962 2606 1044 partes
2639 948 2745 1017 tri·

619 1057 760 1130 bus
786 1058 1173 1156 triumphis
1200 1058 1618 1130 devinxerat
1635 1115 1654 1145 ‚
1680 1061 1740 1129 is
1767 1083 1843 1130 se
1878 1061 1953 1130 in
1989 1057 2283 1155 publico
2320 1072 2488 1128 tuto
2515 1058 2739 1128 statuit

617 1195 771 1243 esse
809 1195 959 1240 non
985 1158 1252 1267 'possei‘
1291 1175 1402 1241 An
1440 1183 1595 1241 tum
1628 1171 1840 1240 eratis
1867 1167 2235 1252 consulem,
2278 1193 2547 1265 quum,
2575 1192 2736 1263 qua-

583 1304 933 1376 cumque
976 1279 1068 1350 de
1113 1305 1192 1350 re
1240 1279 1544 1352 verbum
1586 1277 1816 1351 facere
1868 1281 2279 1377 coeperatis»,
2327 1294 2458 1349 aut
2494 1276 2735 1348 referre

617 1389 708 1461 ad
740 1403 1069 1461 senatum
1088 1442 1108 1473 ‚
1148 1388 1451 1461 cunctus
1479 1387 1662 1461 ordo
1679 1389 2147 1475 reclamabat,
2177 1387 2737 1485 ostendebatque

617 1499 800 1579 nibil
846 1523 999 1570 esse
1047 1524 1176 1570 vos
1219 1512 1536 1585 acturoS‚
1578 1500 1716 1570 nisi
1752 1500 1952 1596 prius
1996 1497 2088 1569 de
2137 1522 2252 1569 me
2289 1496 2739 1569 retulissetis?

620 1634 848 1706 quum
873 1634 1002 1680 vos
1026 1663 1045 1694 ‚
1084 1632 1529 1705 quamquam
1564 1606 1883 1680 foedere⁵
1919 1608 2247 1679 obstricti
2282 1610 2739 1691 tenebamini,

616 1735 857 1789 tamen
890 1742 1156 1815 cupere
1194 1738 1320 1788 vos
1358 1717 1687 1791 diceretis
1710 1772 1733 1805 ‚
1776 1719 1902 1790 sed
1932 1720 2085 1816 lege
2121 1716 2551 1816 impediri⁶?
2577 1721 2740 1807 Quae

621 1828 733 1899 lex
755 1830 1047 1927 privatis
1073 1828 1492 1900 bominibus
1523 1855 1679 1901 esse
1717 1830 1865 1901 lexv
1902 1856 2051 1901 non
2077 1829 2492 1914 videbatur,
2526 1834 2742 1901 inusta

617 1964 749 2037 per
773 1964 1019 2010 servos
1032 1933 1090 2027 3,
1114 1941 1333 2011 incisa
1358 1965 1489 2037 per
1505 1942 1685 2024 vim,
1727 1941 2064 2037 imposita
2101 1964 2234 2038 per
2257 1941 2736 2022 latrocinium,
2758 1988 2764 1999 κ.

616 2047 901 2120 sublato
941 2063 1230 2135 senatu,
1275 2049 1502 2147 pulsis
1557 2073 1596 2119 e
1652 2047 1816 2118 soro
1864 2048 2081 2119 bonis
2130 2048 2514 2135 omnibu5‚
2549 2062 2733 2145 capta

616 2156 984 2255 republica
1026 2172 1278 2229 contra
1317 2182 1570 2229 omnes
1608 2158 1865 2255 leges⁹‚
1901 2158 2105 2229 nullo
2141 2163 2418 2256 scripta
2438 2170 2497 2204 ¹⁰
2520 2182 2729 2228 more:

685 2363 830 2410 1111.
855 2377 875 2408 1
889 2397 901 2409 .
917 2362 980 2409 Ee
997 2360 1105 2426 quis
1124 2360 1336 2421 audivit,
1349 2373 1440 2410 etc.
1456 2362 1637 2427 Ecquis

618 2442 765 2499 vidit,
795 2453 843 2490 te
863 2442 1160 2489 resistentem
1182 2458 1282 2489 non
1311 2442 1467 2489 dicam
1496 2453 1633 2506 pote·

618 2532 740 2570 state
763 2521 1033 2579 consulari,
1052 2521 1138 2568 sed
1162 2521 1236 2567 vel
1261 2521 1450 2584 privato
1476 2522 1637 2569 consi-

617 2602 688 2649 lio
712 2614 726 2649 :
751 2601 880 2648 actio
902 2600 1031 2647 enim
1059 2609 1108 2646 et
1132 2599 1301 2646 relatio
1321 2598 1514 2647 videtur
1536 2616 1638 2647 esse

621 2678 917 2735 consularis3
940 2694 1038 2724 vox
1067 2687 1114 2724 et
1142 2677 1331 2739 querela
1359 2677 1537 2740 privati
1563 2678 1639 2723 os-

619 2756 720 2805 ficii
736 2792 750 2813 ,
792 2767 849 2804 nt
875 2756 1045 2803 relatio
1081 2755 1146 2801 sit
1171 2755 1468 2803 consultatio
1495 2771 1635 2802 sena·

620 2849 726 2895 tus,
759 2836 888 2885 actio
915 2835 1066 2900 ipsius
1088 2834 1493 2883 senatusconsulti
1526 2850 1640 2882 con·

618 2916 792 2966 clusio.

686 3014 738 3044 α.
760 2993 904 3061 Cujus
927 2994 978 3042 in
1006 2992 1220 3057 imperio.
1244 2993 1530 3042 Consulatu.

689 3077 740 3125 3.
775 3078 981 3123 Senatus
1022 3071 1361 3120 auctoritatem
1399 3084 1635 3121 servat-ae.

616 3157 724 3203 Hoc
748 3153 810 3201 ad
832 3153 1119 3202 Ciceronem
1141 3151 1373 3216 pertinet:
1402 3162 1558 3200 cetera
1577 3151 1640 3199 ad

615 3231 915 3295 Pompeium.
940 3259 1010 3269 —
1037 3230 1235 3280 lelem.
1254 3230 1565 3278 auctoritate.

688 3326 736 3373 4.
783 3317 1015 3382 Idemque
1058 3316 1109 3363 in
1154 3317 1321 3364 Italia.
1368 3317 1638 3366 Mendosus

613 3396 769 3444 locus.
786 3395 1014 3444 Gulielm.
1033 3395 1445 3461 coni.fidemque.
1475 3396 1638 3445 Multo

612 3472 799 3532 felicius
818 3474 1014 3521 Lallem.
1048 3486 1161 3536 post
1187 3477 1378 3521 Manut.
1405 3474 1445 3520 is
1479 3491 1638 3538 neque

611 3555 664 3603 in
690 3550 858 3600 Italia.
893 3552 1147 3598 Lectiones
1182 3551 1269 3597 bas
1306 3553 1358 3597 in
1395 3553 1635 3616 interpre-

614 3631 763 3683 tando
795 3630 1057 3693 sequimur.
1083 3631 1132 3678 J.
1148 3632 1214 3675 V.
1240 3631 1297 3677 L.

687 3713 734 3761 5.
766 3708 964 3756 Foedere
988 3705 1211 3756 obstricti.
1242 3708 1477 3766 Foederis,
1496 3710 1636 3773 quod

619 3807 729 3839 meo
765 3789 997 3852 sanguine
1030 3787 1082 3833 in
1110 3787 1336 3850 pactione
1364 3790 1636 3853 provincia-

614 3885 714 3918 ram
730 3868 946 3930 icet-atis,
972 3866 1203 3930 religione
1224 3866 1454 3916 devincti.

684 3948 737 3995 6.
754 3947 851 3994 Sed
877 3946 984 4010 Iege
1016 3944 1275 4007 impediri?
1305 3947 1430 4012 Lege
1457 3946 1631 3995 Clodia

613 4027 673 4075 de
702 4041 812 4074 meo
834 4025 1006 4073 exsilio
1037 4023 1317 4088 prohiberi,
1352 4043 1453 4090 quo
1472 4027 1632 4074 minus

611 4108 673 4156 ad
692 4116 910 4156 senatum
932 4104 994 4153 de
1013 4120 1124 4152 meo
1142 4103 1301 4152 reditu
1320 4106 1573 4154 referretis.

1798 2379 1847 2423 7.
1871 2364 1993 2410 Esse
2019 2362 2119 2411 Iex.
2145 2364 2237 2410 Ms
2266 2363 2407 2412 Gud.
2434 2380 2463 2411 a
2491 2380 2586 2412 non
2603 2379 2743 2428 agno-

1724 2441 1814 2488 scit
1853 2442 1996 2489 verba
2017 2476 2031 2501 ,
2071 2459 2171 2489 esse
2206 2442 2290 2489 lex
2310 2478 2325 2502 ,
2354 2443 2599 2507 probante
2621 2444 2740 2491 θαι.

1723 2521 1787 2568 ad
1815 2523 2045 2570 Academ.
2076 2525 2132 2582 1,
2161 2525 2210 2571 8.
2233 2526 2284 2573 J.
2303 2524 2371 2572 V.
2403 2527 2464 2573 1..

1800 2603 1847 2648 8.
1882 2603 2053 2648 Inusta
2084 2617 2179 2664 per
2214 2618 2393 2650 servos.
2436 2603 2594 2665 Quasi
2628 2603 2741 2648 serto

1727 2679 1952 2728 candenti
1979 2681 2029 2727 in
2057 2680 2341 2742 reipublicae
2368 2682 2538 2728 fronte
2559 2681 2621 2728 ad
2646 2698 2743 2745 per·

1725 2770 1920 2822 petuam
1960 2759 2271 2822 ignominiam
2310 2760 2573 2823 impressa.
2600 2762 2742 2808 Servis

1728 2841 1858 2886 enim
1879 2839 2096 2902 fugitivis
2122 2850 2169 2884 et
2198 2837 2639 2887 calumniatoribus
2663 2854 2744 2886 no·

1728 2927 1799 2965 tas
1817 2917 2073 2965 inurebant
2090 2953 2102 2976 ‚
2119 2916 2332 2981 ideoque
2354 2918 2482 2968 dicit
2504 2919 2656 2982 legem
2674 2920 2741 2964 in·

1730 3006 1883 3043 ustam
1906 3013 1993 3060 per
2018 3012 2213 3056 servos,
2238 3008 2296 3044 ut
2318 2999 2387 3044 rei
2412 2997 2737 3062 indignitatem

1727 3087 2017 3139 exaggeret:
2048 3078 2207 3137 servi,
2245 3077 2434 3141 inquit,
2462 3079 2657 3125 immina·
2683 3093 2736 3122 ex

1728 3155 2010 3218 ergastulis,
2054 3166 2199 3219 atque
2246 3156 2373 3203 adeo
2421 3158 2557 3204 notis
2604 3153 2732 3202 inusti

1725 3234 1851 3282 hanc
1868 3234 2149 3298 reipublicae
2166 3250 2272 3282 non
2294 3234 2473 3298 legem,
2491 3234 2576 3283 sed
2591 3233 2730 3281 labem

1725 3312 2012 3362 intulerunt.
2486 3325 2493 3334 “

1799 3411 1849 3456 9.
1876 3394 2059 3442 Contra
2084 3409 2254 3441 omnes
2283 3391 2442 3458 leges.
2474 3393 2644 3442 Contra
2666 3389 2734 3437 le·

1727 3488 1810 3536 ges
1831 3483 2036 3520 sacratas
2066 3482 2113 3519 et
2146 3471 2276 3536 leges
2303 3473 2411 3520 111
2438 3471 2734 3520 Tabularum.

1724 3554 1820 3599 Pro
1867 3554 2025 3600 Domo
2075 3565 2204 3599 sua:
2258 3553 2422 3613 «Quo
2459 3554 2560 3614 jure
2579 3552 2601 3595 Ρ
2642 3565 2743 3613 quo

1723 3647 1856 3678 more
1874 3627 1898 3678 ?
1915 3647 2016 3695 qno
2035 3629 2260 3695 exemplo
2285 3631 2447 3694 legem
2466 3631 2747 3678 nominatim

1724 3710 1784 3757 de
1811 3711 1968 3775 capite
1997 3709 2120 3756 civis
2143 3708 2416 3756 indemnati
2445 3709 2603 3757 tulisti
2623 3711 2646 3754 ἓ
2682 3725 2752 3755 ve

1724 3798 1829 3836 tant
1864 3788 1995 3852 leges
2031 3797 2255 3847 sacratae,
2286 3798 2459 3835 vetant
2488 3787 2752 3835 duodecim

1722 3865 1925 3922 tabulae,
1950 3867 2079 3929 leges
2095 3866 2297 3930 privatis
2317 3866 2611 3914 hominibus
2632 3871 2753 3914 irro-

1721 3946 1848 4009 gari,
1867 3945 1919 3992 id
1939 3956 2010 3993 est
2031 3947 2158 3993 euim
2179 3946 2490 4010 privilegium
2506 3969 2548 3994 »-

1798 4041 1875 4073 ιο.
1906 4025 2055 4073 Nullo
2089 4025 2271 4089 scripta
2307 4042 2457 4073 more.
2498 4028 2625 4074 Non
2655 4043 2753 4074 ser·

1718 4115 1834 4154 vato
1858 4103 2144 4152 trinundino
2158 4139 2174 4160 ,
2201 4103 2342 4167 quod
2364 4104 2421 4152 iu
2435 4103 2550 4152 aliis
2570 4105 2753 4152 servari
