2994 4778
595 456 976 525 oRATlo
1028 456 1233 524 Pno
1282 457 1358 523 T.
1403 457 1481 522 A.
1533 453 1976 525 MILONE.
2208 456 2345 551 477

234 580 620 662 bunamn,
665 576 1033 674 rebusque
1083 576 1422 647 omuibus
1480 600 1615 672 pro
1665 574 1893 646 salute
1946 575 2355 674 reipublicae

230 691 476 784 gestis,
516 686 607 758 ad
637 686 852 782 hujus
888 687 1206 758 criminis
1232 684 1722 757 defensionem
1761 710 1912 756 non
1945 684 2352 772 abutemur,

233 801 364 871 nisi
411 798 638 869 oculis
675 797 992 869 videritis
1046 796 1336 868 insidias
1371 795 1625 866 Miloni
1678 819 1718 865 a
1755 795 2012 873 Clodio
2056 818 2210 866 esse
2259 793 2357 866 fa·

141 916 148 921 ’
231 926 409 994 ctas;
462 932 595 980 nec
634 907 1087 1006 deprecaturi
1136 930 1423 993 sumus,
1481 919 1565 977 ut
1621 907 1896 978 crimen
1956 905 2099 976 hoc
2142 904 2357 977 nobis

232 1020 458 1092 multa
498 1034 798 1118 propter
846 1017 1174 1115 praeclara
1210 1018 1282 1086 in
1327 1013 1849 1114 rempublicam
1897 1017 2150 1087 merita
2182 1032 2356 1086 'con-

234 1130 550 1215 ‹lonetis3
589 1152 725 1199 nec
769 1127 1237 1225 postulaturi,
1286 1141 1403 1214 ut,
1444 1128 1506 1196 si
1546 1149 1740 1195 mors
1787 1126 1863 1195 P.
1903 1125 2136 1197 Clodii
2168 1125 2361 1197 salus

127 1234 137 1241 ’
234 1252 465 1310 vestra
498 1236 748 1324 fuerit,
773 1237 1039 1309 idcirco
1069 1261 1226 1307 eam
1250 1238 1503 1308 virtuti
1528 1237 1817 1308 Milonis
1846 1238 2111 1335 potiuS,
2140 1261 2360 1334 quam

237 1347 489 1447 populi
528 1349 807 1418 romani
859 1345 1177 1419 felicitati
1224 1347 1611 1441 assignetis.
1668 1348 1794 1419 Sin
1850 1347 2038 1418 illius
2086 1347 2364 1419 insidiae

236 1459 569 1529 clariores
623 1456 758 1529 hac
807 1457 967 1528 luce
1029 1455 1336 1542 suerint,
1391 1471 1546 1527 tum
1596 1455 1915 1554 denique
1960 1456 2361 1528 obsecrabo

189 1650 195 1655 ,
236 1566 802 1665 obtestaborque
839 1593 1008 1653 vos,
1049 1567 1362 1663 judices,
1406 1567 1466 1637 si
1511 1581 1746 1638 cetera
1782 1568 2184 1656 amisimus,
2220 1566 2364 1638 hoc

236 1677 486 1749 saltem
529 1675 739 1747 nobis
771 1691 856 1747 ut
898 1675 1387 1773 relinquatur,
1428 1674 1521 1747 ab
1571 1677 2027 1761 inimicorum
2066 1677 2362 1749 audacia

236 1779 541 1884 telisque
575 1791 793 1857 vitam
836 1801 916 1857 ut
947 1789 1246 1884 impune
1286 1786 1493 1858 liceat
1536 1785 1945 1858 defendere.

330 1903 450 1969 ΠΙ.
498 1897 635 1969 Sed
660 1953 677 1985 ,
714 1913 1098 1996 antequam
1121 1909 1143 1944 ¹
1182 1895 1272 1968 ad
1303 1920 1457 1968 eam
1490 1898 1890 1968 orationem
1922 1903 2174 1987 venio,
2200 1923 2362 1995 quae

239 2023 345 2079 est
375 2009 668 2105 propria
704 2023 964 2079 nostrae
999 2007 1413 2104 quaestionis
1434 2061 1454 2093 ,
1489 2006 1827 2078 videntur
1864 2031 1947 2078 ea
1986 2032 2138 2080 esse
2172 2006 2365 2079 refu-

239 2117 456 2188 tanda
478 2171 498 2203 ,
523 2143 681 2214 quae
711 2119 880 2189 etin
916 2133 1168 2190 senatu
1202 2116 1293 2188 ab
1326 2117 1631 2187 inimicis
1658 2140 1844 2215 saepe
1869 2116 2130 2210 jactata
2164 2133 2366 2205 sunt,

238 2241 312 2298 et
356 2229 432 2296 in
471 2228 824 2299 concione
867 2252 1050 2325 saepe
1092 2225 1185 2298 ab
1228 2225 1616 2324 improbis,
1661 2241 1733 2297 et
1785 2226 2030 2322 paullo
2065 2242 2234 2298 ante
2269 2227 2361 2299 ab

234 2334 807 2426 accusatoribus3
849 2353 970 2427 ut,
1024 2340 1224 2409 omni
1262 2360 1509 2409 errore
1549 2334 1876 2425 sublato,
1921 2361 2074 2409 rem
2113 2338 2363 2437 plane,

237 2471 402 2543 quae
435 2447 637 2517 venit
678 2447 752 2516 in
784 2446 1173 2542 judicium,
1208 2447 1451 2518 videre
1497 2447 1800 2544 possitis

336 2560 619 2652 Negant
659 2557 970 2627 intueri²
1020 2557 1253 2627 lucem
1293 2581 1447 2643 esse
1486 2553 1591 2626 fas
1628 2557 1736 2642 ei,
1774 2557 1902 2653 qui
1939 2581 1980 2627 a
2015 2581 2093 2627 se
2130 2557 2365 2628 homi-

241 2690 409 2736 nem
450 2667 769 2737 occisum
806 2690 958 2738 esse
996 2664 1317 2738 fateatur.
1360 2670 1443 2735 In
1485 2690 1633 2763 qua
1668 2651 1976 2739 tandem·
2004 2664 2189 2738 urbe
2226 2667 2369 2740 hoc

240 2775 575 2847 homines
609 2777 1005 2849 stultissimi
1036 2775 1451 2873 disputant?
1486 2800 1751 2873 nempe
1780 2777 1855 2846 in
1888 2799 1969 2846 ea
1989 2828 2009 2862 ,
2037 2766 2201 2872 quae
2228 2779 2368 2874 pri-

243 2909 448 2955 mum
487 2885 838 2979 judicium
886 2885 977 2958 de
1026 2889 1261 2984 capite
1294 2885 1472 2957 vidit
1512 2890 1610 2956 M.
1646 2886 1958 2972 Horatii,
2007 2883 2371 2956 fortissimi

244 2996 419 3082 viri3
456 2998 581 3093 qui
636 2984 961 3067 nondum
1009 2994 1235 3068 libera
1271 2997 1554 3066 civitate
1570 2993 1626 3085 ³,
1663 3010 1905 3066 tamen
1949 2995 2205 3093 populi
2247 3019 2367 3065 ro·

324 3237 406 3271 ta.
432 3220 718 3272 mannam.
732 3222 882 3270 Auno
899 3221 1124 3285 sequenti
1147 3229 1263 3284 poet

242 3301 547 3349 tribunatum
566 3300 762 3360 Clodii,
791 3299 915 3348 Milo
945 3298 1174 3348 tribunus
1200 3300 1265 3347 fa·

1350 3219 1555 3267 omnino
1596 3220 1759 3283 fugare
1799 3234 1995 3267 neeesse
2039 3229 2156 3268 emt.
2198 3221 2374 3284 Itaque

1350 3299 1629 3362 priusquam
1677 3315 1778 3346 rem
1822 3299 2153 3363 aggrediatur,
2196 3301 2369 3350 Cicero

243 3391 356 3428 ctus
375 3390 465 3441 eet,
486 3390 535 3427 et
555 3380 626 3427 ibi
645 3395 836 3444 semper
854 3379 1132 3442 gravissima
1152 3394 1262 3426 cum

241 3458 490 3506 seditiosis
515 3458 706 3506 civibus
728 3456 1086 3506 conflictatione
1115 3456 1261 3505 dimi·

244 3539 392 3586 mvit.
444 3536 758 3601 Compescuit
804 3537 1073 3603 paullulum
1109 3534 1265 3584 civilis

243 3617 365 3664 belli
392 3617 544 3679 prima
569 3616 822 3672 incendia,
852 3628 901 3664 et
939 3615 1266 3664 revocandum

245 3695 312 3743 ab
329 3696 503 3743 exsilio
523 3697 807 3745 Ciceronem
825 3731 839 3755 ,
859 3707 1027 3744 eontra
1048 3696 1266 3744 omnium

242 3774 586 3838 improborum
626 3776 786 3824 studia
819 3776 1022 3825 curavit.

321 3856 415 3900 111.
454 3871 500 3903 1.
538 3855 665 3913 sed,
717 3866 998 3919 antequam.
1041 3853 1267 3901 Narratio

243 3933 401 3996 vulgo
445 3934 699 3982 exordium
741 3935 944 3998 excipit.
985 3933 1082 3980 Sed
1118 3947 1271 3997 quum

247 4029 329 4058 ree
365 4023 415 4060 et
451 4030 607 4061 causae
639 4013 820 4062 utilitas
843 4013 1086 4077 postulat,
1122 4011 1270 4060 alium

1350 3378 1542 3439 obiecta
1567 3378 1631 3425 ab
1661 3379 1869 3426 inimicis
1905 3378 2066 3426 diluit.
2104 3381 2215 3428 Hoc
2242 3382 2371 3428 enim

1351 3473 1453 3506 uuo
1480 3457 1634 3507 modo
1659 3459 1872 3506 narratio
1910 3457 2183 3506 verisimilis
2210 3471 2373 3526 potest

1351 3536 1528 3585 videri.

1427 3631 1480 3665 a.
1509 3618 1578 3664 N.
1604 3615 1793 3665 intueri.
1820 3614 2051 3666 Clodiani
2078 3632 2148 3664 se.
2173 3627 2224 3664 et
2247 3617 2374 3664 iuter

1355 3712 1439 3744 eos
1458 3696 1720 3761 praesertim
1740 3694 1990 3743 Munatius
2011 3695 2218 3743 Plancus
2239 3707 2288 3743 et
2311 3699 2375 3759 Q.

1357 3775 1619 3838 Pompeius
1630 3774 1788 3821 Rufus
1800 3773 1995 3837 trib.pl.
2010 3774 2088 3822 CF.
2105 3773 2371 3822 Diomxl..

1429 3853 1483 3899 3.
1517 3851 1686 3897 Libera
1714 3849 1923 3899 civitate.
1956 3851 2120 3913 Quum
2156 3851 2374 3918 nondum

1357 3930 1513 3976 Roma
1559 3942 1646 3992 per
1680 3928 1904 3976 consules
1947 3936 2209 3992 regeretur.
2250 3931 2375 3979 Nam

1357 4009 1451 4056 hoc
1479 4018 1696 4070 tempore
1723 4021 1922 4070 regnum
1944 4007 2116 4055 'rullus
2143 4010 2383 4058 Hostilius

246 4091 417 4139 locum
455 4093 664 4141 obtinet.
704 4095 798 4140 Hie
826 4091 1047 4153 iudicum
1072 4091 1278 4141 auribus
1362 4084 1629 4136 obtinebat.
1662 4083 1789 4131 Nota
1824 4085 1967 4149 plane
2001 4098 2117 4135 sunt
2153 4087 2383 4136 omnibus

251 4169 387 4216 {2³1⁸ae
430 4171 686 4233 opiniones
731 4169 1113 4235 obstrepebant3
1157 4185 1274 4233 quas
1360 4169 1464 4214 haec
1486 4175 1724 4226 tempora.
