2994 4778
656 382 796 457 556
1292 392 1389 458 M.
1440 392 1518 459 T.
1571 391 2160 461 CICERONIS·

654 530 909 578 omnes
932 520 1387 592 ⁴vostrorum
1446 509 1962 607 imperatorum
1984 565 2005 598 ,
2063 535 2315 606 omnes
2364 527 2774 587 exterarum

652 616 978 711 gentium
1002 669 1022 702 ,
1092 620 1907 716 potentissimorumque
1968 619 2403 718 populorum
2427 675 2448 709 ,
2519 647 2778 702 omnes

648 724 1205 799 clarissimorum
1238 751 1488 825 regum
1523 753 1636 799 res
1669 744 1902 826 gestas
1933 753 2101 801 cum
2136 730 2271 802 tuis
2295 755 2433 812 nec
2464 748 2775 804 conten-

650 836 932 907 tionum
981 835 1547 962 magnitudine4,
1593 860 1734 909 nec
1786 862 2094 911 numero
2136 839 2589 937 praeliorum,
2641 866 2778 914 nec

649 946 988 1019 varietate
1041 949 1457 1044 regionum,
1514 970 1651 1019 nec
1713 947 2072 1022 celeritate
2122 947 2585 1038 conficiendi,
2638 977 2777 1024 nec

649 1035 1224 1130 dissimilitudine
1284 1055 1642 1129 bellorum
1709 1082 1921 1157 posse
1977 1059 2335 1148 conferri3
2402 1083 2536 1132 nec
2600 1086 2776 1133 vero

649 1164 1249 1260 disjunctissimas
1271 1163 1546 1248 terras⁵
1577 1169 1788 1240 citius
1829 1168 2257 1267 cujusquam
2285 1169 2616 1267 passibus
2646 1196 2774 1269 po-

652 1277 870 1348 tuisse
885 1279 1301 1400 peragrari,
1329 1302 1548 1375 quam
1582 1279 1761 1367 tuis,
1796 1303 1946 1350 non
1978 1277 2209 1356 dicam
2238 1278 2610 1369 cursibus,
2616 1281 2772 1353 sed

652 1386 967 1456 victoriis
1010 1385 1322 1458 lustratae
1365 1381 1608 1458 sunt6.

745 1495 1248 1596 Quoequidem
1281 1521 1416 1594 ego
1457 1498 1589 1568 nisi
1616 1510 1761 1567 tam
1798 1463 2056 1595 magna
2091 1522 2248 1570 esse
2278 1497 2543 1588 fatear,
2578 1515 2655 1572 ut
2685 1526 2771 1574 ea

645 1605 764 1675 vix
829 1607 1253 1730 cujusquam
1319 1630 1560 1694 menS,
1618 1619 1742 1678 aut
1794 1608 2137 1734 cogitatio
2189 1633 2447 1707 capere
2506 1614 2771 1708 possit,

644 1739 895 1800 amens
931 1717 1116 1787 sim.
1162 1714 1291 1787 sed
1340 1730 1583 1789 tamen
1621 1730 1792 1800 sunt
1826 1717 1962 1789 alia
1998 1720 2292 1816 majora.
2337 1724 2526 1798 Nam
2562 1719 2765 1793 belli-

644 1847 761 1894 cas
804 1823 1052 1894 laudes
1095 1824 1333 1896 solent
1383 1824 1678 1923 quidam
1737 1840 2125 1899 extenuare
2174 1828 2443 1916 verbis,
2503 1851 2768 1927 easque

644 1931 1023 2005 detrahere
1078 1934 1384 2007 ducibus
1408 1989 1428 2022 ,
1501 1937 2037 2022 communicare
2099 1962 2265 2009 cum
2328 1937 2615 2025 multis,
2673 1963 2766 2010 ne

642 2045 953 2144 propriae
996 2045 1141 2116 sint
1192 2047 1734 2144 imperatorum.
1781 2049 1869 2118 Et
1918 2062 2111 2132 certe
2162 2049 2236 2118 in
2273 2049 2540 2120 armis?
2581 2050 2762 2120 mili·

644 2167 797 2223 tnm
826 2153 1086 2242 virtus,
1130 2155 1458 2227 locorum
1495 2157 2037 2253 opportunitas,
2074 2155 2330 2228 auxilia
2362 2161 2763 2242 sociorum,

559 2327 561 2331 Α
640 2258 979 2353 classes⁸‚
1010 2263 1823 2348 commeatuS,multum
1855 2264 2132 2360 juvant.
2176 2265 2570 2362 Maximam
2593 2289 2764 2336 vero

1745 2467 1860 2504 runt
1870 2457 2099 2504 ·.Verum
2112 2466 2162 2504 et
2173 2456 2255 2504 hic
2268 2455 2427 2505 multo
2438 2456 2590 2506 latior
2602 2472 2661 2505 ae
2671 2472 2764 2504 ms-

1743 2533 2050 2599 gnifieentior
2076 2533 2410 2600 amplificandi
2430 2536 2561 2584 ratio
2579 2569 2596 2595 ,
2623 2552 2764 2601 qna-

713 2462 761 2511 4.
783 2454 892 2502 Nec
915 2454 1276 2503 contentionum
1301 2455 1656 2522 magnitudine.

638 2535 799 2584 Cesar
811 2531 1039 2581 adversus
1057 2532 1445 2583 bellicosissimas
1462 2545 1629 2598 gentes
1640 2567 1657 2593 ,

640 2612 825 2661 scilicet
854 2611 1045 2672 Gallos,
1071 2613 1364 2673 Germanos,
1381 2612 1659 2673 Britannos,

639 2691 917 2755 Hispanos,
956 2702 1052 2741 etc.
1088 2703 1403 2756 pugnaverat.
1442 2691 1656 2749 Plinius,

637 2770 827 2819 Hister.
854 2770 972 2818 Nat.
990 2772 1114 2830 vn,
1139 2772 1206 2818 25
1225 2785 1241 2819 τ
1258 2758 1293 2813 ἰ
1315 2770 1475 2818 Cesar
1506 2769 1656 2834 signis

640 2848 832 2897 collatis
860 2850 1180 2913 quinquagies
1212 2849 1492 2909 diunieavit,
1522 2849 1656 2899 solus

634 2930 712 2978 M.
748 2928 1036 2978 Marcellum
1074 2939 1419 2993 transgressus,
1445 2928 1534 2992 qui
1567 2944 1656 2976 uu·

636 3005 984 3072 dsqnadrsgies
1009 3006 1353 3056 dimicaverat:
1387 3023 1499 3055 nam
1527 3023 1652 3071 Ρω-

638 3097 713 3134 ter
736 3086 904 3135 civiles
924 3086 1152 3135 victorias
1166 3123 1181 3148 ,
1207 3088 1437 3137 undecies
1456 3099 1655 3136 centnm

635 3176 686 3214 et
711 3166 959 3231 smginta
984 3166 1085 3216 dno
1120 3166 1269 3215 millia
1290 3166 1544 3215 hominum
1564 3182 1654 3214 oe·

635 3244 733 3292 cisa
773 3246 955 3310 praliis
995 3245 1059 3294 ab
1104 3264 1164 3296 eo
1207 3261 1310 3295 non
1341 3245 1569 3310 equidem
1604 3245 1655 3292 in

635 3320 789 3386 gloria
806 3325 1075 3388 posuerim,
1094 3335 1276 3373 tantam
1293 3324 1438 3372 etism
1456 3322 1656 3373 humani

636 3401 823 3464 generis
837 3403 1067 3463 injuriam
1081 3437 1098 3462 ,
1125 3415 1225 3452 etc.
1242 3424 1268 3444 ι·

710 3479 760 3526 ⁵.
789 3479 1199 3546 Disjunceiuimas
1223 3491 1393 3529 terras.
1422 3481 1539 3529 Non
1564 3478 1653 3528 aba·

638 3557 839 3607 surdum
882 3559 1032 3606 suerit
1069 3557 1151 3606 hic
1187 3560 1408 3607 conferre
1447 3559 1654 3606 alterum

636 3637 888 3687 Ciceronis
916 3635 1109 3695 locum,
1149 3637 1207 3684 in-
1235 3652 1360 3699 quo,
1389 3636 1508 3684 dum
1534 3637 1654 3687 olim

637 3732 731 3782 pro
763 3716 869 3781 lege
905 3714 1105 3764 Manilia
1137 3715 1369 3763 victorias
1389 3732 1448 3763 ac
1475 3714 1650 3765 trium·

638 3796 763 3859 phos
784 3803 1030 3844 enumerat
1043 3830 1058 3855 ,
1083 3816 1109 3836 ι
1124 3794 1329 3858 Saepius,
1348 3794 1525 3859 inquit,
1538 3811 1651 3844 cnm

631 3872 773 3921 hoste
793 3873 1015 3922 conflixit
1031 3906 1049 3932 ,
1081 3890 1225 3938 quam
1256 3876 1511 3940 quisquam
1534 3893 1646 3925 cum

629 3951 830 4000 inimico
862 3952 1091 4011 certavit3
1137 3952 1276 4017 plura
1310 3954 1434 4003 bella
1468 3955 1643 4019 gessit,

629 4046 773 4095 quam
799 4031 941 4078 ceteri
970 4029 1216 4094 leget-unu
1251 4031 1413 4095 plures
1436 4034 1640 4098 provin·

625 4110 728 4158 eias
770 4109 1004 4167 confecit,
1037 4126 1182 4175 quam
1224 4109 1308 4158 alii
1350 4112 1638 4177 concupive-

1743 2629 1845 2662 non
1881 2615 1997 2663 satis
2030 2630 2124 2662 nec
2154 2614 2396 2667 immerito
2426 2614 2652 2663 rhetooes
2679 2614 2765 2662 ad·

1742 2693 1904 2741 mirari
1920 2704 2209 2758 potuerunt,
2221 2694 2350 2742 inter
2365 2709 2497 2757 quos
2517 2693 2763 2744 Romnum

1741 2773 1943 2820 recitare
1962 2770 2205 2834 sufficiat5
2227 2788 2375 2836 quem
2392 2771 2477 2820 adi
2503 2773 2557 2820 in
2588 2788 2681 2820 suo
2706 2771 2764 2820 ds

1742 2850 1913 2899 studiis
1933 2840 2180 2901 Tractatn.
2210 2854 2352 2900 Unus
2383 2861 2546 2900 exstat
2570 2854 2765 2901 Germ·

1742 2945 1835 2979 nus
1859 2931 1939 2977 eui
1961 2930 2101 2979 aliter
2124 2930 2360 2978 videatur.

1812 3009 1863 3057 6.
1898 3008 2124 3057 Victoriis
2145 3008 2366 3057 lases-aue
2383 3020 2515 3059 ηπε.
2532 3008 2763 3059 Cela-itur

1741 3085 1890 3136 obite
1904 3099 1955 3135 et
1967 3098 2193 3152 aspecta.
2211 3089 2305 3136 uie
2321 3086 2494 3135 saltem
2508 3104 2562 3135 se
2574 3103 2762 3152 equu-

1741 3165 1956 3214 ostendit
1975 3165 2219 3222 wolfius,
2248 3182 2339 3214 nec
2364 3166 2535 3230 inepte
2560 3182 2761 3231 cumpo·

1739 3244 1882 3293 sitam
1905 3243 2163 3308 periodum
2187 3244 2381 3293 fatetur.
2423 3244 2545 3292 Non
2573 3255 2761 3310 poterat

1742 3322 1917 3371 elatior
1933 3323 2165 3387 premitti
2184 3323 2446 3387 occupatio
2458 3357 2474 3382 ,
2506 3314 2575 3371 ita
2601 3336 2662 3372 nt
2682 3339 2761 3373 so-

1742 3400 1855 3450 dem
1893 3402 2080 3466 impetu
2114 3400 2317 3450 Caesaris
2357 3402 2485 3450 facta
2529 3402 2761 3450 celeb-ari

1742 3480 2023 3541 videantur,
2041 3497 2142 3544 quo
2163 3489 2299 3528 erant
2319 3490 2444 3529 aeta.
2722 3502 2728 3511 ·

1818 3576 1865 3622 7.
1895 3562 1963 3608 Ee
1995 3571 2124 3608 σει-ω
2157 3559 2209 3608 ae‘ae
2250 3558 2421 3607 armis.
2462 3560 2576 3607 Jam
2623 3560 2762 3623 quasi

1739 3638 1969 3688 fidentius
1998 3638 2147 3687 animi
2165 3638 2242 3687 sui
2266 3653 2462 3686 sensum
2485 3639 2764 3703 expromit,

1737 3718 1974 3781 affer-tque
1999 3720 2212 3766 rationes
2253 3733 2340 3765 cnr
2369 3716 2564 3765 bellica
2593 3716 2761 3765 laudes

1737 3795 2108 3859 haudquaquam
2150 3796 2495 3859 imperatorum
2543 3795 2760 3905 propt-it

1735 3892 1838 3925 esse
1864 3874 2134 3923 videantur.

1807 3956 1859 4002 8.
1901 3954 2108 4002 Classes.
2140 3950 2335 4016 Quibus
2375 3953 2541 4001 hostes
2589 3968 2756 4016 perse-

1728 4044 1911 4097 quutus
1938 4032 2033 4087 sit;
2062 4045 2173 4096 quae
2200 4030 2407 4079 multum
2443 4031 2494 4079 in
2528 4030 2664 4080 bello
2691 4032 2757 4079 ci·

1727 4111 1811 4161 vili
1840 4111 2022 4164 Coesari
2045 4110 2363 4175 profuerunt.
