2994 4778
669 426 801 523 196
1208 422 1213 428 ’
1285 416 1380 483 Μ.
1431 414 1508 478 T.
1562 401 2133 479 clcERoms

658 549 887 622 causis
923 565 1091 614 eum
1133 536 1445 607 videram
1484 530 1749 601 frustra
1782 526 2178 622 litigantem
2199 526 2279 586 ¹²,
2312 511 2473 584 Tibi
2508 524 2790 592 autem,

658 656 876 728 Balbe
893 708 912 738 ,
931 645 1335 746 respondeo
1356 639 1448 708 ¹³:
1470 643 1787 737 primum
1818 632 2139 732 precario
2158 631 2247 707 ¹4,
2282 628 2339 695 si
2366 623 2534 728 licet
2550 674 2572 704 ,
2591 620 2648 689 si
2671 616 2793 687 fas

659 782 767 840 est
798 757 1084 835 defendi
1119 781 1156 826 a
1193 776 1309 823 me
1346 773 1549 833 eum,
1591 747 1717 843 qui
1753 744 2034 814 nullum
2068 735 2482 809 convivium
2519 752 2793 800 renue-

656 881 783 962 rit,
819 874 948 968 qui
986 876 1354 962 unguenta
1398 854 1820 953 sumpserit,
1856 853 1979 948 qui
2019 850 2215 918 Baias
2257 835 2620 912 viderit¹⁵.

756 987 913 1067 XII.
968 972 1317 1072 Equidem
1370 966 1678 1038 multos¹
1740 976 1813 1032 et
1860 958 2002 1030 vidi
2047 958 2121 1025 in
2171 954 2305 1024 hac
2344 952 2670 1031 civitate,
2707 958 2796 1016 et

657 1093 938 1176 audivi,
981 1109 1129 1156 non
1163 1080 1383 1152 modo
1422 1077 1552 1173 qui
1588 1068 2027 1172 primoribus
2062 1064 2277 1136 labris
2299 1072 2328 1103 ²
2374 1068 2796 1155 gustassent

661 1226 889 1303 genus
924 1199 1066 1269 hoc
1101 1197 1296 1278 vitae,
1340 1202 1410 1259 et
1451 1182 1829 1263 extremIS,
1879 1192 1959 1249 ut
1999 1176 2287 1259 dicitur,
2337 1170 2573 1265 digitis
2620 1168 2796 1236 atti-

661 1291 929 1411 gisse'nt
956 1361 975 1394 ,
1025 1303 1146 1375 sed
1203 1300 1332 1397 qui
1389 1309 1614 1366 totam
1672 1288 2224 1361 adolescentiam
2285 1276 2796 1376 voluptatibus

663 1421 1063 1498 dedissent,
1131 1401 1547 1483 emersisse3
1597 1397 2031 1497 aliquand0‚
2090 1409 2162 1465 et
2213 1417 2288 1464 se
2345 1389 2435 1461 ad
2496 1387 2789 1484 frugem

659 1532 963 1609 bonam,
1009 1537 1091 1592 ut
1127 1519 1413 1600 dicitur,
1449 1512 1835 1607 recepisse,
1879 1529 2270 1603 gravesque
2307 1500 2639 1571 homines
2675 1511 2789 1567 at·

663 1664 805 1738 que
870 1635 1179 1705 illustres
1240 1624 1477 1696 fuisse.
1534 1627 1762 1692 Datur
1814 1618 2004 1688 enim
2062 1637 2404 1686 concessu
2454 1609 2788 1679 omnium

663 1749 832 1818 huic
885 1742 1139 1838 aliquis
1190 1734 1404 1807 ludus
1469 1727 1730 1816 aetati4‚
1794 1742 1866 1797 et
1917 1728 2070 1822 ipsa
2114 1737 2367 1792 natura
2406 1715 2794 1816 profundit

661 1854 1149 1928 adolescentiae
1211 1841 1693 1940 cupiditates:
1743 1861 1903 1933 quae
1957 1837 2016 1905 si
2072 1835 2168 1902 ita
2221 1841 2657 1925 erumpunt,
2703 1840 2797 1894 ut

664 1967 930 2038 nullius
982 1961 1200 2031 vitam
1251 1950 1718 2034 labefactent,
1758 1944 2025 2015 nullius
2068 1941 2366 2011 domum
2421 1948 2794 2017 evertant,

664 2075 905 2150 faciles
938 2063 1445 2142 et¹tolerabiles
1465 2058 1492 2104 ⁵
1525 2056 1773 2128 haberi
1804 2051 2055 2127 solent.
2092 2048 2231 2123 Sed
2264 2064 2345 2119 tu
2376 2045 2552 2118 mihi
2586 2042 2792 2114 vide-

665 2264 887 2316 eouscios
918 2259 978 2306 ad
1008 2256 1240 2304 clamores
1260 2287 1275 2312 ,
1320 2259 1376 2296 ut
1399 2245 1602 2295 claudos
1630 2244 1680 2290 in

665 2359 841 2411 equum
868 2337 1066 2386 insilire.

738 2441 821 2472 ια.
876 2421 1071 2467 Frustra
1118 2411 1404 2475 litigantem.
1456 2403 1683 2453 ClodInm

665 2501 923 2569 aliquoties
962 2509 1101 2543 causa
1147 2487 1402 2541 cecidisse,
1447 2484 1596 2531 immo
1635 2491 1685 2529 et

667 2581 919 2634 alumnia
974 2565 1476 2639 praevariestiouisque
1538 2561 1684 2608 fnisse

667 2666 944 2713 damnatum
963 2690 979 2715 ,
1006 2649 1199 2698 videtur
1219 2645 1424 2691 latenter
1442 2639 1654 2706 objicere
1666 2665 1680 2688 ‚

663 2756 722 2792 ut
748 2756 858 2789 enm
881 2733 998 2783 alibi
1019 2723 1434 2793 prevaricatorem
1463 2715 1684 2766 Catilina

668 2814 956 2870 nominavit.

742 2913 763 2945 ι
777 2901 824 2944 3.
866 2883 1161 2952 Respondeo.
1201 2877 1301 2927 Alii
1314 2910 1332 2936 ,
1371 2871 1682 2937 respondebo.

668 2982 719 3028 J·
741 2980 823 3109 xi.
836 2975 1090 3099 Issrewrio.
1113 3040 1168 3087 Id
1185 3046 1275 3096 est,
1289 3035 1416 3083 bom
1435 3041 1519 3079 tua
1532 3028 1686 3078 venia.

668 3118 851 3198 Lepide
871 3147 898 3177 a
918 3124 1067 3174 Balbo
1086 3119 1273 3167 veniam
1293 3115 1415 3179 petit
1432 3108 1689 3157 defenden-

670 3216 721 3262 di
763 3209 906 3261 Coelii
922 3241 938 3265 ,
989 3202 1076 3267 qui
1128 3194 1369 3245 conviviis
1418 3190 1690 3238 interfuisse

672 3291 942 3344 dicebatur,
974 3296 1123 3346 quum
1152 3277 1249 3324 illis
1283 3271 1474 3320 Baianis
1509 3266 1691 3317 deliciis

673 3373 938 3417 interesset.

752 3462 771 3491 1
782 3445 809 3490 5
820 3479 831 3490 .
855 3438 1003 3488 Baias
1018 3432 1215 3482 viderit.
1238 3428 1298 3477 Id
1313 3429 1473 3490 ipsum
1491 3423 1692 3472 Clodius

673 3524 918 3584 objecerat
957 3509 1182 3564 Ciceroni
1227 3506 1316 3553 lib.
1354 3507 1377 3550 1
1392 3537 1408 3559 ,
1447 3503 1593 3566 epist.
1629 3502 1689 3549 sd

675 3601 890 3653 Atticum
919 3594 976 3639 13
1001 3606 1014 3639 ε
1039 3613 1063 3631 α
1082 3587 1242 3647 Surgit
1263 3578 1535 3646 pulchellus
1557 3594 1691 3641 puer,

675 3678 846 3742 objicit
881 3673 998 3720 mihi
1024 3685 1100 3715 me
1126 3664 1188 3712 ad
1226 3664 1360 3708 Baias
1387 3659 1546 3705 fuisse.
1584 3657 1689 3704 Fal-

660 3777 783 3819 sum
806 3774 819 3805 z
847 3753 933 3802 sed
953 3764 1113 3799 tamen
1137 3742 1259 3807 quid
1277 3740 1394 3789 huie
1412 3737 1567 3786 simile
1591 3747 1688 3797 est,

673 3836 902 3903 iuquam?
921 3830 1056 3896 quasi
1075 3828 1125 3873 iu
1145 3834 1317 3888 operto
1339 3821 1470 3869 dicas
1487 3819 1632 3865 fuisse
1647 3838 1690 3862 ιι.

676 3916 849 3968 Strabo
885 3911 973 3959 lib.
1002 3911 1044 3954 V
1077 3903 1397 3967 Geographiae
1430 3915 1444 3948 :
1484 3921 1507 3942 ι
1530 3896 1687 3956 Baiae,

676 4012 725 4047 et
746 4009 883 4060 aqua
908 3998 1123 4054 tepentes
1146 3984 1206 4031 ad
1231 3984 1400 4031 luxum
1422 3991 1468 4027 et
1495 3976 1691 4028 morbo-

680 4093 786 4127 rum
802 4070 1101 4121 curationem
1119 4063 1313 4111 idonea
1334 4082 1376 4106 ιι.

748 4156 864 4205 111.
909 4167 955 4197 1.
1003 4137 1457 4241 Equidem-‘mmm
1496 4143 1545 4179 et
1583 4130 1695 4180 vidi

1769 2244 1819 2290 in
1859 2240 1955 2289 kae
1995 2239 2200 2287 civitate.
2233 2236 2364 2284 Vide
2403 2235 2527 2282 infra
2567 2248 2677 2296 esp.
2708 2231 2793 2277 18.

1839 2337 1888 2369 a.
1955 2317 2243 2367 Pn‘moribus
2299 2313 2446 2363 labris
2493 2319 2793 2377 gustassent.

1768 2402 1908 2449 Philo
1946 2399 2006 2446 de
2050 2396 2302 2445 nobilitate
2317 2429 2331 2453 ,
2384 2395 2495 2458 ipso
2538 2391 2749 2441 exordio
2775 2403 2792 2438 τ

1770 2504 1794 2522 ιι
1812 2479 1911 2542 Qui
1930 2477 2153 2542 sophiam
2178 2475 2347 2539 primis
2371 2474 2692 2535 degustavere
2717 2473 2794 2519 la·

1769 2558 1907 2606 bellis
1936 2580 1981 2605 ιι.
2030 2556 2148 2602 Nou
2197 2553 2354 2601 solum
2399 2550 2549 2598 labris
2599 2560 2796 2614 gustare

1771 2638 1966 2693 dicunt,
1984 2633 2070 2681 sed
2086 2633 2226 2679 etium
2248 2631 2434 2695 digitis,
2451 2630 2628 2677 eodem
2647 2631 2796 2676 etiam

1769 2718 1960 2780 adagio.
1992 2712 2179 2761 AEueid.
2200 2714 2300 2758 111
2317 2745 2331 2767 ,
2350 2709 2485 2770 376:
2509 2731 2557 2755 ει.
2578 2745 2595 2756 .
2617 2741 2632 2754 .
2658 2725 2798 2756 snm·

1769 2811 1901 2844 mum
1923 2795 2141 2856 degustat
2158 2790 2354 2836 vulnere
2372 2803 2552 2851 eorpus
2569 2809 2612 2835 ιι.

1843 2876 1894 2921 3.
1933 2870 2213 2918 Emer-sisse.
2248 2869 2355 2913 Hoc
2383 2866 2557 2913 iterum
2591 2881 2800 2930 prover·

1770 2953 1907 3000 bium
1928 2951 2121 2998 videtur
2141 2945 2372 2995 redolere·
2398 2944 2589 2992 Persius
2613 2955 2704 2991 sat.
2731 2946 2761 2991 3
2783 2958 2799 2991 :

1772 3044 1854 3080 «et
1880 3030 1979 3078 alto
2008 3032 2263 3077 Demersus
2288 3039 2470 3070 summa
2497 3038 2663 3069 rursus
2692 3037 2797 3068 non

1774 3110 1916 3159 bullit
1934 3110 1986 3156 iu
2008 3107 2138 3155 unda
2158 3126 2200 3153 ιι.
2226 3103 2399 3151 Cicero
2413 3136 2428 3157 ,
2460 3101 2515 3147 iu
2533 3098 2794 3147 Pisonem:

1775 3213 1799 3232 α
1813 3192 1881 3238 At
1894 3204 1957 3235 ne
1972 3198 2072 3235 tum
2088 3181 2282 3248 quidem
2297 3180 2530 3227 emersisti
2547 3178 2803 3226 luculente

1775 3268 2015 3318 Cesonine
2058 3279 2118 3311 ex
2158 3259 2433 3309 miserrimis
2469 3270 2657 3305 ustura
2701 3268 2803 3306 tut

1777 3346 2002 3394 sordibus
2019 3324 2066 3392 ιι..
2088 3346 2148 3389 Iu
2167 3339 2448 3387 Vatinium:
2474 3360 2500 3379 ιι
2519 3339 2750 3385 Emeum
2776 3354 2804 3384 e

1776 3440 1919 3472 coeno
1941 3445 1987 3470 -.
2015 3426 2078 3471 Et
2102 3419 2220 3467 alibi
2241 3417 2521 3482 sepissime.

1850 3510 1898 3558 4,
1924 3500 2108 3548 Datur.
2131 3532 2143 3543 .
2166 3532 2178 3545 .
2201 3494 2378 3559 aliquis
2398 3493 2542 3542 ludus
2558 3493 2716 3543 oenati.
2747 3494 2806 3541 ld

1778 3590 1873 3641 est,
1895 3580 2051 3626 sinere
2071 3589 2118 3625 et
2139 3576 2415 3639 permittere
2428 3606 2444 3631 ,
2469 3583 2527 3620 ut
2548 3572 2809 3636 indulgeat

1778 3658 1924 3707 atati.

1852 3740 1900 3786 5.
1942 3735 2133 3783 Faciles
2157 3745 2207 3780 et
2233 3729 2521 3779 tolerabiles.
2551 3729 2810 3793 singulare

1778 3815 2007 3879 quiddam
2035 3811 2255 3859 videatur
2271 3808 2458 3873 faciles
2487 3807 2584 3855 diei
2611 3808 2812 3872 eupidi-

1780 3904 1900 3945 tates
1916 3892 2161 3940 hocloco.
2183 3891 2306 3947 Sunt
2325 3900 2488 3936 autem
2507 3888 2674 3944 mites,
2694 3903 2810 3935 mo·

1777 3972 1956 4019 derata!
1972 4004 1987 4027 ‚
2011 3986 2110 4018 nou
2134 3969 2374 4026 moleste,
2396 3983 2503 4016 nou
2524 3967 2779 4015 effluunt-e
2793 4002 2812 4026 ‚

1778 4065 1888 4113 quae
1919 4050 2160 4096 neminem
2193 4047 2341 4095 ullam
2375 4048 2429 4093 in
2464 4043 2810 4094 difficultatem

1778 4127 2064 4190 conjiciunt.
2102 4127 2273 4175 Fusius
2298 4124 2462 4173 eadem
2494 4123 2811 4188 persequitur
