2994 4778
676 409 1068 477 ORATIO
1108 412 1213 479 IN
1264 414 1341 479 L.
1386 414 1463 479 C.
1514 414 2002 480 PISONEM.
2251 412 2391 508 393

266 525 645 598 addicebas
696 528 993 598 tribuno
1037 525 1271 625 plebis
1317 530 1771 602 consulatum
1818 545 2058 619 tuum,
2100 558 2389 632 rempu-

260 638 520 709 blicam
566 637 969 725 evertebas,
1011 638 1367 736 prodebas
1418 634 1676 737 caput⁵
1714 656 1785 712 et
1820 641 2120 713 salutem
2159 668 2390 715 meam

256 773 412 817 una
465 748 798 819 mercede
853 750 1238 845 provinciae
1277 777 1293 819 :
1332 752 1389 821 si
1446 751 1894 847 triumphum
1943 777 2091 821 non
2147 757 2391 849 cupie-

256 856 419 942 baS,
457 857 661 951 cujus
692 857 985 928 tandem
1017 859 1121 929 rei
1164 872 1235 928 te
1271 859 1662 957 cupiditate
1703 861 1953 932 arsisse
2005 858 2394 937 defendes?

258 971 460 1063 Saepe
506 969 699 1038 enim
755 966 933 1053 vidi,
981 972 1107 1065 qui
1147 984 1221 1041 et
1265 970 1480 1055 mihi,
1547 984 1620 1040 et
1673 971 1928 1041 ceteris
1984 970 2394 1067 cupidiores

256 1077 648 1171 provinciae
682 1077 1122 1164 viderentur,
1157 1079 1511 1177 triumphi
1548 1081 1846 1149 nom-ine
1887 1096 2127 1178 tegere
2172 1095 2390 1178 atque

254 1182 538 1257 velare⁶
568 1185 1032 1285 cupiditatem
1062 1212 1282 1258 suam.
1313 1194 1465 1259 Hoc
1504 1188 1724 1259 modo
1747 1194 1834 1260 D.
1872 1190 2193 1262 Silanus7
2227 1216 2395 1263 con-

253 1294 368 1364 sul
413 1299 489 1364 in
535 1295 676 1367 hoc
722 1295 1014 1385 ordine,
1063 1297 1203 1367 hoc
1245 1322 1450 1368 meus
1494 1302 1709 1368 etiam
1765 1298 2041 1395 collega
2079 1299 2388 1370 dicebat.

254 1408 513 1500 Neque
546 1407 740 1479 enim
766 1406 1147 1501 quisquam
1179 1422 1417 1504 potest
1447 1412 1840 1479 exercitum
1866 1432 2131 1505 cupere
2150 1463 2169 1496 ,
2197 1434 2398 1507 aper-

257 1528 478 1609 teque
515 1528 794 1611 petere,
837 1530 919 1585 ut
957 1539 1107 1595 non
1145 1529 1492 1613 praetexat
1525 1517 1987 1614 cupiditatem
2022 1520 2393 1616 triumphi.

258 1623 476 1711 Quod
510 1626 569 1694 si
607 1639 676 1697 te
719 1639 1008 1696 senatus
1052 1626 1517 1722 populusque
1563 1652 1904 1698 romanus
1941 1643 2065 1699 aut
2094 1654 2245 1699 non
2272 1654 2396 1727 ap-

259 1747 667 1830 petentem,
713 1748 838 1804 aut
888 1736 1102 1805 etiam
1145 1751 1631 1822 recusantem,
1675 1736 1950 1808 bellum
1996 1741 2395 1837 suscipere,

258 1844 658 1914 exercitum
700 1843 964 1915 ducere
994 1847 1373 1941 coegisset3
1411 1861 1651 1916 tamen
1681 1862 1834 1917 erat
1863 1850 2143 1945 angusti
2178 1851 2394 1919 animi

257 1968 478 2049 atque
522 1951 846 2041 demissi,
888 1954 1069 2048 justi
1118 1956 1467 2053 triumphi
1509 1956 1860 2027 honorem
1905 1974 2123 2054 atque
2160 1958 2394 2056 digni-

258 2077 479 2134 tatem
538 2079 1022 2134 contemnere.
1091 2069 1270 2137 Nam
1302 2118 1321 2151 ‚
1383 2081 1464 2135 ut
1521 2066 1824 2137 levitatis
1875 2064 2048 2154 est⁸,
2102 2070 2387 2140 inanem

256 2175 603 2270 aucupari
651 2198 1059 2257 rumorem;
1108 2188 1227 2261 ut,
1286 2200 1538 2246 omnes
1583 2175 1877 2247 umbras
1920 2174 2108 2247 falsae
2154 2177 2393 2274 gloriae

258 2286 472 2353 etiam
517 2287 955 2371 consectari;
990 2286 1091 2355 sic
1129 2283 1304 2357 levis
1341 2301 1450 2356 est
1479 2287 1740 2372 animi,
1778 2286 2009 2358 lucem
2049 2287 2391 2384 splendo-

256 2419 561 2491 remque
614 2393 989 2489 fugientis,
1050 2396 1313 2489 justam
1360 2395 1701 2491 gloriam,
1763 2399 1888 2493 qui
1946 2411 2052 2467 est
2114 2396 2391 2468 fructus

257 2531 444 2576 verae
489 2506 790 2575 virtutis.
830 2505 1380 2576 honestissimus
1407 2560 1427 2594 ,
1474 2506 1868 2603 repudiare.
1925 2510 2168 2598 Quum
2222 2532 2391 2577 vero

256 2640 409 2684 non
457 2613 677 2685 modo
716 2639 865 2684 non
913 2614 1323 2712 postulante
1359 2629 1578 2712 atque
1620 2629 1959 2713 cogente,
2004 2615 2128 2685 sed
2165 2617 2391 2687 invito

255 2741 475 2822 atque
529 2750 876 2823 oppresso
925 2740 1214 2813 senatu,
1259 2750 1409 2795 non
1462 2725 1683 2796 modo
1734 2725 1932 2796 nullo
1976 2723 2227 2822 populi
2274 2750 2387 2796 ro-

255 2837 453 2906 mani
508 2835 780 2919 studio,
829 2834 956 2906 sed
1007 2835 1208 2927 nullo
1273 2832 1547 2906 ferente
1607 2835 2072 2933 suffragium9
2131 2833 2384 2917 libem,

255 2949 628 3043 provincia
673 2945 804 3016 tibi
839 2947 973 3016 ista
1018 2948 1635 3042 manupretium¹⁰
1676 2944 1893 3016 fuerit
1936 2970 2081 3015 non
2130 2968 2389 3015 eversa*

330 3109 364 3155 5
372 3143 386 3155 .
429 3108 673 3156 prodebas
709 3120 875 3171 eaput.
915 3110 1006 3156 Per
1043 3124 1275 3156 summam

253 3185 512 3251 perfidiam
532 3221 548 3245 ‚
584 3203 661 3234 me
695 3184 887 3237 affinem
926 3197 1092 3244 tuum,
1133 3201 1277 3249 quem

253 3269 301 3314 iu
326 3277 500 3314 senatu
524 3266 804 3314 sententiam
830 3265 1031 3328 rogabas
1055 3266 1280 3324 tertium,

255 3362 398 3408 quem
431 3346 483 3392 in
523 3346 617 3392 tuis
653 3344 863 3391 comitiis
900 3343 1103 3391 honoris
1136 3359 1278 3390 cansa

252 3426 591 3486 praerogativae
629 3422 880 3470 custodem
909 3424 1221 3487 praefeceras,
1249 3437 1278 3468 a

253 3505 305 3549 P.
326 3502 510 3552 Clodio
529 3502 719 3549 sinebas
736 3501 845 3562 ejici
871 3500 931 3548 de
954 3503 1169 3549 civitate.

323 3583 373 3628 6.
399 3583 493 3629 Ms
525 3586 689 3629 Faem.
718 3581 893 3629 celate.
917 3582 967 3628 J.
991 3583 1054 3629 V.
1075 3583 1134 3628 L.

327 3678 378 3721 7.
423 3663 484 3707 D.
517 3661 733 3709 Silanus.
771 3660 834 3706 D.
871 3660 1050 3707 Junius
1088 3660 1278 3708 Silanus

254 3740 560 3787 consulatum
588 3739 795 3803 adeptus
820 3750 893 3786 est
927 3750 1042 3804 post
1075 3739 1273 3788 Cicero·

255 3834 394 3879 nem;
431 3833 577 3881 quam
609 3829 767 3864 autem
796 3818 1098 3881 provinciam
1139 3828 1274 3865 tanto

254 3897 441 3946 ambitu
487 3897 706 3960 petierit,
760 3896 880 3943 mibi
930 3912 1034 3943 non
1080 3896 1268 3958 liquet:

257 3979 477 4040 suspicor
495 3987 654 4024 tamen
672 3992 782 4023 eum
802 3977 1065 4039 provinciae
1084 3974 1275 4038 cupidi-

257 4067 354 4103 ute
374 4056 522 4103 rebus
540 4056 681 4103 novis
704 4056 944 4103 studuisse
966 4056 1016 4102 in
1043 4071 1133 4102 suo
1159 4069 1275 4101 con-

261 4136 416 4183 sulatu
437 4150 452 4183 :
476 4145 606 4182 certe
632 4135 845 4183 obtinuit
869 4135 1169 4198 Hispaniam.

1439 3107 1490 3157 8.
1539 3107 1670 3153 Nam
1683 3139 1699 3161 ,
1741 3118 1795 3153 tec
1832 3107 2036 3154 levitatis
2071 3117 2159 3154 est.
2210 3108 2388 3155 Totum

1366 3185 1495 3232 hunc
1543 3185 1708 3232 locum
1749 3186 1818 3232 its
1863 3185 1981 3248 legit
2023 3185 2346 3248 Pantagathus
2370 3200 2385 3235 :

1365 3286 1389 3305 e·
1410 3266 1535 3312 Nam
1552 3275 1609 3311 ut
1626 3263 1834 3311 levitatis
1849 3275 1923 3310 est
1948 3263 2141 3311 inanem
2158 3266 2387 3329 aucupari

1365 3360 1634 3402 rumorem,
1671 3359 1840 3392 omnes
1866 3342 2061 3390 umbras
2086 3345 2230 3391 etiam
2257 3344 2388 3392 falsae

1365 3423 1531 3486 gloria·
1558 3422 1856 3479 consectari3
1879 3423 1948 3469 sic
1970 3423 2126 3482 jeiuni
2146 3434 2220 3470 est
2239 3424 2389 3471 animi

1364 3501 1521 3550 lucem
1538 3537 1553 3561 ,
1584 3501 1988 3567 splendoremque
2020 3501 2282 3565 fugientis,
2306 3505 2391 3563 ju·

1363 3594 1483 3631 stam
1526 3581 1726 3646 gloriam
1743 3617 1757 3639 ‚
1796 3582 1882 3645 qui
1922 3591 1994 3629 est
2029 3582 2216 3629 fructus
2262 3599 2386 3629 verae

1365 3661 1560 3709 virtutis
1577 3661 1967 3715 honestissimus,
1988 3662 2260 3725 repudiare.
2282 3683 2307 3703 υ

1435 3756 1485 3802 9.
1518 3743 1716 3788 Fer-ente
1741 3738 2035 3806 sqffragium
2063 3740 2224 3788 libero.
2260 3741 2382 3786 Ora-

1364 3819 1487 3866 torie
1505 3852 1519 3875 ,
1538 3834 1687 3881 quum
1712 3834 1894 3880 paucos
1912 3817 2041 3866 dicat
2064 3818 2159 3880 legi
2185 3817 2385 3865 curiatae

1367 3895 1580 3943 serendae
1597 3895 1883 3942 interfuisse.

1441 3989 1519 4020 10.
1538 3973 1914 4034 Manupretium.
1935 3974 2023 4020 Per
2036 3957 2389 4035 contemptum,

1365 4065 1417 4101 ut
1439 4052 1631 4101 homini
1659 4053 1954 4100 mercenario
1973 4062 2385 4099 auctoramentum

1366 4132 1682 4182 conceditur:
1713 4148 1892 4179 merces
1919 4141 1969 4176 et
1995 4129 2346 4194 compensatio.
