2994 4778
630 439 1012 507 ORATIO
1061 442 1270 509 PRO
1320 443 1401 511 L.
1440 444 1521 510 C.
1572 443 1933 511 BALBO.
2204 444 2342 515 325

217 575 415 631 certe
438 583 594 629 non
633 559 994 629 convenit.
1030 563 1118 629 Et
1151 561 1361 631 simul
1409 560 1718 633 absurda
1757 588 1870 633 res
1930 580 2071 652 est,
2115 573 2344 638 caveri

222 669 494 741 foedere
529 723 549 756 ,
597 687 681 740 ut
735 668 1176 763 majestatem
1234 671 1490 768 populi
1542 674 1821 742 romani
1870 678 2349 748 communiter

220 793 700 864 conservent,
745 778 816 848 id
868 794 977 850 est
1006 833 1025 866 ‚
1082 794 1163 850 ut
1211 781 1527 878 populus
1566 806 1909 853 romanus
1960 807 2161 853 suam
2207 812 2351 857 ma·
2433 861 2440 868 ,

218 889 550 982 jestatem
594 911 750 959 esse
780 889 1085 959 salvam⁷
1122 889 1312 960 velit.
1362 890 1579 981 Quod
1610 893 1668 962 si
1700 893 1845 987 jam
1887 896 1984 963 ita
2022 909 2243 981 esset,
2276 913 2354 967 ut

226 1025 380 1072 esse
438 1025 594 1070 non
650 1012 938 1097 potest,
987 1015 1225 1071 tamen
1286 1000 1377 1074 de
1432 1017 1679 1073 nostra
1724 1004 2126 1098 majestate,
2175 1006 2357 1077 nihil

225 1109 316 1181 de
351 1110 649 1180 illorum
688 1124 1082 1181 caveretur.
1118 1115 1451 1182 Potestne
1489 1113 1709 1209 igitur
1741 1128 1982 1183 nostra
2027 1115 2355 1209 majestas

225 1244 267 1290 a
319 1219 700 1290 Gaditanis
740 1217 1054 1316 benigne
1107 1223 1551 1308 conservari,
1591 1223 1649 1293 si
1693 1222 1781 1292 ad
1839 1247 1994 1294 eam
2043 1226 2359 1296 retinen·

230 1329 400 1400 dam
426 1328 827 1401 Gaditanos
861 1331 1169 1427 praemiis
1195 1329 1450 1402 elicere
1474 1356 1622 1402 non
1653 1336 2079 1429 possumus?
2126 1350 2362 1430 potest

229 1464 387 1510 esse
413 1438 562 1508 ulla
588 1430 906 1535 denique
942 1438 1309 1535 majestaS‚
1352 1442 1410 1510 si
1449 1441 1913 1536 impedimur,
1943 1467 2094 1539 quo
2124 1446 2361 1515 minus

229 1575 363 1647 per
393 1549 752 1647 populum
781 1573 1160 1619 romanum
1183 1604 1201 1636 ,
1232 1548 1777 1633 beneficiorum,
1812 1551 2096 1622 virtutis
2127 1577 2356 1639 causa,

235 1658 794 1730 tribuendorum
842 1673 1270 1757 potestatem
1311 1660 1867 1758 imperatoribus
1919 1664 2185 1734 nostris
2237 1663 2357 1735 de-

232 1768 552 1840 seramus
568 1761 602 1813 ⁸
624 1770 655 1839 ἱ)

329 1884 553 1952 XVII.
595 1877 735 1951 Sed
771 1879 946 1975 quid
991 1905 1127 1978 ego
1159 1881 1483 1981 disput0,
1519 1909 1680 1981 quae
1714 1884 1885 1955 mihi
1929 1900 2114 1971 tum,
2149 1887 2207 1956 si
2236 1888 2364 1955 Ga-

234 1988 465 2061 ditani
505 2004 753 2060 contra
787 2013 903 2059 me
944 1990 1307 2080 dicerent,
1344 2018 1513 2064 vere
1559 2017 1768 2091 posse
1802 1992 1985 2065 dici¹
2038 1993 2362 2065 videren-

234 2098 403 2169 tur?
448 2096 590 2167 illis
616 2099 806 2168 enim
846 2099 1343 2197 repetentibus
1368 2108 1449 2173 L.
1487 2102 1941 2188 Cornelium,
1974 2104 2364 2200 responde-

234 2232 425 2294 rem,
461 2207 696 2302 legem
741 2208 1095 2304 populum
1136 2234 1517 2282 romanum
1550 2212 1842 2306 jussisse
1871 2223 1899 2256 ²
1940 2211 2031 2283 de
2080 2215 2362 2286 civitate

243 2315 673 2405 tribuenda3
737 2315 908 2387 huic
944 2322 1188 2414 generi
1236 2320 1476 2418 legum
1522 2319 1788 2392 fundos
1819 2320 2169 2421 populos³
2211 2323 2361 2396 fieri

244 2451 400 2496 non
437 2426 707 2508 solere;
751 2429 881 2497 Cn.
931 2432 1350 2526 Pompeium
1394 2429 1484 2501 de
1523 2430 1794 2501 consilii
1832 2436 2230 2504 sententiaff*
2272 2437 2366 2505 ci-

242 2539 531 2610 vitatem
584 2537 757 2609 huic
802 2537 1120 2627 dedisse;
1173 2541 1455 2612 nullum
1518 2542 1772 2639 populi
1818 2545 2044 2613 nostri
2083 2543 2363 2637 jussum

239 2648 638 2720 Gaditanos
700 2645 968 2719 habere
1005 2645 1035 2690 ⁵
1113 2677 1129 2719 :
1207 2652 1447 2749 itaque
1523 2651 1701 2722 nihil
1775 2677 1928 2724 esse
2002 2675 2365 2723 sacrosan-

308 2818 500 2879 7.Esse
514 2815 699 2863 salvam
715 2815 855 2866 velie.
887 2815 1014 2865 eod.
1039 2817 1259 2866 Lambiu.
1348 2819 1796 2879 administratione,
1847 2830 1933 2867 aut
1975 2820 2025 2867 in
2068 2822 2178 2882 jure
2237 2820 2370 2868 civili

234 2913 417 2946 «suam
462 2895 763 2957 majestatem
806 2910 908 2943 esse
954 2894 1159 2942 solidam
1203 2912 1260 2943 sc
1349 2908 1561 2946 utantur.
1581 2899 1777 2947 Fundos
1796 2899 2007 2963 populos
2025 2899 2106 2946 hie
2124 2899 2369 2962 accipien-

232 2978 422 3026 salvam
463 2974 578 3022 velit
594 2997 637 3022 ιι.
679 2973 902 3022 Olivetus
941 2974 1137 3021 Graevio
1176 2991 1263 3040 pn-
1352 2974 1469 3023 dum
1490 2992 1517 3024 e
1543 2978 1775 3025 sententia
1803 2978 2081 3041 Ciceronis,
2107 2978 2159 3023 in
2190 2975 2369 3040 quibus

231 3057 341 3104 ruit
358 3088 375 3113 ‚
393 3052 701 3101 mem-ndo
725 3063 777 3101 et
797 3052 1163 3100 oxoniensibus
1189 3064 1260 3100 ta·

231 3137 336 3184 cite
364 3132 761 3196 obsequentibus.

309 3218 360 3265 8.
385 3212 692 3278 Desa-amus.
719 3211 1054 3260 Indesinenter
1075 3211 1263 3273 iudices

232 3296 287 3343 in
311 3308 650 3345 accusatorem
676 3305 841 3343 orator
854 3293 1095 3351 accendit,
1114 3309 1264 3357 quum

230 3376 297 3422 iis
343 3376 651 3425 demonstret
683 3409 699 3434 ‚
748 3385 933 3439 quanto
983 3373 1263 3438 reipublice

233 3456 418 3504 damno
462 3455 519 3502 iu
566 3453 772 3512 Balbum
810 3452 1094 3510 invehatur,
1118 3464 1169 3500 et
1192 3452 1262 3499 sic

232 3537 477 3600 privatum
524 3550 718 3582 cunum
761 3549 871 3581 cum
920 3544 1029 3581 toto
1074 3530 1263 3596 populo

232 3615 593 3664 eommunicet.

311 3696 477 3743 xvn.
503 3708 547 3740 1.
577 3691 796 3741 Lambin.
824 3690 1122 3754 responderi.

313 3788 361 3820 2.
381 3771 612 3819 lauisse.
642 3772 805 3819 Latum
825 3787 852 3817 s
880 3769 1043 3818 Gellio
1065 3778 1113 3816 et
1141 3771 1264 3816 Leu-

230 3851 430 3909 tulo,ut
449 3852 712 3915 Pompeius
729 3849 990 3905 civitatem,
1009 3848 1089 3895 cui
1104 3847 1264 3904 vellet,

227 3930 354 3979 dare
382 3939 569 3994 posset.

310 4010 363 4058 3.
398 4009 613 4072 Populos
622 4004 834 4072 flendos.
866 4007 983 4055 Non
1018 4005 1149 4054 enim
1173 4006 1267 4053 hu-

221 4088 456 4149 jusmodi
487 4088 619 4151 leges
650 4103 678 4133 a
717 4085 920 4151 populis
941 4085 1266 4148 accipiuntur,

227 4165 333 4216 sed
360 4181 463 4227 τε,
489 4165 672 4230 quibus
697 4165 749 4212 iu
778 4164 1081 4229 publicarum
1109 4181 1266 4212 rerum

1350 3053 1480 3118 leges
1520 3073 1548 3103 a
1589 3055 1782 3121 populo
1823 3072 2026 3104 romano
2069 3056 2178 3104 latae
2197 3091 2212 3117 ,
2244 3067 2368 3101 tam-

1350 3150 1496 3197 quam
1522 3136 1575 3181 iu
1610 3134 1767 3182 fundo
1799 3134 2093 3193 Μίδαι-επις
2127 3134 2262 3197 quod
2284 3134 2369 3182 Ci-

1351 3228 1465 3260 cero
1484 3214 1717 3278 temporis
1736 3229 1879 3261 eausa
1894 3214 2068 3271 sensit,
2091 3223 2372 3262 accusatore

1349 3292 1512 3349 aliter,
1549 3302 1628 3350 et,
1663 3302 1718 3339 ut
1743 3292 1968 3349 arbitror,
2006 3292 2190 3340 rectius
2216 3293 2366 3340 inter·

1348 3381 1585 3436 pretente.

1425 3459 1473 3509 4.
1504 3448 1704 3498 Consilii
1733 3447 1992 3497 sententia.
2014 3449 2132 3498 Non
2162 3460 2338 3499 temere
2356 3486 2372 3510 ,

1351 3530 1429 3578 vel
1451 3530 1616 3594 gratiae
1648 3545 1786 3578 musa
1804 3565 1818 3588 ,
1847 3529 1933 3577 sed
1955 3528 2017 3577 de
2042 3530 2237 3578 consilii
2265 3546 2376 3578 sen-

1354 3611 1533 3669 tentis,
1582 3608 1970 3675 approbantibus
2013 3609 2102 3667 iis,
2158 3625 2287 3673 quos
2324 3608 2375 3655 in

1352 3690 1521 3737 castris
1555 3704 1836 3753 magnarum
1870 3703 2030 3736 rerum
2072 3686 2377 3737 consiliarios

1351 3766 1579 3816 habebat.

1427 3847 1474 3894 5.
1503 3844 1784 3891 Gaditanos
1810 3843 2008 3892 habere.
2034 3841 2183 3905 Quod
2214 3852 2376 3889 nutem

1355 3923 1572 3988 populus
1595 3938 1694 3971 non
1718 3923 1863 3983 jussit
1883 3958 1899 3980 ‚
1943 3922 1995 3970 id
2015 3933 2378 3969 sacrosanctum

1354 4018 1456 4051 esse
1480 4016 1579 4048 non
1606 4011 1801 4064 potest3
1841 4001 2000 4049 soedus
2031 4001 2184 4064 igitur
2208 4015 2376 4048 eorum

1355 4089 1712 4129 sacrosanctum
1755 4095 1856 4127 non
1894 4090 1966 4127 est
2003 4095 2016 4126 z
2068 4093 2170 4124 nou
2210 4077 2271 4124 de
2318 4092 2379 4122 eo

1356 4161 1481 4209 enim
1510 4157 1725 4223 populus
1743 4159 2031 4206 sententiam
2054 4155 2185 4205 tulit.
