2994 4778
598 406 733 486 156
1213 417 1309 486 M.
1362 417 1440 485 T.
1492 414 2062 487 CICERONIS

580 535 810 609 sendo
845 562 863 606 t
918 537 1083 633 quis
1140 558 1486 634 umquam
1532 537 1605 606 in
1658 536 1857 607 luctu
1918 534 2318 607 domestico
2339 589 2361 625 ,
2410 540 2580 633 quis
2642 540 2717 607 in

579 645 835 719 funere
877 645 1202 718 familiari
1238 647 1549 719 coenavit
1578 669 1745 717 cum
1783 660 1947 743 toga
1984 645 2226 744 pulla?
2262 648 2379 717 cui
2420 645 2510 718 de
2556 645 2719 717 bal·

583 757 737 828 neis
768 759 1098 843 exeunti,
1125 771 1379 856 praeter
1415 770 1525 841 te,
1555 771 1723 853 toga
1752 757 1947 854 pulla
1981 779 2328 853 umquam
2362 756 2525 828 data
2561 756 2720 827 est?

580 892 808 963 quum
856 883 969 941 tot
1006 870 1381 941 hominum
1435 868 1654 939 millia
1698 866 2246 950 accumberent,
2289 891 2519 964 quum
2560 872 2720 966 ipse

579 976 773 1074 epuli
813 978 1150 1050 dominus
1175 1031 1196 1065 ‚
1236 982 1326 1070 Q.
1361 982 1645 1063 Arrius»,
1689 976 1971 1049 albatus
2021 991 2251 1065 esset3
2297 991 2380 1047 tu
2415 978 2493 1047 in
2534 990 2719 1048 tem-

581 1085 786 1181 plum
815 1090 1172 1159 Castoris²
1205 1101 1276 1158 te
1301 1113 1470 1159 cum
1494 1093 1574 1160 C.
1602 1086 1858 1158 Fidulo
1888 1101 2121 1158 atrato
2146 1087 2543 1183 ceterisque
2572 1087 2720 1158 tuis

581 1192 786 1267 furiis
814 1195 1179 1269 funestum
1203 1199 1528 1270 intulisti.
1555 1199 1736 1289 Quis
1762 1212 1919 1269 tum
1947 1222 2091 1268 non
2130 1197 2525 1292 ingemuit?
2551 1197 2721 1293 quis

577 1330 728 1376 non
761 1304 995 1379 doluit
1024 1307 1435 1405 reipublicae
1467 1309 1751 1379 casum?
1787 1308 1952 1405 quis
1990 1331 2227 1379 sermo
2263 1306 2442 1377 alius
2472 1306 2546 1376 iu
2585 1305 2721 1376 illo

581 1416 801 1513 epulo
829 1414 999 1504 fuit,
1032 1419 1205 1506 nisi,
1236 1419 1425 1489 hanc
1453 1432 1726 1489 tantam
1755 1432 1829 1489 et
1855 1432 2005 1488 tam
2031 1439 2319 1515 gravem
2354 1416 2716 1487 civitatem

583 1525 981 1621 subjectam
1006 1553 1159 1600 esse
1178 1555 1329 1601 non
1358 1530 1576 1600 modo
1605 1526 1869 1617 furori,
1893 1551 2143 1598 verum
2169 1528 2380 1597 etiam
2404 1525 2720 1596 irrisioni

582 1635 765 1704 tuae?
812 1640 1025 1709 Hunc
1065 1652 1146 1708 tu
1180 1661 1460 1709 morem
1508 1636 1936 1735 ignorabas?
1978 1659 2379 1733 numquam
2412 1633 2713 1733 epulum

579 1743 896 1816 videras?
922 1770 1319 1844 numquam
1358 1770 1542 1845 puer
1574 1761 1701 1818 aut
1734 1746 2151 1818 adolescens
2177 1742 2406 1817 inter³
2435 1768 2718 1842 coquos

584 1849 860 1925 fueras?
899 1858 1180 1942 Fausti,
1213 1855 1684 1929 adolescentis
1721 1855 2145 1928 nobilissimi
2168 1858 2225 1944 ⁴,
2264 1854 2506 1952 paullo
2542 1869 2718 1926 ante

585 1988 674 2033 ex
685 1964 902 2062 epulo
923 1965 1626 2063 magnificentissimo
1649 1966 1908 2038 samem
1934 1967 2126 2037 illam
2147 1962 2496 2038 veterem⁵
2512 1980 2715 2037 tuam

591 2097 740 2144 non
779 2076 1146 2174 expleras?
1170 2081 1402 2169 Quem
1431 2076 1857 2149 accumbere
1881 2091 2191 2148 atratum
2210 2075 2487 2147 videras
2504 2072 2561 2157 ⁶,
2584 2073 2719 2146 do·

587 2184 864 2256 minum
894 2211 1060 2258 cum
1085 2203 1249 2285 toga
1267 2188 1486 2286 pulla,
1518 2202 1591 2260 et
1605 2187 1761 2283 ejus
1776 2188 2045 2258 amicos
2065 2201 2235 2257 ante
2261 2186 2718 2260 convivium?

583 2294 761 2383 Quae
795 2310 867 2367 te
903 2310 1102 2368 tanta
1139 2299 1375 2369 tenuit
1419 2299 1734 2369 amentia
1753 2307 1807 2381 ⁷,
1841 2311 1925 2368 ut
1956 2309 2037 2366 tu
2061 2348 2082 2382 ‚
2121 2295 2257 2366 nisi
2290 2293 2364 2365 id
2400 2292 2717 2379 fecisseS,

584 2404 785 2501 quod
823 2405 927 2478 fas
966 2433 1115 2479 non
1153 2406 1329 2495 fuit,
1383 2409 1524 2480 nisi
1570 2406 1903 2479 violasses
1956 2405 2309 2504 templum
2350 2405 2710 2492 Castoris,

581 2541 850 2589 nomen
887 2519 1116 2616 epuli,
1151 2519 1398 2591 oculos
1439 2519 1701 2591 civium
1726 2571 1747 2605 ‚
1790 2541 2066 2588 morem
2106 2529 2419 2586 veterem
2442 2569 2463 2601 ,
2506 2515 2661 2610 ejus
2687 2568 2711 2601 ,

578 2627 708 2720 qui
743 2642 814 2698 te
851 2627 1184 2699 invitarat
1209 2683 1229 2714 ‚
1260 2629 1793 2709 auctoritatem,
1833 2650 2089 2725 parurn
2123 2639 2416 2723 putares
2456 2623 2713 2702 testifi-

576 2749 815 2806 catum
853 2755 1056 2827 esse,
1075 2738 1635 2838 supplicationes
1668 2752 1740 2809 te
1777 2736 1932 2809 illas
1957 2760 2106 2809 nou
2134 2734 2440 2834 putare?

1685 2973 1810 3022 bene
1834 2989 1885 3021 ae
1904 2972 2042 3021 locus
2064 2971 2148 3020 ille
2173 2971 2320 3020 habet
2342 2984 2358 3021 e
2392 2969 2535 3019 multi
2570 2970 2714 3018 reati-

1685 3052 1921 3103 tuendum
1963 3050 2101 3099 illum
2141 3066 2400 3100 curavere:
2428 3065 2596 3097 aeuaua
2631 3058 2709 3097 ta-

648 2984 699 3019 a.
729 2972 790 3018 In
808 2971 1035 3037 ten-plum
1062 2973 1290 3025 castoris.
1316 2976 1599 3037 Senatores,

573 3052 902 3116 magistratus,
936 3052 1216 3117 equitesque
1238 3086 1254 3114 ‚
1289 3054 1343 3101 in
1381 3055 1598 3104 Castori·

578 3130 762 3196 templo
779 3129 1128 3180 accumbebant
1146 3146 1162 3195 ς
1179 3132 1312 3198 plebi
1331 3148 1446 3180 vero
1462 3148 1598 3181 men·

576 3225 643 3257 σε
667 3212 717 3258 in
741 3212 854 3259 foro
879 3221 1015 3258 erant
1038 3221 1315 3260 exstructa.

645 3291 694 3338 ³.
729 3291 864 3337 Inter
896 3306 1075 3353 coquos
1098 3289 1296 3354 ficerat.
1327 3290 1593 3351 Nonnulli,

574 3367 740 3416 nescio
767 3383 864 3430 qua
901 3367 1187 3415 immutandi
1213 3368 1488 3431 prurigine,
1511 3368 1593 3416 hie

575 3456 821 3511 reponunt
850 3467 873 3489 ι
894 3447 1021 3494 inter
1047 3461 1236 3492 coaevoe
1252 3466 1294 3504 ιι,
1342 3461 1455 3509 quae
1492 3462 1592 3495 vox

570 3526 759 3575 nullum
783 3526 883 3586 iam
908 3540 1096 3572 sensum
1123 3522 1285 3571 habet.
1539 3584 1548 3592 ,

637 3615 684 3664 4.
703 3602 1033 3652 Adolescentia
1052 3600 1352 3649 nobilissimi.
1373 3600 1590 3650 1..Sullae

564 3683 770 3748 numqui
786 3685 984 3729 Faustus
999 3679 1269 3738 dicebatur,
1288 3679 1433 3727 aienti
1450 3690 1591 3745 pater

567 3764 861 3828 cognomine
885 3760 1051 3808 Felicia
1076 3759 1231 3807 fuerat
1258 3759 1553 3823 appellatae.

636 3845 689 3893 5.
721 3846 937 3891 Veterem
967 3851 1118 3888 mam.
1146 3836 1225 3887 Ad
1257 3840 1465 3903 primam
1490 3841 1590 3887 Va-

566 3925 677 3973 tinii
702 3919 978 3988 pauperiem
1004 3917 1176 3966 alludit
1192 3951 1208 3974 ,
1252 3918 1339 3980 qui
1374 3933 1476 3966 non
1516 3919 1588 3966 in-

572 4002 787 4074 gluviem
819 4014 954 4047 auam
993 4012 1188 4063 pascere
1222 4006 1413 4062 posset,
1434 4012 1587 4063 quum

578 4074 1031 4143 deficereut‘oopiae.

631 4164 681 4213 6.
734 4163 967 4212 Acratum
1016 4153 1240 4205 videm.
1290 4155 1436 4205 Certe
1483 4168 1587 4203 non

1683 3148 1794 3181 meu
1840 3130 1980 3179 facile
2027 3131 2141 3178 satia
2187 3128 2582 3193 deprehenditun
2620 3129 2707 3176 sse

1683 3222 1758 3259 eat
1806 3209 1937 3258 enim
1978 3206 2344 3271 intelligendum
2380 3222 2395 3255 ε
2438 3205 2707 3253 Viden-ame

1685 3288 1938 3338 domiuum
1964 3285 2097 3351 epuli
2129 3295 2179 3333 et
2212 3285 2317 3346 ejus
2368 3284 2550 3332 amieos
2588 3299 2706 3332 eum

1682 3375 1793 3430 toga
1816 3365 1949 3431 pulla
1967 3374 2081 3412 aute
2100 3363 2406 3422 convivium,
2434 3362 2488 3411 id
2506 3371 2595 3421 eet,
2614 3363 2708 3425 qui

1680 3460 1790 3492 cum
1817 3455 1927 3507 toga
1965 3442 2099 3506 pulla
2131 3441 2440 3490 accumberet
2477 3451 2589 3488 ante
2614 3456 2706 3489 on

1677 3522 1915 3588 epulantia
1934 3522 2127 3586 populi.
2148 3521 2228 3569 Sic
2241 3520 2440 3584 quidem
2455 3522 2512 3569 P.
2524 3521 2705 3568 Manu-

1678 3602 1774 3649 tiua
1787 3636 1802 3658 ,
1818 3601 1898 3648 eui
1916 3598 2273 3647 assentiendum
2298 3599 2524 3648 arbitror.

1752 3697 1803 3741 7.
1828 3677 1999 3728 Tenuit
2022 3676 2261 3727 amentia.
2297 3677 2415 3726 Nou
2453 3676 2702 3742 auppliea-

1678 3761 1836 3809 tione·
1875 3757 1982 3806 illaa
2020 3757 2297 3822 improbare
2338 3768 2562 3822 poterae,
2605 3755 2704 3804 nisi

1679 3838 1932 3889 dominum
1952 3837 2114 3902 epuli,
2139 3836 2323 3885 amieoa
2353 3838 2486 3897 ejua,
2514 3844 2706 3883 totum·

1677 3934 1773 3982 que
1782 3917 1990 3981 denique
2007 3916 2246 3982 populum
2259 3915 2356 3963 hoe
2370 3913 2705 3978 tuoadapectu

1676 3990 1990 4045 ostenderes?
2025 3995 2099 4043 Eo
2140 3994 2368 4058 gravina,
2406 3992 2545 4056 quod
2582 3991 2702 4040 mali

1676 4073 1867 4139 augurii
1909 4074 2007 4123 hoe
2047 4083 2149 4122 erat
2175 4073 2293 4123 {eata
2317 4073 2372 4122 in
2396 4071 2479 4122 die
2514 4065 2704 4124 &atem

1676 4153 1863 4220 pullam
1887 4150 2105 4203 iuduere.
