2994 4778
463 418 753 486 ORAT.
806 419 931 485 DE
982 419 1285 487 PROV.
1337 420 2154 494 CONSULARIBUS.

2259 421 2401 497 263

268 563 440 611 cum
473 536 806 609 hostibus
825 535 912 624 ⁸⁶,
944 538 1036 610 de
1067 539 1343 610 civibus
1379 565 1544 611 curn
1572 542 1780 617 sociis
1801 551 1857 596 ¹7
1890 541 2095 615 faciat
2125 547 2398 641 pactio-

273 674 432 733 nes;
475 653 604 746 qui
649 648 790 718 hoc
827 650 1040 719 etiam
1083 673 1159 719 se
1194 647 1422 746 pluris
1454 672 1608 721 esse
1634 644 1719 737 ⁸⁸,
1755 656 1991 746 quam
2017 651 2398 749 collegam,

274 772 517 855 putet,
558 756 762 853 quod
798 757 919 835 ille
957 781 1085 828 vos
1118 759 1400 829 tristitia
1428 760 1784 855 vultuque
1813 759 2215 858 deceperit,
2248 765 2399 860 ipse

271 892 672 964 numquam
713 892 790 938 se
825 869 1095 955 minus,
1136 893 1355 964 quam
1393 884 1580 955 erat,
1634 893 1944 966 nequam
1985 894 2140 943 esse
2177 874 2400 946 simu-

267 979 448 1048 larit.
503 981 671 1048 Piso
725 992 969 1053 autem
995 987 1058 1037 ¹9
1114 979 1253 1048 alio
1298 978 1618 1076 quodam
1661 979 1883 1053 modo
1920 980 2290 1077 gloriatur,
2325 1008 2402 1055 se

261 1086 471 1157 brevi
522 1100 854 1183 tempore
906 1085 1320 1184 perfecisse,
1362 1113 1456 1160 ne
1495 1094 1577 1160 A.
1622 1088 1972 1167 Gabinius
2009 1115 2202 1163 unus
2242 1116 2399 1165 om,

264 1198 470 1267 nium
517 1198 1002 1293 nequissimus
1035 1199 1585 1271 existimaretur.

357 1310 486 1376 VI.
536 1312 685 1379 Hos
720 1331 847 1378 vos
885 1306 976 1379 de
1013 1310 1432 1407 provinciis,
1473 1311 1534 1380 si
1570 1334 1718 1380 non
1753 1309 2139 1405 aliquando
2177 1310 2399 1383 dedu-

260 1415 480 1487 cendi
502 1426 525 1460 ¹
574 1431 847 1504 essent,
893 1415 1353 1516 deripiendos
1390 1445 1541 1490 non
1579 1421 1975 1518 putaretis?
2010 1434 2081 1491 et
2112 1419 2241 1499 has
2270 1422 2399 1493 du-

265 1527 489 1623 plices
526 1537 812 1623 pestes²
858 1531 1249 1618 sociorum,
1297 1530 1605 1601 militum
1655 1531 1930 1616 clades»,
1969 1530 2397 1628 publicano*

266 1660 434 1707 rum
469 1637 758 1722 ruinas,
819 1639 1350 1733 provinciarum
1394 1640 1793 1727 vastitates,
1842 1642 2127 1739 imperii
2163 1659 2399 1715 macu-

268 1747 410 1832 las,
470 1749 866 1818 teneretis?
926 1754 1017 1819 At
1067 1748 1283 1820 iidem
1335 1774 1507 1834 vos,
1561 1774 1759 1821 auno
1808 1754 2222 1848 superiore,
2267 1750 2401 1823 hos

262 1856 561 1929 eosdem
601 1856 1115 1946 revocabatis³,
1152 1884 1383 1955 quum
1420 1862 1495 1931 in
1537 1861 1941 1959 provincias
1966 1860 2112 1955 jam
2146 1885 2399 1958 pervev

260 2081 409 2129 ierint
429 2115 445 2139 ,
496 2095 715 2145 quorum
762 2080 989 2128 custodes
1033 2097 1121 2128 vos
1186 2096 1287 2130 esse

261 2159 452 2207 debetis
484 2182 530 2207 ι.
572 2161 670 2207 Pro
716 2160 904 2209 Milone
934 2174 949 2207 ε
988 2160 1279 2218 «Exustam,

264 2240 472 2287 excitate
514 2255 632 2287 eum
673 2239 716 2286 si
749 2240 953 2303 potestis
996 2238 1057 2287 ab
1098 2238 1299 2287 inferis.'

267 2319 512 2381 Frangetis
555 2318 792 2382 impetum
829 2318 970 2376 vivi,
1026 2318 1165 2378 cujus
1202 2317 1287 2363 vix

268 2398 564 2446 sustinuistis
617 2397 765 2445 furias
821 2397 1086 2463 insepulti?
1111 2420 1136 2438 n
1190 2397 1286 2443 Pro

269 2476 439 2523 Flacco
472 2492 487 2525 ε
535 2499 560 2518 ι-
586 2476 802 2525 Litemus
849 2478 998 2540 igitur
1044 2475 1284 2535 Lentulo,

267 2565 573 2619 parentemus
597 2555 842 2619 Cethego,
881 2569 1161 2602 revocemus
1183 2556 1285 2615 eie-

264 2645 394 2694 ctos,
416 2646 512 2683 etc.
539 2655 561 2676 ι

336 2716 420 2763 16.
475 2713 581 2778 Qui
617 2714 680 2760 de
716 2712 859 2761 socie}
905 2728 1013 2759 eum
1053 2709 1284 2760 hostibus.

258 2795 420 2857 Quam
448 2792 515 2840 de
546 2791 692 2839 sociis
728 2807 839 2838 cum
873 2789 1095 2837 hostibus
1120 2789 1284 2838 fecerit

259 2873 540 2936 pactionem
554 2886 655 2918 uon
667 2870 838 2934 liquet,
850 2885 941 2916 nec
959 2878 1124 2916 orator
1136 2867 1281 2916 ullam

255 2952 406 3013 hujus
431 2951 506 2997 rei
531 2951 708 2998 fecerat
734 2948 1059 3008 mentiouem;
1093 2946 1180 3010 qui
1207 2957 1281 2994 ta-

257 3047 375 3077 men
399 3031 470 3077 ita
495 3029 744 3077 concludit
767 3040 824 3076 ut
847 3026 900 3075 id
929 3043 1028 3076 non
1049 3026 1282 3089 objecisse

258 3109 452 3166 solum,
481 3107 566 3156 sed
605 3108 749 3155 etiam
776 3106 1003 3171 probasse
1034 3106 1282 3169 videatur;

259 3188 342 3236 ubi
370 3188 712 3236 veteratoriam
742 3187 949 3235 oratoris
973 3185 1282 3236 calliditatem

258 3268 502 3317 advertas.

332 3362 416 3406 17.
453 3349 533 3394 De
558 3345 732 3394 civibus
758 3361 867 3393 cum
893 3342 1048 3393 sociis.
1086 3346 1160 3392 De
1185 3361 1282 3409 pu-

259 3425 464 3474 blicanis
476 3441 606 3488 quos
615 3426 749 3489 Syris
758 3434 804 3472 et
823 3423 1009 3473 Judaeis
1021 3422 1281 3482 addixisse,

261 3505 375 3554 fal-so
397 3506 524 3553 dicit
545 3504 735 3552 Cicero.

336 3587 415 3633 18.
478 3584 543 3630 Se
581 3580 745 3648 pluris
783 3597 904 3628 esse.
949 3583 1066 3627 Sese
1114 3579 1281 3627 Pisoni

265 3664 452 3728 prefert
483 3661 729 3711 Gabinius
747 3694 763 3720 ,
796 3659 930 3723 quod
961 3659 1074 3706 Piso
1111 3659 1283 3720 frontis

264 3745 539 3800 severitate,
561 3738 827 3805 supercilio
853 3749 903 3786 et
918 3738 1109 3804 virtutis
1131 3739 1282 3786 simu·

265 3821 436 3869 latione
463 3821 695 3870 homines
715 3819 984 3882 deceperit,
1009 3829 1056 3865 et
1071 3817 1284 3884 ‘adeptus

265 3900 402 3949 suerit
439 3913 541 3950 tam
578 3898 882 3946 consulatum
910 3913 1052 3960 quam
1079 3897 1282 3960 provin-

264 3979 410 4039 ciam;
433 3981 543 4046 ipse
566 3993 689 4025 vero
713 3975 909 4024 eosdem
933 3976 1146 4024 honores
1168 3976 1282 4024 ade·

266 4069 374 4121 ptus
389 4059 568 4118 fuerit,
592 4056 815 4122 quamvis
833 4065 997 4120 aperte
1018 4056 1072 4103 in
1093 4072 1283 4103 omn-

267 4153 316 4184 se
336 4137 596 4186 libidinem
630 4132 965 4198 etnequitiam
997 4134 1284 4184 effunderet.

1370 2080 1457 2129 Ille
1483 2082 1613 2128 enim
1637 2080 1798 2147 vulpis
1825 2082 1991 2140 instar,
2021 2081 2103 2129 hic
2124 2082 2281 2130 leonis
2306 2099 2397 2151 op·

1370 2159 1548 2225 pressit
1571 2158 1933 2223 rempublicam.

1449 2253 1528 2301 ¹9·
1564 2237 1678 2285 Piso
1714 2249 1893 2291 autem.
1934 2237 2146 2287 Adverte
2175 2239 2388 2305 lepidam

1370 2318 1693 2367 narrationem
1714 2351 1728 2375 ,
1782 2317 1920 2377 cujus
1964 2318 2146 2385 leporis
2203 2319 2387 2369 fontem

1369 2396 1583 2445 ostendit
1604 2396 1664 2444 de
1682 2398 1817 2445 Orat.
1838 2398 1884 2444 11
1901 2412 1915 2447 ε
1934 2419 1959 2439 α
1981 2398 2031 2446 si
2052 2397 2249 2463 quando
2269 2398 2391 2462 quid

1369 2485 1612 2539 tamquam
1642 2475 1801 2540 aliqua
1830 2476 2002 2523 sabella
2029 2487 2272 2524 narratur.
2293 2512 2306 2524 .
2329 2511 2343 2524 .
2366 2513 2378 2524 .

1370 2555 1644 2624 perspicitis
1673 2556 1767 2603 hoc
1796 2570 1948 2619 genus
1986 2572 2130 2619 quam
2164 2557 2228 2602 sit
2263 2556 2388 2602 sace-

1369 2645 1503 2692 tum,
1544 2650 1688 2698 quam
1725 2634 1990 2682 oratorium
2006 2668 2020 2692 ,
2066 2635 2166 2681 sive
2210 2633 2388 2682 babeas

1369 2729 1480 2760 vere
1497 2713 1632 2777 quod
1651 2729 1841 2763 narrare
1858 2713 2043 2778 possis,
2068 2709 2204 2775 qnod
2227 2724 2387 2760 tamen

1367 2804 1442 2840 est
1460 2791 1873 2840 mendaciunculis
1889 2791 2260 2856 aspergendum3
2287 2793 2388 2840 sive

1365 2870 1519 2936 fingas
1539 2907 1554 2932 ,
1596 2884 1690 2921 etc.
1708 2895 1732 2914 »ι
1772 2874 1887 2921 Non
1930 2872 2161 2919 suaserim
2206 2871 2387 2919 oratori

1366 2951 1640 3000 Christiano
1660 2953 1744 3015 qui
1760 2968 2021 3015 numquam
2036 2951 2230 2999 facetias
2244 2961 2392 2998 secta·

1364 3029 1500 3078 bitur
1518 3047 1627 3079 cum
1649 3030 1939 3079 detrimento
1962 3030 2191 3078 veritatis.

1436 3111 1524 3155 VI.
1567 3126 1613 3158 x.
1657 3109 1959 3157 Deducendi.
2000 3109 2117 3158 Scil.
2156 3108 2278 3170 lege.
2317 3135 2387 3145 -·

1367 3185 1702 3251 Deripiendos.
1744 3187 1827 3234 vi.
1872 3188 2027 3250 Supra
2066 3185 2391 3235 detrahendos

1367 3265 1492 3314 dixit
1515 3265 1681 3314 eadem
1701 3265 1836 3313 vocis
1856 3265 2127 3314 atrocitate.

1439 3361 1488 3394 2.
1509 3346 1613 3392 Has
1631 3344 1845 3409 duplices
1858 3355 2031 3409 pestes.
2054 3344 2270 3393 Adverte
2288 3345 2388 3392 vim

1368 3425 1601 3472 orationis
1640 3435 1689 3472 et
1733 3423 1968 3494 ἐνέργειαν
2008 3424 2061 3471 in
2111 3425 2390 3473 nominibus

1370 3503 1622 3552 abstractis
1646 3515 1697 3551 et
1721 3503 1986 3566 translatis,
2009 3520 2035 3550 e
2058 3504 2236 3567 quibus
2253 3504 2389 3551 vides

1367 3584 1449 3631 hic
1506 3601 1609 3633 esse
1654 3583 2100 3649 recapitulationem
2144 3584 2388 3634 dictorum

1366 3664 1537 3728 paucis
1557 3664 1717 3712 verbis
1737 3663 2149 3728 comprehensam.

1441 3743 1491 3789 3.
1534 3745 1633 3790 Hos
1672 3743 1859 3790 eosdem
1890 3741 2199 3798 revocabaeis.
2240 3745 2389 3790 Anno

1370 3820 1431 3868 ab
1457 3820 1592 3868 Urbe
1621 3822 1819 3870 condita
1842 3822 1965 3884 696.
1996 3822 2050 3871 Ρ.
2080 3821 2315 3878 Lentulo,
2342 3831 2391 3868 et

1374 3901 1440 3962 Q.
1475 3899 1677 3947 Metello
1710 3900 1900 3964 Nepote
1930 3900 2240 3958 consulibus,
2278 3901 2391 3949 Piso

1371 3989 1420 4026 et
1457 3977 1693 4026 Gabinius
1731 3991 1843 4027 acto
1889 3980 2146 4027 consulatu
2184 3979 2388 4043 profecti

1372 4068 1486 4105 sunt
1506 4056 1556 4104 in
1577 4059 1850 4120 provincias
1863 4093 1877 4117 ,
1896 4075 2017 4122 quas
2035 4074 2136 4105 non
2154 4075 2241 4123 per
2260 4072 2396 4103 sena-

1375 4148 1453 4183 tns
1465 4135 1800 4185 auctoritatem
1814 4137 2125 4185 obtinuerant
2142 4135 2245 4196 lege
2264 4135 2392 4181 Sem·
