<?xml version="1.0" encoding="UTF-8"?>
<!DOCTYPE html PUBLIC "-//W3C//DTD XHTML 1.0 Transitional//EN"
    "http://www.w3.org/TR/xhtml1/DTD/xhtml1-transitional.dtd">
<html xmlns="http://www.w3.org/1999/xhtml" xml:lang="en" lang="en">
 <head>
  <title>
</title>
<meta http-equiv="Content-Type" content="text/html;charset=utf-8" />
  <meta name='ocr-system' content='tesseract 3.04.00' />
  <meta name='ocr-capabilities' content='ocr_page ocr_carea ocr_par ocr_line ocrx_word'/>
</head>
<body>
  <div class='ocr_page' id='page_1' title='image "./mtciceronisquae06lemagoog_0655.png"; bbox 0 0 2994 4778; ppageno 0'>
   <div class='ocr_carea' id='block_1_1' title="bbox 431 531 2392 616">
    <p class='ocr_par' dir='ltr' id='par_1_1' title="bbox 431 531 2392 616">
     <span class='ocr_line' id='line_1_1' title="bbox 431 531 2392 616; baseline -0.002 -12"><span class='ocrx_word' id='word_1_1' title='bbox 431 534 783 604; x_wconf 88' lang='lat' dir='ltr'><strong>SCHOL.</strong></span> <span class='ocrx_word' id='word_1_2' title='bbox 833 534 1266 602; x_wconf 88' lang='lat' dir='ltr'><strong>AMBROS.</strong></span> <span class='ocrx_word' id='word_1_3' title='bbox 1318 533 2158 603; x_wconf 85' lang='lat' dir='ltr'><strong>COMMENTARIUS.</strong></span> <span class='ocrx_word' id='word_1_4' title='bbox 2252 531 2392 616; x_wconf 71' lang='lat'><strong>645</strong></span> 
     </span>
    </p>
   </div>
   <div class='ocr_carea' id='block_1_2' title="bbox 283 652 2395 827">
    <p class='ocr_par' dir='ltr' id='par_1_2' title="bbox 283 652 2395 827">
     <span class='ocr_line' id='line_1_2' title="bbox 284 652 2395 734; baseline -0.001 -20"><span class='ocrx_word' id='word_1_5' title='bbox 284 670 439 715; x_wconf 92' lang='lat' dir='ltr'><strong>ctum</strong></span> <span class='ocrx_word' id='word_1_6' title='bbox 481 670 650 734; x_wconf 88' lang='lat' dir='ltr'><strong>atque</strong></span> <span class='ocrx_word' id='word_1_7' title='bbox 697 653 910 712; x_wconf 84' lang='lat' dir='ltr'>ibidem</span> <span class='ocrx_word' id='word_1_8' title='bbox 950 667 1244 725; x_wconf 89' lang='lat' dir='ltr'><strong>necatum,</strong></span> <span class='ocrx_word' id='word_1_9' title='bbox 1288 655 1427 732; x_wconf 82' lang='lat' dir='ltr'><strong>ipsis</strong></span> <span class='ocrx_word' id='word_1_10' title='bbox 1475 654 1834 731; x_wconf 85' lang='lat' dir='ltr'><strong>potissimum</strong></span> <span class='ocrx_word' id='word_1_11' title='bbox 1887 652 2253 725; x_wconf 81' lang='lat' dir='ltr'><strong>auctoribus,</strong></span> <span class='ocrx_word' id='word_1_12' title='bbox 2294 656 2395 731; x_wconf 88' lang='lat' dir='ltr'><strong>qui</strong></span> 
     </span>
     <span class='ocr_line' id='line_1_3' title="bbox 283 749 1466 827; baseline -0.004 -15"><span class='ocrx_word' id='word_1_13' title='bbox 283 773 416 812; x_wconf 89' lang='lat' dir='ltr'><strong>eum</strong></span> <span class='ocrx_word' id='word_1_14' title='bbox 445 751 517 810; x_wconf 89' lang='lat' dir='ltr'><strong>ad</strong></span> <span class='ocrx_word' id='word_1_15' title='bbox 545 750 904 811; x_wconf 80' lang='lat' dir='ltr'><strong>mendacium</strong></span> <span class='ocrx_word' id='word_1_16' title='bbox 930 749 1341 808; x_wconf 86' lang='lat' dir='ltr'><strong>subornassent</strong></span> <span class='ocrx_word' id='word_1_17' title='bbox 1367 752 1466 827; x_wconf 86' lang='lat'><strong>(1).</strong></span> 
     </span>
    </p>
   </div>
   <div class='ocr_carea' id='block_1_3' title="bbox 379 893 2390 993">
    <p class='ocr_par' dir='ltr' id='par_1_3' title="bbox 379 893 2390 993">
     <span class='ocr_line' id='line_1_4' title="bbox 379 893 2390 993; baseline -0 -27"><span class='ocrx_word' id='word_1_18' title='bbox 379 901 464 968; x_wconf 90' lang='grc' dir='ltr'><strong>Χ.</strong></span> <span class='ocrx_word' id='word_1_19' title='bbox 496 921 552 968; x_wconf 91' lang='lat'><strong>1.</strong></span> <span class='ocrx_word' id='word_1_20' title='bbox 578 900 654 967; x_wconf 91' lang='lat' dir='ltr'><strong>C.</strong></span> <span class='ocrx_word' id='word_1_21' title='bbox 673 899 1063 967; x_wconf 89' lang='lat' dir='ltr'><strong>Curionem</strong></span> <span class='ocrx_word' id='word_1_22' title='bbox 1096 909 1527 993; x_wconf 87' lang='lat' dir='ltr'><strong>perpetuum</strong></span> <span class='ocrx_word' id='word_1_23' title='bbox 1561 893 1835 966; x_wconf 85' lang='lat' dir='ltr'><strong>hostem</strong></span> <span class='ocrx_word' id='word_1_24' title='bbox 1868 894 2390 993; x_wconf 89' lang='lat' dir='ltr'><strong>improborum.</strong></span> 
     </span>
    </p>
   </div>
   <div class='ocr_carea' id='block_1_4' title="bbox 280 1057 2397 1521">
    <p class='ocr_par' dir='ltr' id='par_1_4' title="bbox 280 1057 2397 1521">
     <span class='ocr_line' id='line_1_5' title="bbox 362 1057 2396 1117; baseline -0 -1"><span class='ocrx_word' id='word_1_25' title='bbox 362 1063 437 1116; x_wconf 90' lang='lat' dir='ltr'><strong>Et</strong></span> <span class='ocrx_word' id='word_1_26' title='bbox 481 1057 636 1115; x_wconf 89' lang='lat' dir='ltr'><strong>hunc</strong></span> <span class='ocrx_word' id='word_1_27' title='bbox 678 1062 743 1115; x_wconf 90' lang='lat' dir='ltr'><strong>L.</strong></span> <span class='ocrx_word' id='word_1_28' title='bbox 775 1058 999 1115; x_wconf 87' lang='lat' dir='ltr'><strong>Vettius</strong></span> <span class='ocrx_word' id='word_1_29' title='bbox 1041 1058 1365 1116; x_wconf 80' lang='lat' dir='ltr'><strong>nominasse</strong></span> <span class='ocrx_word' id='word_1_30' title='bbox 1408 1058 1558 1116; x_wconf 86' lang='lat' dir='ltr'><strong>inter</strong></span> <span class='ocrx_word' id='word_1_31' title='bbox 1603 1071 1822 1117; x_wconf 89' lang='lat' dir='ltr'><strong>ceteros</strong></span> <span class='ocrx_word' id='word_1_32' title='bbox 1869 1057 2171 1117; x_wconf 87' lang='lat' dir='ltr'><strong>videbatur</strong></span> <span class='ocrx_word' id='word_1_33' title='bbox 2216 1059 2396 1116; x_wconf 88' lang='lat' dir='ltr'><strong>veluti</strong></span> 
     </span>
     <span class='ocr_line' id='line_1_6' title="bbox 282 1153 2393 1234; baseline -0 -21"><span class='ocrx_word' id='word_1_34' title='bbox 282 1156 563 1213; x_wconf 79' lang='lat' dir='ltr'><strong>mandatae</strong></span> <span class='ocrx_word' id='word_1_35' title='bbox 586 1153 666 1234; x_wconf 77' lang='lat' dir='ltr'><strong>(a)</strong></span> <span class='ocrx_word' id='word_1_36' title='bbox 699 1154 756 1212; x_wconf 90' lang='lat' dir='ltr'><strong>in</strong></span> <span class='ocrx_word' id='word_1_37' title='bbox 790 1153 1125 1232; x_wconf 86' lang='lat' dir='ltr'><strong>Pompeium</strong></span> <span class='ocrx_word' id='word_1_38' title='bbox 1158 1154 1329 1213; x_wconf 80' lang='lat' dir='ltr'><strong>caedis</strong></span> <span class='ocrx_word' id='word_1_39' title='bbox 1361 1169 1673 1214; x_wconf 79' lang='lat' dir='ltr'><strong>auctorem.</strong></span> <span class='ocrx_word' id='word_1_40' title='bbox 1706 1155 1819 1227; x_wconf 88' lang='lat' dir='ltr'><strong>Qui</strong></span> <span class='ocrx_word' id='word_1_41' title='bbox 1849 1167 2037 1213; x_wconf 88' lang='lat' dir='ltr'><strong>tamen</strong></span> <span class='ocrx_word' id='word_1_42' title='bbox 2073 1157 2251 1215; x_wconf 88' lang='lat' dir='ltr'><strong>Curio</strong></span> <span class='ocrx_word' id='word_1_43' title='bbox 2279 1155 2393 1212; x_wconf 87' lang='lat' dir='ltr'><strong>ho-</strong></span> 
     </span>
     <span class='ocr_line' id='line_1_7' title="bbox 281 1249 2395 1330; baseline -0 -21"><span class='ocrx_word' id='word_1_44' title='bbox 281 1252 516 1310; x_wconf 85' lang='lat' dir='ltr'><strong>norifice</strong></span> <span class='ocrx_word' id='word_1_45' title='bbox 543 1271 696 1309; x_wconf 87' lang='lat' dir='ltr'><strong>nunc</strong></span> <span class='ocrx_word' id='word_1_46' title='bbox 723 1271 757 1309; x_wconf 89' lang='lat' dir='ltr'><strong>a</strong></span> <span class='ocrx_word' id='word_1_47' title='bbox 782 1251 975 1309; x_wconf 90' lang='lat' dir='ltr'><strong>Tullio</strong></span> <span class='ocrx_word' id='word_1_48' title='bbox 1007 1250 1337 1309; x_wconf 86' lang='lat' dir='ltr'><strong>nominatur</strong></span> <span class='ocrx_word' id='word_1_49' title='bbox 1356 1249 1464 1330; x_wconf 82' lang='grc'>(3),</span> <span class='ocrx_word' id='word_1_50' title='bbox 1496 1271 1673 1327; x_wconf 87' lang='lat' dir='ltr'><strong>quum</strong></span> <span class='ocrx_word' id='word_1_51' title='bbox 1709 1252 2076 1310; x_wconf 83' lang='lat' dir='ltr'><strong>vehementer</strong></span> <span class='ocrx_word' id='word_1_52' title='bbox 2109 1265 2167 1310; x_wconf 91' lang='lat' dir='ltr'><strong>et</strong></span> <span class='ocrx_word' id='word_1_53' title='bbox 2194 1270 2395 1329; x_wconf 82' lang='lat' dir='ltr'><strong>aspere</strong></span> 
     </span>
     <span class='ocr_line' id='line_1_8' title="bbox 280 1343 2397 1426; baseline -0.001 -19"><span class='ocrx_word' id='word_1_54' title='bbox 280 1350 560 1407; x_wconf 86' lang='lat' dir='ltr'><strong>laceratus</strong></span> <span class='ocrx_word' id='word_1_55' title='bbox 590 1349 665 1406; x_wconf 88' lang='lat' dir='ltr'><strong>sit</strong></span> <span class='ocrx_word' id='word_1_56' title='bbox 696 1346 769 1405; x_wconf 88' lang='lat' dir='ltr'><strong>ab</strong></span> <span class='ocrx_word' id='word_1_57' title='bbox 800 1347 1005 1406; x_wconf 89' lang='lat' dir='ltr'><strong>eodem</strong></span> <span class='ocrx_word' id='word_1_58' title='bbox 1039 1348 1102 1404; x_wconf 92' lang='lat' dir='ltr'><strong>in</strong></span> <span class='ocrx_word' id='word_1_59' title='bbox 1140 1348 1399 1405; x_wconf 86' lang='lat' dir='ltr'><strong>oratione</strong></span> <span class='ocrx_word' id='word_1_60' title='bbox 1419 1390 1436 1419; x_wconf 91' lang='lat'>,</span> <span class='ocrx_word' id='word_1_61' title='bbox 1468 1367 1584 1424; x_wconf 88' lang='lat' dir='ltr'><strong>qua</strong></span> <span class='ocrx_word' id='word_1_62' title='bbox 1603 1343 1680 1406; x_wconf 68' lang='lat' dir='ltr'><strong>&#39;et</strong></span> <span class='ocrx_word' id='word_1_63' title='bbox 1719 1349 1907 1426; x_wconf 88' lang='lat' dir='ltr'><strong>ipsum</strong></span> <span class='ocrx_word' id='word_1_64' title='bbox 1946 1362 2006 1406; x_wconf 91' lang='lat' dir='ltr'><strong>et</strong></span> <span class='ocrx_word' id='word_1_65' title='bbox 2034 1353 2094 1407; x_wconf 87' lang='lat' dir='ltr'><strong>P.</strong></span> <span class='ocrx_word' id='word_1_66' title='bbox 2131 1348 2397 1408; x_wconf 88' lang='lat' dir='ltr'><strong>Clodium</strong></span> 
     </span>
     <span class='ocr_line' id='line_1_9' title="bbox 281 1443 694 1521; baseline -0.005 -18"><span class='ocrx_word' id='word_1_67' title='bbox 281 1445 566 1503; x_wconf 80' lang='lat' dir='ltr'><strong>lacessivit</strong></span> <span class='ocrx_word' id='word_1_68' title='bbox 588 1443 694 1521; x_wconf 73' lang='grc'>(1.).</span> 
     </span>
    </p>
   </div>
   <div class='ocr_carea' id='block_1_5' title="bbox 279 1593 2398 1775">
    <p class='ocr_par' dir='ltr' id='par_1_5' title="bbox 279 1593 2398 1775">
     <span class='ocr_line' id='line_1_10' title="bbox 377 1593 2398 1692; baseline -0.001 -26"><span class='ocrx_word' id='word_1_69' title='bbox 377 1623 445 1666; x_wconf 83' lang='lat'><strong>2.</strong></span> <span class='ocrx_word' id='word_1_70' title='bbox 499 1595 644 1684; x_wconf 89' lang='lat' dir='ltr'><strong>Qui</strong></span> <span class='ocrx_word' id='word_1_71' title='bbox 680 1593 862 1666; x_wconf 89' lang='lat' dir='ltr'><strong>duos</strong></span> <span class='ocrx_word' id='word_1_72' title='bbox 897 1593 1206 1666; x_wconf 85' lang='lat' dir='ltr'><strong>nefarios</strong></span> <span class='ocrx_word' id='word_1_73' title='bbox 1229 1595 1486 1692; x_wconf 78' lang='lat' dir='ltr'><strong>patriae</strong></span> <span class='ocrx_word' id='word_1_74' title='bbox 1525 1594 1926 1691; x_wconf 88' lang='lat' dir='ltr'><strong>proditores</strong></span> <span class='ocrx_word' id='word_1_75' title='bbox 1965 1593 2243 1691; x_wconf 85' lang='lat' dir='ltr'><strong>legibus</strong></span> <span class='ocrx_word' id='word_1_76' title='bbox 2278 1618 2398 1664; x_wconf 81' lang='lat' dir='ltr'><strong>ex·</strong></span> 
     </span>
     <span class='ocr_line' id='line_1_11' title="bbox 279 1704 713 1775; baseline 0 -1"><span class='ocrx_word' id='word_1_77' title='bbox 279 1704 713 1775; x_wconf 85' lang='lat' dir='ltr'><strong>terminarat.</strong></span> 
     </span>
    </p>
   </div>
   <div class='ocr_carea' id='block_1_6' title="bbox 276 1851 2396 2423">
    <p class='ocr_par' dir='ltr' id='par_1_6' title="bbox 276 1851 2396 2423">
     <span class='ocr_line' id='line_1_12' title="bbox 357 1851 2393 1932; baseline -0.002 -18"><span class='ocrx_word' id='word_1_78' title='bbox 357 1860 447 1914; x_wconf 85' lang='lat' dir='ltr'><strong>De</strong></span> <span class='ocrx_word' id='word_1_79' title='bbox 495 1859 561 1912; x_wconf 91' lang='lat' dir='ltr'><strong>L.</strong></span> <span class='ocrx_word' id='word_1_80' title='bbox 600 1852 831 1911; x_wconf 87' lang='lat' dir='ltr'><strong>AEmilio</strong></span> <span class='ocrx_word' id='word_1_81' title='bbox 873 1854 1074 1912; x_wconf 85' lang='lat' dir='ltr'><strong>Paullo</strong></span> <span class='ocrx_word' id='word_1_82' title='bbox 1102 1852 1185 1931; x_wconf 81' lang='lat'><strong>(5)</strong></span> <span class='ocrx_word' id='word_1_83' title='bbox 1228 1851 1408 1925; x_wconf 85' lang='lat' dir='ltr'><strong>dicit,</strong></span> <span class='ocrx_word' id='word_1_84' title='bbox 1456 1854 1558 1931; x_wconf 90' lang='lat' dir='ltr'><strong>qui</strong></span> <span class='ocrx_word' id='word_1_85' title='bbox 1612 1855 1969 1913; x_wconf 86' lang='lat' dir='ltr'><strong>consulatum</strong></span> <span class='ocrx_word' id='word_1_86' title='bbox 2019 1867 2216 1932; x_wconf 85' lang='lat' dir='ltr'><strong>postea</strong></span> <span class='ocrx_word' id='word_1_87' title='bbox 2263 1873 2393 1910; x_wconf 89' lang='lat' dir='ltr'><strong>cum</strong></span> 
     </span>
     <span class='ocr_line' id='line_1_13' title="bbox 277 1949 2395 2031; baseline -0.002 -21"><span class='ocrx_word' id='word_1_88' title='bbox 277 1954 359 2010; x_wconf 84' lang='lat' dir='ltr'><strong>M.</strong></span> <span class='ocrx_word' id='word_1_89' title='bbox 377 1949 461 2031; x_wconf 91' lang='grc'><strong>(6)</strong></span> <span class='ocrx_word' id='word_1_90' title='bbox 489 1952 768 2009; x_wconf 82' lang='lat' dir='ltr'><strong>Marcello</strong></span> <span class='ocrx_word' id='word_1_91' title='bbox 797 1951 969 2026; x_wconf 82' lang='lat' dir='ltr'><strong>gessit</strong></span> <span class='ocrx_word' id='word_1_92' title='bbox 994 1965 1126 2009; x_wconf 87' lang='lat' dir='ltr'><strong>ante</strong></span> <span class='ocrx_word' id='word_1_93' title='bbox 1152 1970 1364 2010; x_wconf 86' lang='lat' dir='ltr'><strong>annum</strong></span> <span class='ocrx_word' id='word_1_94' title='bbox 1391 1971 1565 2030; x_wconf 89' lang='lat' dir='ltr'><strong>quam</strong></span> <span class='ocrx_word' id='word_1_95' title='bbox 1592 1949 1806 2009; x_wconf 89' lang='lat' dir='ltr'><strong>bellum</strong></span> <span class='ocrx_word' id='word_1_96' title='bbox 1838 1951 2004 2008; x_wconf 86' lang='lat' dir='ltr'><strong>civile</strong></span> <span class='ocrx_word' id='word_1_97' title='bbox 2042 1951 2300 2028; x_wconf 80' lang='lat' dir='ltr'><strong>Pompeii</strong></span> <span class='ocrx_word' id='word_1_98' title='bbox 2336 1962 2395 2008; x_wconf 90' lang='lat' dir='ltr'><strong>et</strong></span> 
     </span>
     <span class='ocr_line' id='line_1_14' title="bbox 279 2046 2396 2126; baseline -0.001 -19"><span class='ocrx_word' id='word_1_99' title='bbox 279 2050 514 2107; x_wconf 69' lang='lat' dir='ltr'><strong>Caesatis</strong></span> <span class='ocrx_word' id='word_1_100' title='bbox 540 2046 952 2105; x_wconf 82' lang='lat' dir='ltr'><strong>exardesceret.</strong></span> <span class='ocrx_word' id='word_1_101' title='bbox 987 2048 1096 2105; x_wconf 88' lang='lat' dir='ltr'><strong>Hic</strong></span> <span class='ocrx_word' id='word_1_102' title='bbox 1123 2047 1298 2126; x_wconf 79' lang='lat' dir='ltr'><strong>igitur</strong></span> <span class='ocrx_word' id='word_1_103' title='bbox 1323 2049 1558 2106; x_wconf 86' lang='lat' dir='ltr'><strong>Paullus</strong></span> <span class='ocrx_word' id='word_1_104' title='bbox 1590 2066 1859 2107; x_wconf 87' lang='lat' dir='ltr'><strong>accusare</strong></span> <span class='ocrx_word' id='word_1_105' title='bbox 1890 2046 2213 2104; x_wconf 89' lang='lat' dir='ltr'><strong>instituerat</strong></span> <span class='ocrx_word' id='word_1_106' title='bbox 2238 2046 2310 2105; x_wconf 91' lang='lat' dir='ltr'><strong>de</strong></span> <span class='ocrx_word' id='word_1_107' title='bbox 2336 2047 2396 2104; x_wconf 83' lang='lat' dir='ltr'><strong>vi</strong></span> 
     </span>
     <span class='ocr_line' id='line_1_15' title="bbox 276 2142 2390 2221; baseline -0.001 -20"><span class='ocrx_word' id='word_1_108' title='bbox 276 2147 341 2201; x_wconf 85' lang='lat' dir='ltr'><strong>L.</strong></span> <span class='ocrx_word' id='word_1_109' title='bbox 369 2143 701 2215; x_wconf 87' lang='lat' dir='ltr'><strong>Catilinam,</strong></span> <span class='ocrx_word' id='word_1_110' title='bbox 728 2154 817 2215; x_wconf 90' lang='lat' dir='ltr'><strong>et,</strong></span> <span class='ocrx_word' id='word_1_111' title='bbox 844 2157 909 2200; x_wconf 91' lang='lat' dir='ltr'><strong>ut</strong></span> <span class='ocrx_word' id='word_1_112' title='bbox 945 2143 1180 2220; x_wconf 86' lang='lat' dir='ltr'><strong>quidam</strong></span> <span class='ocrx_word' id='word_1_113' title='bbox 1211 2145 1499 2208; x_wconf 84' lang='lat' dir='ltr'><strong>memoriae</strong></span> <span class='ocrx_word' id='word_1_114' title='bbox 1537 2144 1930 2215; x_wconf 87' lang='lat' dir='ltr'><strong>tradiderunt,</strong></span> <span class='ocrx_word' id='word_1_115' title='bbox 1967 2145 2029 2200; x_wconf 93' lang='lat' dir='ltr'><strong>C.</strong></span> <span class='ocrx_word' id='word_1_116' title='bbox 2054 2142 2390 2221; x_wconf 82' lang='lat' dir='ltr'><strong>Cethegum.</strong></span> 
     </span>
     <span class='ocr_line' id='line_1_16' title="bbox 279 2238 2396 2319; baseline -0.001 -21"><span class='ocrx_word' id='word_1_117' title='bbox 279 2239 390 2298; x_wconf 88' lang='lat' dir='ltr'><strong>Sed</strong></span> <span class='ocrx_word' id='word_1_118' title='bbox 416 2241 568 2300; x_wconf 88' lang='lat' dir='ltr'><strong>enim</strong></span> <span class='ocrx_word' id='word_1_119' title='bbox 596 2241 839 2300; x_wconf 85' lang='lat' dir='ltr'><strong>Catilina</strong></span> <span class='ocrx_word' id='word_1_120' title='bbox 863 2239 1133 2298; x_wconf 82' lang='lat' dir='ltr'><strong>deficiens</strong></span> <span class='ocrx_word' id='word_1_121' title='bbox 1165 2239 1238 2298; x_wconf 84' lang='lat' dir='ltr'><strong>ab</strong></span> <span class='ocrx_word' id='word_1_122' title='bbox 1278 2260 1401 2319; x_wconf 87' lang='lat' dir='ltr'><strong>rep.</strong></span> <span class='ocrx_word' id='word_1_123' title='bbox 1432 2261 1493 2299; x_wconf 84' lang='lat' dir='ltr'><strong>se</strong></span> <span class='ocrx_word' id='word_1_124' title='bbox 1519 2240 1593 2298; x_wconf 89' lang='lat' dir='ltr'><strong>ad</strong></span> <span class='ocrx_word' id='word_1_125' title='bbox 1622 2260 1779 2298; x_wconf 86' lang='lat' dir='ltr'><strong>arma</strong></span> <span class='ocrx_word' id='word_1_126' title='bbox 1807 2240 2150 2297; x_wconf 87' lang='lat' dir='ltr'><strong>contulerat.</strong></span> <span class='ocrx_word' id='word_1_127' title='bbox 2181 2238 2396 2298; x_wconf 81' lang='lat' dir='ltr'><strong>Cethe-</strong></span> 
     </span>
     <span class='ocr_line' id='line_1_17' title="bbox 276 2336 2013 2423; baseline -0.002 -27"><span class='ocrx_word' id='word_1_128' title='bbox 276 2355 382 2423; x_wconf 78' lang='lat' dir='ltr'><strong>gus</strong></span> <span class='ocrx_word' id='word_1_129' title='bbox 414 2356 647 2415; x_wconf 90' lang='lat' dir='ltr'><strong>quoque</strong></span> <span class='ocrx_word' id='word_1_130' title='bbox 674 2337 733 2396; x_wconf 89' lang='lat' dir='ltr'><strong>in</strong></span> <span class='ocrx_word' id='word_1_131' title='bbox 760 2336 960 2396; x_wconf 89' lang='lat' dir='ltr'><strong>eadem</strong></span> <span class='ocrx_word' id='word_1_132' title='bbox 989 2336 1385 2414; x_wconf 86' lang='lat' dir='ltr'><strong>conjuratione</strong></span> <span class='ocrx_word' id='word_1_133' title='bbox 1404 2337 1486 2417; x_wconf 90' lang='lat'><strong>(7)</strong></span> <span class='ocrx_word' id='word_1_134' title='bbox 1516 2348 1887 2416; x_wconf 87' lang='lat' dir='ltr'><strong>consumptus</strong></span> <span class='ocrx_word' id='word_1_135' title='bbox 1912 2347 2013 2394; x_wconf 90' lang='lat' dir='ltr'><strong>est.</strong></span> 
     </span>
    </p>
   </div>
   <div class='ocr_carea' id='block_1_7' title="bbox 374 2468 2350 2570">
    <p class='ocr_par' dir='ltr' id='par_1_7' title="bbox 374 2468 2350 2570">
     <span class='ocr_line' id='line_1_18' title="bbox 374 2468 2350 2570; baseline -0.004 -26"><span class='ocrx_word' id='word_1_136' title='bbox 374 2478 497 2544; x_wconf 89' lang='lat' dir='ltr'><strong>XI.</strong></span> <span class='ocrx_word' id='word_1_137' title='bbox 550 2471 988 2570; x_wconf 81' lang='lat' dir='ltr'><strong>spoliaretur</strong></span> <span class='ocrx_word' id='word_1_138' title='bbox 1017 2470 1369 2544; x_wconf 89' lang='lat' dir='ltr'><strong>beneficio</strong></span> <span class='ocrx_word' id='word_1_139' title='bbox 1395 2485 1468 2542; x_wconf 89' lang='lat' dir='ltr'><strong>et</strong></span> <span class='ocrx_word' id='word_1_140' title='bbox 1493 2472 1825 2567; x_wconf 84' lang='lat' dir='ltr'><strong>aequitate</strong></span> <span class='ocrx_word' id='word_1_141' title='bbox 1858 2470 2031 2566; x_wconf 86' lang='lat' dir='ltr'><strong>legis</strong></span> <span class='ocrx_word' id='word_1_142' title='bbox 2068 2484 2201 2539; x_wconf 86' lang='lat' dir='ltr'><strong>tuae</strong></span> <span class='ocrx_word' id='word_1_143' title='bbox 2223 2468 2350 2562; x_wconf 84' lang='lat'><strong>(8).</strong></span> 
     </span>
    </p>
   </div>
   <div class='ocr_carea' id='block_1_8' title="bbox 274 2717 2395 4281">
    <p class='ocr_par' dir='ltr' id='par_1_8' title="bbox 348 2717 2354 2781">
     <span class='ocr_line' id='line_1_19' title="bbox 348 2717 2354 2781; baseline 0.001 -18"><span class='ocrx_word' id='word_1_144' title='bbox 348 2717 423 2781; x_wconf 83' lang='grc' dir='ltr'><strong>(ι)</strong></span> <span class='ocrx_word' id='word_1_145' title='bbox 445 2717 574 2766; x_wconf 77' lang='lat' dir='ltr'><strong>Vide</strong></span> <span class='ocrx_word' id='word_1_146' title='bbox 594 2718 719 2766; x_wconf 77' lang='lat' dir='ltr'><strong>hanc</strong></span> <span class='ocrx_word' id='word_1_147' title='bbox 747 2719 1013 2766; x_wconf 81' lang='lat' dir='ltr'><strong>orationem</strong></span> <span class='ocrx_word' id='word_1_148' title='bbox 1039 2720 1090 2766; x_wconf 85' lang='lat' dir='ltr'><strong>in</strong></span> <span class='ocrx_word' id='word_1_149' title='bbox 1119 2720 1291 2767; x_wconf 77' lang='lat' dir='ltr'><strong>Vatin.</strong></span> <span class='ocrx_word' id='word_1_150' title='bbox 1317 2734 1337 2765; x_wconf 76' lang='grc' dir='ltr'><strong><em>ι</em></strong></span> <span class='ocrx_word' id='word_1_151' title='bbox 1354 2734 1373 2764; x_wconf 81' lang='lat' dir='ltr'>x</span> <span class='ocrx_word' id='word_1_152' title='bbox 1390 2752 1405 2775; x_wconf 92' lang='lat'>,</span> <span class='ocrx_word' id='word_1_153' title='bbox 1426 2731 1477 2768; x_wconf 89' lang='lat' dir='ltr'><strong>et</strong></span> <span class='ocrx_word' id='word_1_154' title='bbox 1496 2719 1708 2767; x_wconf 89' lang='lat' dir='ltr'><strong>Dionem</strong></span> <span class='ocrx_word' id='word_1_155' title='bbox 1724 2754 1738 2777; x_wconf 88' lang='lat'><em>‚</em></span> <span class='ocrx_word' id='word_1_156' title='bbox 1758 2719 2036 2767; x_wconf 82' lang='lat' dir='ltr'>XXXVIII</span> <span class='ocrx_word' id='word_1_157' title='bbox 2052 2752 2068 2778; x_wconf 90' lang='lat'><em>,</em></span> <span class='ocrx_word' id='word_1_158' title='bbox 2101 2734 2120 2765; x_wconf 82' lang='grc' dir='ltr'><strong><em>ι</em></strong></span> <span class='ocrx_word' id='word_1_159' title='bbox 2137 2732 2179 2766; x_wconf 85' lang='lat'><strong>1.</strong></span> <span class='ocrx_word' id='word_1_160' title='bbox 2199 2720 2261 2765; x_wconf 96' lang='lat' dir='ltr'><strong>A.</strong></span> <span class='ocrx_word' id='word_1_161' title='bbox 2281 2718 2354 2765; x_wconf 89' lang='lat' dir='ltr'><strong>M.</strong></span> 
     </span>
    </p>

    <p class='ocr_par' dir='ltr' id='par_1_9' title="bbox 347 2798 1135 2865">
     <span class='ocr_line' id='line_1_20' title="bbox 347 2798 1135 2865; baseline 0.003 -19"><span class='ocrx_word' id='word_1_162' title='bbox 347 2798 427 2865; x_wconf 82' lang='lat' dir='ltr'><strong>(a)</strong></span> <span class='ocrx_word' id='word_1_163' title='bbox 449 2799 579 2849; x_wconf 87' lang='lat' dir='ltr'><strong>Cod.</strong></span> <span class='ocrx_word' id='word_1_164' title='bbox 598 2800 686 2848; x_wconf 81' lang='lat' dir='ltr'><strong>vel</strong></span> <span class='ocrx_word' id='word_1_165' title='bbox 702 2801 949 2847; x_wconf 80' lang='lat' dir='ltr'><strong>mandate.</strong></span> <span class='ocrx_word' id='word_1_166' title='bbox 974 2801 1037 2848; x_wconf 75' lang='lat' dir='ltr'><strong>A.</strong></span> <span class='ocrx_word' id='word_1_167' title='bbox 1061 2801 1135 2849; x_wconf 91' lang='lat' dir='ltr'><strong>M.</strong></span> 
     </span>
    </p>

    <p class='ocr_par' dir='ltr' id='par_1_10' title="bbox 277 2880 2388 3030">
     <span class='ocr_line' id='line_1_21' title="bbox 345 2880 2388 2948; baseline 0 -19"><span class='ocrx_word' id='word_1_168' title='bbox 345 2880 423 2948; x_wconf 84' lang='lat'><strong>(3)</strong></span> <span class='ocrx_word' id='word_1_169' title='bbox 460 2883 616 2930; x_wconf 84' lang='lat' dir='ltr'><strong>Etiam</strong></span> <span class='ocrx_word' id='word_1_170' title='bbox 654 2884 768 2931; x_wconf 87' lang='lat' dir='ltr'><strong>Act.</strong></span> <span class='ocrx_word' id='word_1_171' title='bbox 807 2885 829 2930; x_wconf 91' lang='lat'>1</span> <span class='ocrx_word' id='word_1_172' title='bbox 863 2884 931 2930; x_wconf 89' lang='lat' dir='ltr'><strong>in·</strong></span> <span class='ocrx_word' id='word_1_173' title='bbox 951 2886 1091 2931; x_wconf 83' lang='lat' dir='ltr'><strong>Verr.</strong></span> <span class='ocrx_word' id='word_1_174' title='bbox 1117 2900 1142 2944; x_wconf 88' lang='lat'><strong>7</strong></span> <span class='ocrx_word' id='word_1_175' title='bbox 1169 2917 1184 2941; x_wconf 90' lang='lat'>‚</span> <span class='ocrx_word' id='word_1_176' title='bbox 1218 2882 1287 2931; x_wconf 84' lang='lat' dir='ltr'><strong>ait</strong></span> <span class='ocrx_word' id='word_1_177' title='bbox 1312 2882 1485 2932; x_wconf 82' lang='lat' dir='ltr'><strong>Cicero</strong></span> <span class='ocrx_word' id='word_1_178' title='bbox 1526 2896 1539 2930; x_wconf 72' lang='grc' dir='ltr'><em>τ</em></span> <span class='ocrx_word' id='word_1_179' title='bbox 1577 2906 1602 2925; x_wconf 73' lang='lat'><strong>⁴·</strong></span> <span class='ocrx_word' id='word_1_180' title='bbox 1623 2884 1681 2933; x_wconf 93' lang='lat' dir='ltr'><strong>C.</strong></span> <span class='ocrx_word' id='word_1_181' title='bbox 1725 2883 1903 2942; x_wconf 84' lang='lat' dir='ltr'><strong>Curio,</strong></span> <span class='ocrx_word' id='word_1_182' title='bbox 1937 2899 2082 2947; x_wconf 88' lang='lat' dir='ltr'><strong>quem</strong></span> <span class='ocrx_word' id='word_1_183' title='bbox 2109 2898 2199 2946; x_wconf 85' lang='lat' dir='ltr'><strong>ego</strong></span> <span class='ocrx_word' id='word_1_184' title='bbox 2228 2882 2388 2931; x_wconf 84' lang='lat' dir='ltr'><strong>homi·</strong></span> 
     </span>
     <span class='ocr_line' id='line_1_22' title="bbox 277 2964 2212 3030; baseline -0.003 -15"><span class='ocrx_word' id='word_1_185' title='bbox 277 2980 387 3017; x_wconf 73' lang='lat' dir='ltr'><strong>uem</strong></span> <span class='ocrx_word' id='word_1_186' title='bbox 406 2965 608 3014; x_wconf 82' lang='lat' dir='ltr'><strong>honoris</strong></span> <span class='ocrx_word' id='word_1_187' title='bbox 627 2967 820 3030; x_wconf 87' lang='lat' dir='ltr'><strong>potius,</strong></span> <span class='ocrx_word' id='word_1_188' title='bbox 856 2982 1002 3030; x_wconf 87' lang='lat' dir='ltr'><strong>quam</strong></span> <span class='ocrx_word' id='word_1_189' title='bbox 1028 2966 1333 3013; x_wconf 72' lang='lat' dir='ltr'><strong>contumeliae</strong></span> <span class='ocrx_word' id='word_1_190' title='bbox 1362 2982 1502 3013; x_wconf 79' lang='lat' dir='ltr'><strong>causa</strong></span> <span class='ocrx_word' id='word_1_191' title='bbox 1532 2967 1832 3013; x_wconf 84' lang='lat' dir='ltr'><strong>nominatum</strong></span> <span class='ocrx_word' id='word_1_192' title='bbox 1860 2964 2025 3012; x_wconf 69' lang='lat' dir='ltr'><strong>volo».</strong></span> <span class='ocrx_word' id='word_1_193' title='bbox 2050 2967 2112 3013; x_wconf 92' lang='lat' dir='ltr'><strong>A.</strong></span> <span class='ocrx_word' id='word_1_194' title='bbox 2140 2966 2212 3011; x_wconf 89' lang='lat' dir='ltr'><strong>M.</strong></span> 
     </span>
    </p>

    <p class='ocr_par' dir='ltr' id='par_1_11' title="bbox 274 3032 2389 3185">
     <span class='ocr_line' id='line_1_23' title="bbox 347 3032 2389 3115; baseline -0 -19"><span class='ocrx_word' id='word_1_195' title='bbox 347 3048 421 3112; x_wconf 70' lang='grc'><strong>(4)</strong></span> <span class='ocrx_word' id='word_1_196' title='bbox 450 3050 609 3109; x_wconf 78' lang='lat' dir='ltr'><strong>Hujus</strong></span> <span class='ocrx_word' id='word_1_197' title='bbox 644 3049 908 3114; x_wconf 77' lang='lat' dir='ltr'><strong>deperditae</strong></span> <span class='ocrx_word' id='word_1_198' title='bbox 938 3050 1169 3097; x_wconf 79' lang='lat' dir='ltr'><strong>orationis</strong></span> <span class='ocrx_word' id='word_1_199' title='bbox 1205 3064 1300 3097; x_wconf 89' lang='lat' dir='ltr'><strong>nos</strong></span> <span class='ocrx_word' id='word_1_200' title='bbox 1334 3049 1596 3114; x_wconf 79' lang='lat' dir='ltr'><strong>particulas</strong></span> <span class='ocrx_word' id='word_1_201' title='bbox 1633 3065 1735 3097; x_wconf 89' lang='lat' dir='ltr'><strong>non</strong></span> <span class='ocrx_word' id='word_1_202' title='bbox 1777 3032 1954 3115; x_wconf 74' lang='lat' dir='ltr'><strong>pancas</strong></span> <span class='ocrx_word' id='word_1_203' title='bbox 1988 3048 2208 3114; x_wconf 84' lang='lat' dir='ltr'><strong>superius</strong></span> <span class='ocrx_word' id='word_1_204' title='bbox 2235 3045 2389 3095; x_wconf 84' lang='lat' dir='ltr'><strong>edidi·</strong></span> 
     </span>
     <span class='ocr_line' id='line_1_24' title="bbox 274 3134 590 3185; baseline 0.009 -7"><span class='ocrx_word' id='word_1_205' title='bbox 274 3146 400 3185; x_wconf 80' lang='lat' dir='ltr'><strong>mus.</strong></span> <span class='ocrx_word' id='word_1_206' title='bbox 428 3134 491 3181; x_wconf 92' lang='lat' dir='ltr'><strong>A.</strong></span> <span class='ocrx_word' id='word_1_207' title='bbox 516 3134 590 3181; x_wconf 92' lang='lat' dir='ltr'><strong>M.</strong></span> 
     </span>
    </p>

    <p class='ocr_par' dir='ltr' id='par_1_12' title="bbox 275 3212 2384 3362">
     <span class='ocr_line' id='line_1_25' title="bbox 344 3212 2384 3281; baseline -0.002 -20"><span class='ocrx_word' id='word_1_208' title='bbox 344 3212 422 3281; x_wconf 81' lang='lat'><strong>(5)</strong></span> <span class='ocrx_word' id='word_1_209' title='bbox 449 3213 573 3262; x_wconf 83' lang='lat' dir='ltr'><strong>Cod.</strong></span> <span class='ocrx_word' id='word_1_210' title='bbox 600 3216 654 3263; x_wconf 84' lang='lat' dir='ltr'><strong>l..</strong></span> <span class='ocrx_word' id='word_1_211' title='bbox 675 3213 873 3261; x_wconf 78' lang='lat' dir='ltr'><strong>AErm’lio</strong></span> <span class='ocrx_word' id='word_1_212' title='bbox 904 3214 1054 3262; x_wconf 81' lang='lat' dir='ltr'><strong>Balbo</strong></span> <span class='ocrx_word' id='word_1_213' title='bbox 1072 3247 1088 3273; x_wconf 90' lang='lat'>‚</span> <span class='ocrx_word' id='word_1_214' title='bbox 1125 3214 1211 3262; x_wconf 89' lang='lat' dir='ltr'><strong>sed</strong></span> <span class='ocrx_word' id='word_1_215' title='bbox 1240 3214 1363 3262; x_wconf 84' lang='lat' dir='ltr'><strong>bene</strong></span> <span class='ocrx_word' id='word_1_216' title='bbox 1390 3215 1589 3262; x_wconf 84' lang='lat' dir='ltr'><strong>inferius</strong></span> <span class='ocrx_word' id='word_1_217' title='bbox 1626 3213 1809 3262; x_wconf 79' lang='lat' dir='ltr'><strong>Paulus</strong></span> <span class='ocrx_word' id='word_1_218' title='bbox 1833 3231 1852 3262; x_wconf 83' lang='lat'><strong>.-</strong></span> <span class='ocrx_word' id='word_1_219' title='bbox 1874 3231 2022 3277; x_wconf 79' lang='lat' dir='ltr'><strong>quare</strong></span> <span class='ocrx_word' id='word_1_220' title='bbox 2054 3224 2101 3261; x_wconf 92' lang='lat' dir='ltr'><strong>et</strong></span> <span class='ocrx_word' id='word_1_221' title='bbox 2125 3213 2207 3259; x_wconf 84' lang='lat' dir='ltr'><strong>hic</strong></span> <span class='ocrx_word' id='word_1_222' title='bbox 2226 3225 2384 3258; x_wconf 87' lang='lat' dir='ltr'><strong>emen·</strong></span> 
     </span>
     <span class='ocr_line' id='line_1_26' title="bbox 275 3295 1967 3362; baseline 0.001 -16"><span class='ocrx_word' id='word_1_223' title='bbox 275 3295 496 3346; x_wconf 66' lang='lat' dir='ltr'><strong>‹lavimu-</strong></span> <span class='ocrx_word' id='word_1_224' title='bbox 523 3297 682 3344; x_wconf 82' lang='lat' dir='ltr'><strong>Paulo</strong></span> <span class='ocrx_word' id='word_1_225' title='bbox 698 3333 713 3358; x_wconf 86' lang='lat'><strong>,</strong></span> <span class='ocrx_word' id='word_1_226' title='bbox 737 3312 887 3360; x_wconf 87' lang='lat' dir='ltr'><strong>quum</strong></span> <span class='ocrx_word' id='word_1_227' title='bbox 915 3298 1018 3361; x_wconf 84' lang='lat' dir='ltr'><strong>ipse</strong></span> <span class='ocrx_word' id='word_1_228' title='bbox 1038 3314 1087 3345; x_wconf 89' lang='lat' dir='ltr'><strong>se</strong></span> <span class='ocrx_word' id='word_1_229' title='bbox 1108 3299 1317 3361; x_wconf 81' lang='lat' dir='ltr'><strong>corrigat</strong></span> <span class='ocrx_word' id='word_1_230' title='bbox 1345 3309 1509 3346; x_wconf 79' lang='lat' dir='ltr'><strong>noster</strong></span> <span class='ocrx_word' id='word_1_231' title='bbox 1535 3300 1795 3362; x_wconf 84' lang='lat' dir='ltr'><strong>Interpres.</strong></span> <span class='ocrx_word' id='word_1_232' title='bbox 1813 3299 1874 3345; x_wconf 88' lang='lat' dir='ltr'><strong>A.</strong></span> <span class='ocrx_word' id='word_1_233' title='bbox 1895 3300 1967 3347; x_wconf 92' lang='lat' dir='ltr'><strong>M.</strong></span> 
     </span>
    </p>

    <p class='ocr_par' dir='ltr' id='par_1_13' title="bbox 274 3383 2389 3701">
     <span class='ocr_line' id='line_1_27' title="bbox 346 3383 2389 3447; baseline -0.001 -15"><span class='ocrx_word' id='word_1_234' title='bbox 346 3384 420 3447; x_wconf 83' lang='grc'><strong>(6)</strong></span> <span class='ocrx_word' id='word_1_235' title='bbox 442 3387 513 3432; x_wconf 78' lang='lat' dir='ltr'><strong>Ita</strong></span> <span class='ocrx_word' id='word_1_236' title='bbox 543 3384 698 3432; x_wconf 86' lang='lat' dir='ltr'><strong>codex</strong></span> <span class='ocrx_word' id='word_1_237' title='bbox 722 3385 790 3432; x_wconf 76' lang='lat' dir='ltr'><strong>M.</strong></span> <span class='ocrx_word' id='word_1_238' title='bbox 821 3386 1083 3446; x_wconf 71' lang='lat' dir='ltr'><strong>Mar-cello,</strong></span> <span class='ocrx_word' id='word_1_239' title='bbox 1111 3386 1195 3433; x_wconf 90' lang='lat' dir='ltr'><strong>sed</strong></span> <span class='ocrx_word' id='word_1_240' title='bbox 1221 3385 1527 3433; x_wconf 82' lang='lat' dir='ltr'><strong>scribendum</strong></span> <span class='ocrx_word' id='word_1_241' title='bbox 1558 3397 1629 3434; x_wconf 88' lang='lat' dir='ltr'><strong>est</strong></span> <span class='ocrx_word' id='word_1_242' title='bbox 1659 3386 1710 3434; x_wconf 85' lang='lat' dir='ltr'><strong>C.</strong></span> <span class='ocrx_word' id='word_1_243' title='bbox 1735 3384 1988 3433; x_wconf 77' lang='lat' dir='ltr'><strong>Marcello.</strong></span> <span class='ocrx_word' id='word_1_244' title='bbox 2014 3385 2140 3433; x_wconf 77' lang='lat' dir='ltr'><strong>Nam</strong></span> <span class='ocrx_word' id='word_1_245' title='bbox 2164 3383 2244 3430; x_wconf 80' lang='lat' dir='ltr'><strong>hie</strong></span> <span class='ocrx_word' id='word_1_246' title='bbox 2271 3398 2389 3430; x_wconf 85' lang='lat' dir='ltr'><strong>con-</strong></span> 
     </span>
     <span class='ocr_line' id='line_1_28' title="bbox 274 3466 2384 3532; baseline -0.002 -16"><span class='ocrx_word' id='word_1_247' title='bbox 274 3466 481 3516; x_wconf 74' lang='lat' dir='ltr'><strong>sulatum</strong></span> <span class='ocrx_word' id='word_1_248' title='bbox 505 3468 649 3531; x_wconf 78' lang='lat' dir='ltr'><strong>gessit</strong></span> <span class='ocrx_word' id='word_1_249' title='bbox 667 3484 776 3515; x_wconf 85' lang='lat' dir='ltr'><strong>cum</strong></span> <span class='ocrx_word' id='word_1_250' title='bbox 791 3470 846 3515; x_wconf 91' lang='lat' dir='ltr'><strong>L.</strong></span> <span class='ocrx_word' id='word_1_251' title='bbox 867 3468 1061 3516; x_wconf 79' lang='lat' dir='ltr'><strong>AEmilio</strong></span> <span class='ocrx_word' id='word_1_252' title='bbox 1089 3469 1258 3516; x_wconf 88' lang='lat' dir='ltr'><strong>Paullo</strong></span> <span class='ocrx_word' id='word_1_253' title='bbox 1279 3484 1408 3516; x_wconf 81' lang='lat' dir='ltr'><strong>anno</strong></span> <span class='ocrx_word' id='word_1_254' title='bbox 1431 3470 1517 3532; x_wconf 86' lang='lat' dir='ltr'><strong>qui</strong></span> <span class='ocrx_word' id='word_1_255' title='bbox 1539 3470 1762 3532; x_wconf 84' lang='lat' dir='ltr'><strong>proxime</strong></span> <span class='ocrx_word' id='word_1_256' title='bbox 1781 3467 1961 3516; x_wconf 88' lang='lat' dir='ltr'><strong>bellum</strong></span> <span class='ocrx_word' id='word_1_257' title='bbox 1979 3467 2119 3515; x_wconf 81' lang='lat' dir='ltr'><strong>civile</strong></span> <span class='ocrx_word' id='word_1_258' title='bbox 2140 3466 2384 3531; x_wconf 68' lang='lat' dir='ltr'><strong>praecessit</strong></span> 
     </span>
     <span class='ocr_line' id='line_1_29' title="bbox 275 3549 2387 3617; baseline -0.003 -17"><span class='ocrx_word' id='word_1_259' title='bbox 275 3553 496 3617; x_wconf 81' lang='lat' dir='ltr'><strong>Pompeii</strong></span> <span class='ocrx_word' id='word_1_260' title='bbox 514 3564 563 3601; x_wconf 88' lang='lat' dir='ltr'><strong>et</strong></span> <span class='ocrx_word' id='word_1_261' title='bbox 580 3552 798 3600; x_wconf 80' lang='lat' dir='ltr'><strong>Caesaris.</strong></span> <span class='ocrx_word' id='word_1_262' title='bbox 818 3552 943 3599; x_wconf 79' lang='lat' dir='ltr'><strong>Vide</strong></span> <span class='ocrx_word' id='word_1_263' title='bbox 957 3553 1141 3616; x_wconf 78' lang='lat' dir='ltr'><strong>Sigonii</strong></span> <span class='ocrx_word' id='word_1_264' title='bbox 1161 3553 1557 3601; x_wconf 82' lang='lat' dir='ltr'><strong>commentarium</strong></span> <span class='ocrx_word' id='word_1_265' title='bbox 1580 3554 1632 3600; x_wconf 88' lang='lat' dir='ltr'><strong>in</strong></span> <span class='ocrx_word' id='word_1_266' title='bbox 1657 3554 1818 3601; x_wconf 78' lang='lat' dir='ltr'><strong>fastos.</strong></span> <span class='ocrx_word' id='word_1_267' title='bbox 1839 3553 1912 3601; x_wconf 90' lang='lat' dir='ltr'><strong>M.</strong></span> <span class='ocrx_word' id='word_1_268' title='bbox 1938 3562 2097 3600; x_wconf 79' lang='lat' dir='ltr'><strong>autem</strong></span> <span class='ocrx_word' id='word_1_269' title='bbox 2125 3549 2387 3599; x_wconf 79' lang='lat' dir='ltr'><strong>Marcellus</strong></span> 
     </span>
     <span class='ocr_line' id='line_1_30' title="bbox 276 3634 1911 3701; baseline 0.002 -20"><span class='ocrx_word' id='word_1_270' title='bbox 276 3634 431 3682; x_wconf 76' lang='lat' dir='ltr'><strong>fuerat</strong></span> <span class='ocrx_word' id='word_1_271' title='bbox 458 3636 629 3684; x_wconf 87' lang='lat' dir='ltr'><strong>consul</strong></span> <span class='ocrx_word' id='word_1_272' title='bbox 658 3651 769 3682; x_wconf 88' lang='lat' dir='ltr'><strong>cum</strong></span> <span class='ocrx_word' id='word_1_273' title='bbox 796 3635 896 3683; x_wconf 83' lang='lat' dir='ltr'><strong>Ser.</strong></span> <span class='ocrx_word' id='word_1_274' title='bbox 926 3636 1142 3699; x_wconf 87' lang='lat' dir='ltr'><strong>Sulpicio</strong></span> <span class='ocrx_word' id='word_1_275' title='bbox 1162 3637 1294 3684; x_wconf 79' lang='lat' dir='ltr'><strong>Rufo</strong></span> <span class='ocrx_word' id='word_1_276' title='bbox 1312 3652 1442 3684; x_wconf 80' lang='lat' dir='ltr'><strong>anno</strong></span> <span class='ocrx_word' id='word_1_277' title='bbox 1466 3638 1731 3701; x_wconf 80' lang='lat' dir='ltr'><strong>superiore.</strong></span> <span class='ocrx_word' id='word_1_278' title='bbox 1756 3639 1818 3684; x_wconf 92' lang='lat' dir='ltr'><strong>A.</strong></span> <span class='ocrx_word' id='word_1_279' title='bbox 1839 3637 1911 3685; x_wconf 94' lang='lat' dir='ltr'><strong>M.</strong></span> 
     </span>
    </p>

    <p class='ocr_par' dir='ltr' id='par_1_14' title="bbox 276 3708 2388 3861">
     <span class='ocr_line' id='line_1_31' title="bbox 346 3708 2388 3782; baseline -0.003 -17"><span class='ocrx_word' id='word_1_280' title='bbox 346 3714 423 3780; x_wconf 84' lang='lat'><strong>(7)</strong></span> <span class='ocrx_word' id='word_1_281' title='bbox 451 3716 579 3765; x_wconf 87' lang='lat' dir='ltr'><strong>Cod.</strong></span> <span class='ocrx_word' id='word_1_282' title='bbox 607 3717 1019 3780; x_wconf 74' lang='lat' dir='ltr'><strong>perseveratione,</strong></span> <span class='ocrx_word' id='word_1_283' title='bbox 1051 3718 1186 3782; x_wconf 86' lang='lat' dir='ltr'><strong>quod</strong></span> <span class='ocrx_word' id='word_1_284' title='bbox 1215 3719 1520 3767; x_wconf 83' lang='lat' dir='ltr'><strong>retinendum</strong></span> <span class='ocrx_word' id='word_1_285' title='bbox 1545 3735 1648 3766; x_wconf 85' lang='lat' dir='ltr'><strong>non</strong></span> <span class='ocrx_word' id='word_1_286' title='bbox 1670 3719 1943 3767; x_wconf 83' lang='lat' dir='ltr'><strong>videbatur.</strong></span> <span class='ocrx_word' id='word_1_287' title='bbox 1978 3719 2038 3766; x_wconf 82' lang='lat' dir='ltr'><strong>Et</strong></span> <span class='ocrx_word' id='word_1_288' title='bbox 2064 3708 2266 3777; x_wconf 75' lang='lat' dir='ltr'><strong>Cethegi</strong></span> <span class='ocrx_word' id='word_1_289' title='bbox 2280 3713 2388 3777; x_wconf 87' lang='lat' dir='ltr'><strong>qui-</strong></span> 
     </span>
     <span class='ocr_line' id='line_1_32' title="bbox 276 3797 1783 3861; baseline 0.001 -15"><span class='ocrx_word' id='word_1_290' title='bbox 276 3797 387 3846; x_wconf 89' lang='lat' dir='ltr'><strong>dem</strong></span> <span class='ocrx_word' id='word_1_291' title='bbox 415 3798 708 3861; x_wconf 80' lang='lat' dir='ltr'><strong>supplicium</strong></span> <span class='ocrx_word' id='word_1_292' title='bbox 744 3813 906 3849; x_wconf 83' lang='lat' dir='ltr'><strong>narrat</strong></span> <span class='ocrx_word' id='word_1_293' title='bbox 928 3801 1182 3849; x_wconf 80' lang='lat' dir='ltr'><strong>Sallustius</strong></span> <span class='ocrx_word' id='word_1_294' title='bbox 1203 3802 1322 3848; x_wconf 85' lang='lat' dir='ltr'><strong>Bell.</strong></span> <span class='ocrx_word' id='word_1_295' title='bbox 1351 3802 1494 3849; x_wconf 76' lang='lat' dir='ltr'><strong>Catil.</strong></span> <span class='ocrx_word' id='word_1_296' title='bbox 1526 3802 1610 3849; x_wconf 80' lang='lat'><strong>58.</strong></span> <span class='ocrx_word' id='word_1_297' title='bbox 1631 3803 1691 3849; x_wconf 89' lang='lat' dir='ltr'><strong>A.</strong></span> <span class='ocrx_word' id='word_1_298' title='bbox 1712 3803 1783 3848; x_wconf 89' lang='lat' dir='ltr'><strong>M.</strong></span> 
     </span>
    </p>

    <p class='ocr_par' dir='ltr' id='par_1_15' title="bbox 276 3879 2395 4281">
     <span class='ocr_line' id='line_1_33' title="bbox 347 3879 2392 3948; baseline -0.001 -19"><span class='ocrx_word' id='word_1_299' title='bbox 347 3880 426 3945; x_wconf 80' lang='lat'><strong>(8)</strong></span> <span class='ocrx_word' id='word_1_300' title='bbox 452 3882 591 3928; x_wconf 73' lang='lat' dir='ltr'><strong>naue</strong></span> <span class='ocrx_word' id='word_1_301' title='bbox 623 3879 777 3944; x_wconf 85' lang='lat' dir='ltr'><strong>legem</strong></span> <span class='ocrx_word' id='word_1_302' title='bbox 812 3885 1056 3931; x_wconf 78' lang='lat' dir='ltr'><strong>Vatinism</strong></span> <span class='ocrx_word' id='word_1_303' title='bbox 1092 3883 1304 3948; x_wconf 80' lang='lat' dir='ltr'><strong>appellat</strong></span> <span class='ocrx_word' id='word_1_304' title='bbox 1342 3884 1437 3931; x_wconf 84' lang='lat' dir='ltr'><strong>hoc</strong></span> <span class='ocrx_word' id='word_1_305' title='bbox 1463 3884 1579 3931; x_wconf 89' lang='lat' dir='ltr'><strong>loco</strong></span> <span class='ocrx_word' id='word_1_306' title='bbox 1604 3885 1776 3933; x_wconf 84' lang='lat' dir='ltr'><strong>Cicero</strong></span> <span class='ocrx_word' id='word_1_307' title='bbox 1803 3907 1828 3925; x_wconf 78' lang='grc' dir='ltr'><strong>ιι</strong></span> <span class='ocrx_word' id='word_1_308' title='bbox 1849 3884 1909 3931; x_wconf 87' lang='lat' dir='ltr'><strong>de</strong></span> <span class='ocrx_word' id='word_1_309' title='bbox 1943 3882 2139 3931; x_wconf 81' lang='lat' dir='ltr'><strong>alteruis</strong></span> <span class='ocrx_word' id='word_1_310' title='bbox 2176 3880 2392 3928; x_wconf 81' lang='lat' dir='ltr'><strong>consiliis</strong></span> 
     </span>
     <span class='ocr_line' id='line_1_34' title="bbox 276 3964 2389 4030; baseline -0.003 -15"><span class='ocrx_word' id='word_1_311' title='bbox 276 3964 603 4027; x_wconf 73' lang='lat' dir='ltr'><strong>rejiciendis».</strong></span> <span class='ocrx_word' id='word_1_312' title='bbox 627 3964 750 4026; x_wconf 72' lang='lat' dir='ltr'><strong>Quae</strong></span> <span class='ocrx_word' id='word_1_313' title='bbox 771 3976 930 4014; x_wconf 80' lang='lat' dir='ltr'><strong>antem</strong></span> <span class='ocrx_word' id='word_1_314' title='bbox 949 3968 1048 4015; x_wconf 89' lang='lat' dir='ltr'><strong>sint</strong></span> <span class='ocrx_word' id='word_1_315' title='bbox 1069 3969 1261 4016; x_wconf 76' lang='lat' dir='ltr'><strong>alterna</strong></span> <span class='ocrx_word' id='word_1_316' title='bbox 1276 3966 1477 4014; x_wconf 79' lang='lat' dir='ltr'><strong>consilia</strong></span> <span class='ocrx_word' id='word_1_317' title='bbox 1511 3969 1594 4013; x_wconf 79' lang='lat' dir='ltr'><strong>vix</strong></span> <span class='ocrx_word' id='word_1_318' title='bbox 1621 3983 1672 4014; x_wconf 88' lang='lat' dir='ltr'><strong>se</strong></span> <span class='ocrx_word' id='word_1_319' title='bbox 1699 3983 1840 4030; x_wconf 86' lang='lat' dir='ltr'><strong>posse</strong></span> <span class='ocrx_word' id='word_1_320' title='bbox 1863 3966 2102 4030; x_wconf 80' lang='lat' dir='ltr'><strong>explicare</strong></span> <span class='ocrx_word' id='word_1_321' title='bbox 2133 3966 2199 4012; x_wconf 79' lang='lat' dir='ltr'><strong>ait</strong></span> <span class='ocrx_word' id='word_1_322' title='bbox 2230 3967 2389 4012; x_wconf 84' lang='lat' dir='ltr'><strong>Anto-</strong></span> 
     </span>
     <span class='ocr_line' id='line_1_35' title="bbox 276 4044 2388 4114; baseline 0 -19"><span class='ocrx_word' id='word_1_323' title='bbox 276 4049 386 4095; x_wconf 82' lang='lat' dir='ltr'><strong>nius</strong></span> <span class='ocrx_word' id='word_1_324' title='bbox 411 4050 714 4112; x_wconf 74' lang='lat' dir='ltr'><strong>Augustinus</strong></span> <span class='ocrx_word' id='word_1_325' title='bbox 739 4048 801 4095; x_wconf 80' lang='lat' dir='ltr'><strong>ad</strong></span> <span class='ocrx_word' id='word_1_326' title='bbox 825 4049 949 4096; x_wconf 84' lang='lat' dir='ltr'><strong>banc</strong></span> <span class='ocrx_word' id='word_1_327' title='bbox 972 4052 1147 4114; x_wconf 85' lang='lat' dir='ltr'><strong>legem.</strong></span> <span class='ocrx_word' id='word_1_328' title='bbox 1175 4050 1356 4097; x_wconf 78' lang='lat' dir='ltr'><strong>Verum</strong></span> <span class='ocrx_word' id='word_1_329' title='bbox 1383 4065 1442 4097; x_wconf 83' lang='lat' dir='ltr'><strong>ex</strong></span> <span class='ocrx_word' id='word_1_330' title='bbox 1471 4059 1639 4097; x_wconf 88' lang='lat' dir='ltr'><strong>nostro</strong></span> <span class='ocrx_word' id='word_1_331' title='bbox 1665 4052 1934 4114; x_wconf 84' lang='lat' dir='ltr'><strong>Interprete</strong></span> <span class='ocrx_word' id='word_1_332' title='bbox 1960 4058 2113 4111; x_wconf 81' lang='lat' dir='ltr'><strong>patet,</strong></span> <span class='ocrx_word' id='word_1_333' title='bbox 2150 4047 2246 4094; x_wconf 87' lang='lat' dir='ltr'><strong>hoc</strong></span> <span class='ocrx_word' id='word_1_334' title='bbox 2273 4044 2388 4095; x_wconf 79' lang='lat' dir='ltr'><strong>loco</strong></span> 
     </span>
     <span class='ocr_line' id='line_1_36' title="bbox 276 4126 2395 4195; baseline -0.001 -18"><span class='ocrx_word' id='word_1_335' title='bbox 276 4128 399 4177; x_wconf 83' lang='lat' dir='ltr'><strong>nihil</strong></span> <span class='ocrx_word' id='word_1_336' title='bbox 425 4129 557 4178; x_wconf 79' lang='lat' dir='ltr'><strong>aliud</strong></span> <span class='ocrx_word' id='word_1_337' title='bbox 576 4131 780 4179; x_wconf 83' lang='lat' dir='ltr'><strong>indicari</strong></span> <span class='ocrx_word' id='word_1_338' title='bbox 804 4133 897 4179; x_wconf 87' lang='lat' dir='ltr'><strong>nisi</strong></span> <span class='ocrx_word' id='word_1_339' title='bbox 920 4133 1216 4181; x_wconf 79' lang='lat' dir='ltr'><strong>alternorum</strong></span> <span class='ocrx_word' id='word_1_340' title='bbox 1229 4132 1445 4195; x_wconf 75' lang='lat' dir='ltr'><strong>judicum</strong></span> <span class='ocrx_word' id='word_1_341' title='bbox 1474 4133 1804 4193; x_wconf 83' lang='lat' dir='ltr'><strong>rejectionem.</strong></span> <span class='ocrx_word' id='word_1_342' title='bbox 1821 4134 1939 4179; x_wconf 82' lang='lat' dir='ltr'><strong>Rem</strong></span> <span class='ocrx_word' id='word_1_343' title='bbox 1959 4132 2141 4195; x_wconf 83' lang='lat' dir='ltr'><strong>optime</strong></span> <span class='ocrx_word' id='word_1_344' title='bbox 2157 4166 2171 4187; x_wconf 89' lang='lat'>‚</span> <span class='ocrx_word' id='word_1_345' title='bbox 2199 4140 2251 4177; x_wconf 89' lang='lat' dir='ltr'><strong>ut</strong></span> <span class='ocrx_word' id='word_1_346' title='bbox 2271 4126 2395 4176; x_wconf 81' lang='lat' dir='ltr'><strong>mihi</strong></span> 
     </span>
     <span class='ocr_line' id='line_1_37' title="bbox 276 4212 2388 4281; baseline -0.002 -16"><span class='ocrx_word' id='word_1_347' title='bbox 276 4212 490 4273; x_wconf 73' lang='lat' dir='ltr'><strong>videtur,</strong></span> <span class='ocrx_word' id='word_1_348' title='bbox 529 4215 738 4280; x_wconf 79' lang='lat' dir='ltr'><strong>explicat</strong></span> <span class='ocrx_word' id='word_1_349' title='bbox 768 4216 967 4281; x_wconf 75' lang='lat' dir='ltr'><strong>Pighius</strong></span> <span class='ocrx_word' id='word_1_350' title='bbox 992 4213 1046 4267; x_wconf 86' lang='lat' dir='ltr'><strong>in</strong></span> <span class='ocrx_word' id='word_1_351' title='bbox 1072 4217 1325 4266; x_wconf 79' lang='lat' dir='ltr'><strong>annalibus</strong></span> <span class='ocrx_word' id='word_1_352' title='bbox 1354 4217 1416 4266; x_wconf 80' lang='lat' dir='ltr'><strong>ad</strong></span> <span class='ocrx_word' id='word_1_353' title='bbox 1456 4233 1636 4265; x_wconf 78' lang='lat' dir='ltr'><strong>annum</strong></span> <span class='ocrx_word' id='word_1_354' title='bbox 1677 4215 1825 4264; x_wconf 79' lang='lat' dir='ltr'><strong>Urbis</strong></span> <span class='ocrx_word' id='word_1_355' title='bbox 1866 4216 1967 4278; x_wconf 74' lang='grc'><strong>694</strong></span> <span class='ocrx_word' id='word_1_356' title='bbox 2010 4214 2188 4276; x_wconf 80' lang='lat' dir='ltr'><strong>(nobis</strong></span> <span class='ocrx_word' id='word_1_357' title='bbox 2208 4214 2306 4274; x_wconf 79' lang='lat'><strong>695</strong></span> <span class='ocrx_word' id='word_1_358' title='bbox 2328 4214 2347 4275; x_wconf 88' lang='lat'>)</span> <span class='ocrx_word' id='word_1_359' title='bbox 2372 4227 2388 4261; x_wconf 73' lang='lat' dir='ltr'><strong>a</strong></span> 
     </span>
    </p>
   </div>
  </div>
 </body>
</html>
