2994 4778
571 354 714 437 424
1211 356 1308 422 M.
1360 354 1436 422 T.
1491 353 2052 427 CICERONIS

574 472 807 546 solum
840 496 1051 543 suum
1092 471 1674 569 depeculatorem
1696 527 1716 562 ‚
1750 487 2159 544 vexatorem
2181 526 2200 560 ‚
2237 472 2697 570 praedonem,

572 584 854 655 hostem
904 584 1184 655 venisse
1226 598 1628 656 senserunt.
1672 582 1784 654 Ad
1833 584 2099 653 horum
2141 586 2469 654 omnium
2499 583 2704 679 judi-

572 698 678 767 cia
722 709 834 766 tot
879 709 1095 792 atque
1151 709 1344 765 tanta
1396 694 1871 765 domesticum
1921 693 2267 788 judicium
2292 691 2356 737 ¹³
2401 695 2702 765 accessit

570 806 942 877 sententiae
962 808 1023 856 ¹4
1055 802 1536 876 damnationis
1565 818 1701 877 tuae
1729 830 1744 873 ε
1774 804 2100 877 occultus
2124 804 2512 890 adventuS‚
2544 803 2699 874 fur-

569 917 796 985 tivum
853 915 991 985 iter
1031 937 1161 1010 per
1200 914 1515 1000 Italiam,
1570 916 1906 985 introitus
1949 915 2025 984 in
2067 913 2321 984 urbem
2369 913 2702 985 desertus

568 1022 661 1093 ab
701 1022 943 1094 amicis
962 1075 982 1109 ‚
1013 1021 1228 1092 nullae
1256 1021 1347 1094 ad
1378 1039 1709 1094 senatum
1737 1048 1779 1093 e
1808 1024 2180 1120 provincia
2208 1023 2463 1109 literae,
2498 1022 2700 1093 nulla

570 1157 656 1202 ex
693 1132 899 1202 trinis
934 1132 1190 1202 aestivis
1225 1132 1605 1228 gratulatio
1628 1128 1727 1219 ¹⁵,
1766 1132 1962 1203 nulla
1990 1132 2345 1229 triumphi
2368 1132 2644 1201 mentio
2677 1159 2697 1201 ε

571 1268 720 1312 non
761 1239 981 1311 modo
1023 1241 1197 1337 quid
1230 1243 1562 1338 gesseri5‚
1599 1240 1726 1312 sed
1761 1267 1854 1313 ne
1892 1241 2161 1338 quibus
2203 1243 2279 1312 in
2316 1242 2487 1313 locis
2530 1242 2697 1337 qui·

569 1350 736 1423 dem
775 1349 1027 1436 fueriS‚
1082 1349 1321 1422 dicere
1356 1351 1600 1422 audeS.
1642 1355 1749 1422 Ex
1792 1351 1917 1422 illo
1959 1348 2160 1423 fonte
2204 1366 2276 1423 et
2313 1353 2700 1423 seminario

571 1460 1110 1558 triumphorum
1184 1486 1413 1557 quum
1477 1461 1674 1533 arida
1729 1460 1902 1533 folia
1969 1462 2232 1533 laureae
2291 1462 2702 1548 retulisses;

569 1596 797 1667 quum
850 1595 932 1641 ea
980 1569 1261 1662 abjecta
1308 1570 1400 1641 ad
1440 1586 1725 1669 portam
1778 1571 2164 1668 reliquisti,
2210 1585 2366 1640 tum
2410 1584 2492 1640 tu
2545 1574 2704 1666 ipse

570 1677 661 1749 de
707 1695 777 1750 te
813 1703 1078 1749 FECISSE
1130 1705 1373 1750 vunnu
1423 1682 1998 1777 pronuntiavisti.
2051 1682 2197 1771 Qui
2232 1683 2291 1753 si
2329 1679 2509 1750 nihil
2544 1705 2708 1777 ges-

569 1812 759 1860 seras
787 1789 1087 1884 dignum
1119 1789 1433 1877 honore3
1474 1790 1602 1861 ubi
1628 1788 2047 1865 exercitus¹⁶
2066 1792 2095 1860 Ρ
2115 1790 2306 1861 ubi¹⁷
2344 1804 2706 1887 sumptus,

569 1898 698 1969 ubi
752 1899 1191 1995 imperium?
1247 1899 1376 1971 ubi
1434 1900 1555 1971 illa
1621 1899 1980 1971 uberrima
2045 1897 2704 1997 supplicationibus

570 2006 1106 2105 triumphisque
1145 2010 1561 2106 provincia?
1617 2013 1744 2079 Sin
1798 2025 2042 2082 autem
2077 2006 2353 2106 aliquid
2412 2031 2704 2104 sperare

569 2112 1097 2205 volueras¹⁸‚.si
1129 2121 1468 2216 cogitaras
1507 2119 1580 2190 id
1603 2174 1623 2206 ‚
1665 2120 1863 2215 quod
1896 2121 2350 2218 imperatoris
2387 2142 2700 2202 nomen,

569 2227 769 2323 quod
816 2227 1114 2299 laureati
1147 2226 1410 2313 fasces»,
1452 2230 1655 2326 quod
1705 2230 1823 2301 illa
1868 2245 2173 2328 tropaea,
2215 2228 2433 2326 plena
2476 2226 2707 2299 dede-

569 2339 753 2406 coris
785 2350 859 2405 et
889 2338 1073 2409 risus
1094 2348 1179 2425 ¹9,
1219 2352 1288 2411 te
1316 2354 1881 2423 commentatum
1914 2365 2066 2412 esse
2091 2339 2507 2410 declarant:
2537 2341 2711 2435 quis

569 2500 733 2549 endem
776 2501 1070 2550 immanitate
1118 2504 1309 2552 violatis
1327 2521 1342 2566 ;
1390 2505 1588 2553 adverte
1608 2554 1611 2557 ,

568 2580 837 2628 orationem
854 2580 1129 2639 uberem,et
1145 2584 1276 2631 velut
1295 2601 1321 2630 e
1339 2600 1429 2631 sno
1450 2585 1587 2632 fonte

1753 2523 1770 2553 ι
1786 2523 1833 2566 7.
1885 2505 1979 2553 Ubi
2012 2516 2241 2570 sumptus.
2276 2505 2376 2552 Ubi
2428 2508 2710 2552 secter-tium

1677 2583 1925 2632 ducenties
1941 2597 1989 2632 et
2006 2585 2224 2648 octogies
2240 2619 2255 2642 ,
2275 2585 2327 2630 id
2346 2595 2420 2631 est
2431 2617 2446 2641 ,
2471 2584 2712 2647 quadrin-

571 2669 842 2706 manantem
859 2694 874 2718 ‚
897 2676 1041 2723 quam
1062 2660 1193 2707 nulla
1210 2677 1365 2708 rernm
1388 2663 1588 2709 varietas

567 2737 851 2785 exhauriat:
881 2758 904 2780 ι
926 2736 1199 2796 Exhausta,
1236 2751 1431 2794 vexata,
1460 2739 1587 2788 lace-

567 2826 665 2863 rata
679 2850 693 2874 ‚
713 2817 980 2871 exinanita,
1001 2817 1208 2880 direpta,
1233 2818 1380 2877 illusi,
1401 2820 1586 2878 exusti,

544 2899 547 2900 ’
568 2895 739 2952 excisi,
764 2896 1086 2951 exterminati,
1109 2907 1200 2943 etc.
1219 2918 1246 2938 a·

644 2975 724 3022 13.
768 2973 1090 3021 Domesticum
1123 2974 1377 3036 judicium.
1423 2977 1588 3026 Judex

568 3052 862 3101 domesticus
899 3053 997 3101 dici
1039 3064 1200 3119 potest
1220 3091 1233 3113 ,
1269 3054 1348 3103 vel
1383 3073 1588 3104 consan-

569 3133 732 3194 guinei
776 3143 828 3179 et
868 3134 1010 3180 amici
1031 3169 1047 3193 ,
1078 3135 1156 3182 vel
1199 3136 1303 3200 ipse
1344 3136 1455 3183 Piso
1501 3136 1585 3199 qui

568 3210 778 3273 seipsum
792 3212 1100 3261 conscientia
1113 3215 1161 3260 vi
1182 3225 1379 3262 coactus
1398 3214 1589 3262 damna-

568 3288 713 3336 verit.

645 3376 723 3424 14.
750 3372 937 3420 Ernest.
958 3373 1213 3420 delendum
1239 3386 1381 3437 putat
1401 3385 1586 3421 seneen-

569 3447 671 3495 eIoe.
700 3450 747 3496 J.
768 3450 831 3494 V.
855 3452 911 3496 1..

643 3526 721 3572 15.
749 3525 921 3574 Nulla.
945 3561 958 3574 .
981 3563 994 3575 .
1018 3528 1153 3575 trinis
1172 3528 1348 3575 aestivis
1360 3529 1585 3591 gracula-

564 3605 650 3651 εἰσ.
679 3604 981 3667 Supplicatio
1010 3606 1102 3653 diis
1129 3607 1317 3652 decreta
1341 3606 1391 3652 in
1409 3608 1583 3670 gratin-

564 3700 670 3731 rum
693 3684 933 3731 actionem
952 3717 967 3742 ‚
996 3686 1269 3731 aestivorum
1296 3695 1454 3733 sutem
1480 3702 1581 3734 me-

541 3763 708 3811 ·miuit
743 3762 877 3826 quod
909 3773 1046 3810 aestas
1074 3763 1137 3811 sit
1171 3764 1584 3813 accommodatior

569 3839 712 3888 rebus
735 3841 969 3905 gerendis.

644 3912 726 3960 ιδ.
755 3913 849 3959 Ubi
867 3914 1141 3961 exercitus?
1161 3914 1218 3960 Id
1244 3925 1333 3974 est,
1350 3915 1587 3979 quamob-

571 4004 670 4038 rem
697 3992 961 4038 exercitum
984 3993 1223 4040 retinuisti
1236 4029 1250 4050 ‚
1271 4005 1344 4042 tot
1362 4004 1585 4057 sumptus

568 4085 628 4117 ex
649 4071 817 4118 erario
837 4066 1024 4118 fecisti?

1677 2675 1816 2725 genta
1854 2665 2200 2727 qninquaginta
2246 2662 2396 2710 millia
2434 2675 2708 2711 coronato·

1677 2757 1810 2800 rum,
1847 2756 1955 2804 que
1988 2757 2048 2788 ex
2084 2742 2255 2789 aersrio
2292 2741 2465 2787 vasarii
2504 2743 2712 2789 nomine

1675 2835 1952 2884 acceperas,
1979 2830 2156 2883 praeter
2175 2822 2416 2883 ingentem
2444 2819 2590 2867 aliam
2617 2837 2708 2883 pe-

1673 2898 1862 2944 cuniam
1894 2897 1954 2944 sd
1984 2897 2283 2962 stipendium
2318 2896 2530 2944 militum
2566 2900 2706 2944 attri-

1673 2975 1857 3023 butam.

1749 3055 1828 3104 18.
1862 3055 1944 3101 Sin
1969 3065 2133 3101 autem
2159 3054 2355 3119 aliquid
2375 3070 2581 3118 sperare
2612 3071 2703 3103 νο-

1673 3133 1851 3182 lueras.
1870 3134 2035 3181 Altera
2052 3150 2166 3198 pars
2185 3143 2255 3181 est
2271 3133 2590 3194 dilemmatis,
2606 3149 2701 3197 qua

1675 3210 1970 3260 demonstrat
2025 3214 2200 3260 Pisone
2251 3212 2528 3260 damnatius
2579 3211 2698 3259 nihil

1673 3305 1801 3348 esse;
1825 3307 1976 3353 quum
1995 3293 2124 3345 enim
2142 3292 2206 3340 sd
2224 3291 2460 3354 triumphi
2480 3290 2700 3354 adeptio-

1674 3384 1781 3414 nem
1806 3385 1972 3416 omnes
1992 3369 2374 3431 proconsulatus
2393 3369 2470 3415 sui
2491 3368 2697 3414 rationes

1673 3447 1902 3495 direxisse
1946 3448 2101 3495 videri
2151 3458 2316 3511 posset
2332 3481 2348 3506 ‚
2385 3462 2490 3493 non
2536 3457 2695 3493 tamen

1672 3539 1816 3572 ausus
1836 3526 1988 3573 suem
2009 3526 2074 3573 ad
2094 3538 2314 3574 senatum
2343 3524 2405 3571 de
2431 3523 2579 3570 rebus
2598 3540 2624 3569 a
2645 3538 2698 3570 se

1673 3601 1819 3664 gestis
1845 3604 2134 3660 rescribere3
2164 3601 2338 3667 probet
2364 3612 2531 3649 autem
2560 3601 2698 3648 Piso-

1671 3696 1782 3727 nem
1806 3679 1865 3727 de
1900 3682 2151 3745 triumpho
2183 3681 2421 3744 cogitasse
2447 3678 2610 3727 tribus
2629 3694 2699 3725 nr-

1672 3760 1929 3823 gumentis.
2235 3821 2238 3824 A

1747 3854 1826 3900 ¹9·
1854 3839 2011 3885 Plena
2039 3839 2284 3886 dedecoris
2310 3848 2360 3885 ee
2385 3836 2530 3883 risus.
2569 3834 2695 3897 Quin

1671 3932 1771 3964 non
1808 3928 1944 3965 erant
1978 3927 2290 3965 monumenta
2329 3915 2580 3971 victoriae,
2610 3911 2694 3960 sed

1671 3994 1951 4042 amissorum
1975 3995 2269 4060 oppidorum
2291 4004 2339 4042 et
2361 4002 2559 4040 vastate
2577 4004 2696 4055 pro-

1673 4087 1862 4122 vmcnae.
