2994 4778
644 436 1025 501 ORATIO
1076 434 1183 502 ΙΝ
1220 436 1313 505 L.
1357 438 1434 501 C.
1490 434 1961 499 PISONEM.
2227 429 2361 524 357

243 559 528 625 initium
582 553 733 624 ludi
796 555 1241 651 compitalitii
1269 565 1338 640 ²,
1404 568 1560 622 tum
1621 555 1930 650 primum
1984 552 2142 622 sacti
2202 565 2364 649 post

238 671 320 734 L.
344 664 717 734 Metellum
749 680 816 734 et
844 668 933 755 Q.
956 666 1304 734 Marcium
1326 718 1346 747 ‚
1373 663 1703 733 consules
1729 716 1749 749 ‚
1773 676 2022 732 contra
2061 666 2362 733 auctori·

238 791 456 847 tatem
495 778 711 872 hujus
740 777 1046 863 ordinis;
1073 801 1263 873 quos
1283 780 1367 865 Q.
1388 773 1758 846 Metellus³
1791 773 2011 870 (facio
2035 776 2363 870 injuriam

240 884 628 957 fortissimo
656 888 814 957 viro
846 902 1169 971 mortun,
1197 889 1320 982 qui
1352 885 1592 972 illum,
1625 885 1830 977 cujus
1867 910 2138 983 paucos
2165 910 2368 983 pares

240 996 653 1081 haeccivitas
675 998 875 1083 tulit,
900 1021 1065 1067 cum
1088 996 1219 1066 hac
1244 998 1655 1093 importuna
1680 994 1922 1065 bellua
1946 993 2369 1090 conferam),

241 1106 364 1176 sed
425 1107 549 1176 ille
603 1107 1011 1203 designatus
1050 1105 1339 1191 consul,
1384 1131 1612 1201 quum
1652 1104 1991 1201 quidam-'⁴
2033 1104 2370 1177 tribunus

242 1215 474 1313 plebis
531 1243 665 1287 suo
719 1218 985 1287 auxilio
1035 1217 1407 1312 magistros
1468 1215 1679 1285 ludos
1739 1230 1987 1285 contra
2046 1230 2370 1287 senatus-

244 1327 655 1397 consultum
694 1325 929 1397 facere
957 1328 1317 1421 jussisset,
1365 1317 1723 1422 privatus⁵
1761 1323 1914 1395 fieri
1953 1330 2221 1412 vetuit;
2266 1341 2373 1396 at-

243 1462 386 1533 que
414 1437 484 1506 id
513 1491 532 1519 ,
568 1436 769 1533 quod
806 1436 1133 1506 nondum
1162 1449 1516 1533 potestate
1541 1450 1853 1532 poterat,
1893 1435 2211 1505 obtinuit
2244 1428 2373 1506 ειη-ἔ

243 1548 978 1642 ctoritate.Tu‚quum
1006 1542 1119 1614 in6
1140 1572 1214 1615 ιιι
1246 1544 1582 1615 kalendas
1601 1546 1745 1639 jan.
1763 1545 2374 1642 compitaliorum?

245 1656 396 1726 dies
432 1655 884 1740 incidissent,
922 1660 1114 1726 Sext.
1143 1654 1472 1725 Clodium
1501 1709 1519 1741 ‚
1556 1658 1682 1751 qui
1721 1680 2117 1752 numquam
2166 1671 2373 1728 antea

245 1779 701 1862 praetextatus
740 1763 981 1835 suisset
1004 1762 1054 1844 ⁸,
1094 1765 1302 1836 ludos
1335 1762 1599 1849 facere,
1623 1780 1693 1835 et
1725 1780 2218 1862 praetextatum
2259 1793 2374 1837 vo·
2461 1766 2466 1771 ’

246 1874 447 1947 litare
487 1900 736 1973 passus
772 1902 878 1963 eS‚
904 1876 1270 1945 hominem
1289 1877 1694 1972 impurum,
1723 1890 1943 1972 atque
1969 1901 2119 1945 non
2149 1878 2370 1947 inodo

247 2095 292 2131 et
315 2084 519 2133 Gsbinii
545 2084 865 2132 consulatum.
892 2083 1090 2131 Publius
1118 2081 1267 2148 igitur

246 2163 471 2220 Clodius,
500 2180 649 2226 quum
675 2164 918 2210 statuisset
936 2164 1067 2209 omni
1088 2162 1266 2209 scelere

248 2257 416 2288 venre
452 2240 836 2303 rempublicam,
876 2250 923 2287 et
964 2242 1128 2287 faecem
1170 2254 1261 2301 po-

249 2320 351 2382 puli
376 2331 544 2367 contre
571 2319 857 2381 optimates,
873 2318 1064 2365 servitia
1093 2329 1262 2365 contra

250 2398 425 2447 liberos
462 2385 753 2457 concitare,
788 2397 988 2444 Sextum
1033 2397 1262 2447 Clodium

246 2476 447 2524 scribam
490 2493 663 2536 suum,
699 2492 841 2538 quem
881 2477 1053 2524 Cicero
1095 2476 1264 2539 paullo

244 2568 358 2621 post
385 2556 684 2605 Clodianum
711 2572 878 2602 canem
905 2555 1111 2619 appellnt
1125 2585 1147 2625 ἔ
1167 2556 1261 2622 im-

245 2639 397 2699 pulit,
431 2647 488 2682 ut
522 2635 668 2683 ludos
698 2636 807 2682 illos
833 2646 1024 2683 senatus
1049 2635 1264 2683 suctori·

247 2727 338 2763 tate
363 2716 584 2763 sublatos
601 2724 870 2761 renovaret.
886 2715 944 2761 ld
960 2714 1148 2761 Tullius
1167 2712 1263 2762 hoc

244 2794 354 2841 loco
375 2793 685 2857 reprehendit
703 2828 718 2850 ,
754 2791 890 2855 quod
918 2795 1029 2839 Piso
1059 2792 1166 2856 ipso
1190 2793 1265 2839 sui

242 2874 523 2921 eousuhtus
541 2873 681 2918 initio
699 2870 844 2917 ludos
862 2870 1141 2931 huJusmodi
1161 2869 1265 2918 fleri

242 2952 533 3016 permiserit.
576 2951 640 2997 lii
669 2949 774 2997 ludi
802 2950 853 2995 in
880 2950 1107 3012 compitis
1135 2949 1265 2997 cele·

242 3030 529 3077 bmbsntur.

315 3125 373 3157 ιι.
402 3109 488 3156 ΑΙ.
508 3107 650 3156 codd.
667 3106 966 3170 compitalii:
986 3107 1071 3155 sed
1090 3119 1187 3165 est,
1203 3108 1267 3156 sd

242 3188 404 3236 Attio.
430 3189 525 3234 vn
544 3222 558 3244 ‚
598 3205 649 3248 7,
690 3210 715 3228 «-
732 3185 1078 3249 compitalitius
1107 3187 1265 3235 dies..

242 3267 289 3313 J.
308 3268 375 3313 V.
404 3267 460 3314 1..

315 3348 363 3393 3.
396 3346 531 3407 Quos
570 3347 633 3408 Q.
668 3343 907 3392 Metellus.
954 3346 1010 3392 1..
1044 3345 1267 3411 Caecilio,

243 3427 303 3487 Q.
333 3425 528 3472 Marcio
556 3440 681 3472 coss.
712 3440 836 3487 quos
861 3434 911 3471 et
949 3425 1051 3488 ipse
1092 3425 1265 3472 Cicero

243 3520 383 3568 supra
407 3502 717 3562 memoravit,
738 3504 830 3551 SC.
855 3502 1057 3566 collegis
1076 3502 1263 3551 sublate

242 3593 352 3629 suut
369 3616 385 3639 ,
410 3598 524 3644 quae
544 3581 775 3628 adversus
796 3596 951 3645 remp.
975 3581 1263 3629 videbantur

242 3679 359 3710 esse.
392 3661 628 3711 Solebsut
666 3673 822 3708 sutem
864 3661 1075 3724 magistri
1112 3660 1261 3708 colle-

242 3742 431 3804 giorum
476 3740 621 3788 ludos
656 3741 843 3796 secere,
890 3741 1013 3787 sieut
1048 3740 1263 3803 magistri

239 3822 460 3867 vicorum
478 3819 719 3867 faciebant
732 3853 748 3877 ‚
773 3819 1117 3882 compitalitios
1140 3835 1262 3882 pne·

242 3901 409 3948 textsti
424 3935 439 3958 ‚
466 3900 553 3963 qui
581 3898 685 3946 ludi
710 3897 911 3945 sublatis
931 3898 1153 3960 collegiis
1169 3897 1264 3944 dis·

240 3981 365 4026 cussi
387 3989 522 4026 sunt.
558 3981 673 4025 Post
698 3993 872 4025 novem
893 3976 1067 4025 deinde
1086 3993 1265 4035 sunus,

240 4075 381 4121 quam
415 4059 608 4106 sublats
636 4067 798 4115 erant,
828 4059 880 4105 P.
909 4056 1114 4105 Clodius
1151 4057 1265 4105 trib.

245 4138 311 4202 pt.
346 4139 455 4201 lege
499 4137 595 4183 lats
632 4135 839 4183 restituit
874 4135 1095 4198 collegis.
1133 4135 1264 4188 Invi?

1353 2084 1479 2130 diam
1501 2099 1619 2147 ergo
1635 2095 1682 2132 et
1702 2084 1886 2132 crimen
1904 2086 2233 2135 restitutorum
2255 2105 2378 2137 cou-

1355 2163 1448 2208 fert
1479 2162 1531 2208 iu
1557 2164 1806 2221 Pisonem,
1825 2163 1957 2226 quod
1985 2198 2000 2223 ‚
2032 2182 2182 2228 quum
2202 2170 2375 2216 consul

1352 2250 1477 2286 esset
1496 2277 1511 2299 ‚
1541 2256 1709 2303 passus
1732 2244 1794 2288 sit
1815 2253 1926 2290 aute
1951 2259 2094 2307 quani
2117 2245 2197 2293 lex
2223 2250 2374 2296 serre-

1353 2328 1449 2379 tur,
1480 2319 1636 2367 sacere
1676 2330 2014 2383 praetextstum
2053 2324 2199 2373 ludos
2239 2330 2372 2378 Sext.

1351 2398 1595 2446 Clodium.
1621 2403 1669 2447 Is
1702 2402 1792 2449 fuit
1835 2402 2233 2453 familiarissimus
2255 2409 2371 2456 Clo—

1353 2477 1450 2535 dii,
1480 2489 1529 2524 et
1555 2494 1810 2541 operarum
1847 2481 2192 2531 Clodianarum
2228 2485 2332 2534 dux
2350 2502 2367 2536 2

1350 2571 1450 2618 quo
1474 2568 1671 2603 auctore
1698 2569 1866 2620 postes
1898 2558 2033 2607 illato
2060 2561 2122 2607 ab
2164 2563 2221 2609 iis
2258 2580 2373 2611 cor-

1350 2651 1469 2698 pore
1510 2635 1701 2693 Clodii,
1742 2637 1874 2684 curis
1915 2653 2025 2684 cum
2068 2655 2130 2686 eo
2172 2641 2368 2690 incensu

1351 2724 1437 2762 est.
1482 2715 1623 2776 Quos
1663 2713 1810 2761 ludos
1856 2726 1971 2762 tuuc
2017 2733 2213 2781 quoque
2264 2719 2369 2768 fieri

1352 2792 1609 2856 probibere
1637 2794 1840 2841 tentavit
1869 2796 1923 2843 1..
1956 2798 2221 2847 Mummius
2250 2801 2366 2850 u-ib.

1350 2872 1425 2935 pl.
1442 2874 1570 2919 Ante
1590 2871 1837 2919 biennium
1855 2884 2042 2934 sutem,
2064 2892 2206 2938 quam
2227 2880 2369 2926 resti-

1355 2963 1602 2999 tuerentur
1623 2952 1849 3016 collegis,
1887 2956 1950 3015 Q.
1978 2956 2205 3005 Metellus
2229 2959 2374 3008 Celer

1354 3029 1525 3077 consul
1551 3028 1828 3092 designatus
1854 3034 2109 3095 magistros
2144 3037 2371 3087 ludorum

1353 3108 1497 3156 ludos
1537 3109 1881 3172 compitslitios
1919 3112 2074 3160 ficere
2109 3117 2378 3178 prohibue-

1357 3198 1428 3234 rat
1440 3223 1455 3248 ,
1472 3199 1527 3235 ut
1554 3189 1724 3236 Cicero
1746 3188 1888 3237 trsdit
1904 3224 1922 3249 ,
1939 3195 2158 3254 quamvis
2175 3208 2373 3248 sueton-e

1354 3264 1555 3314 tribuno
1580 3267 1651 3330 pl.
1677 3266 1877 3326 fierent,
1903 3270 2044 3329 cujus
2069 3272 2250 3322 tribuni
2277 3292 2372 3326 uo·

1353 3361 1464 3392 meu
1487 3345 1551 3392 nd
1578 3347 1678 3394 hoc
1715 3356 1906 3411 tempus
1938 3364 2084 3398 nemo
2109 3369 2138 3400 e
2164 3343 2378 3406 tenebris

1352 3425 1540 3474 eduxit.

1422 3514 1474 3562 4.
1499 3506 1731 3571 Quidam.
1759 3507 1840 3555 Al.
1860 3507 2055 3570 quidem
2072 3522 2133 3561 tr.

1423 3589 1471 3636 5.
1518 3587 1757 3635 Privatus.
1800 3589 1987 3638 Consul
2036 3602 2194 3643 temen
2249 3597 2375 3646 dai.

1350 3676 1543 3729 gnatus.

1422 3748 1475 3793 6.
1510 3749 1674 3807 Quum
1694 3745 1762 3792 in.
1781 3746 1937 3795 Abest
1961 3748 2033 3796 iu.

1428 3840 1474 3883 7.
1492 3825 1573 3870 Sic
1601 3834 1719 3873 vett.
1746 3824 1859 3872 edd.
1890 3828 2039 3877 Rom.
2066 3830 2202 3879 Med.
2230 3835 2372 3884 June.

1310 3919 1319 3924 “
1353 3911 1410 3948 ut
1437 3909 1510 3946 est
1538 3899 1601 3946 sd
1630 3902 1782 3947 Attio.
1809 3904 1885 3960 11,
1918 3906 1947 3952 3
1966 3938 1980 3964 ‚
2010 3927 2035 3947 e·
2054 3907 2213 3969 pridie
2231 3928 2376 3961 com-

1352 3977 1520 4042 pitslis
1538 4000 1581 4025 u.
1603 3978 1636 4025 J
1640 3980 1725 4026 .V.
1750 3980 1801 4026 1..

1427 4058 1476 4104 8.
1513 4059 1843 4105 Proeeeaeeams
1887 4059 2076 4116 suisset.
2122 4066 2373 4120 Praetexta

1349 4136 1428 4196 ius
1443 4134 1717 4184 habuerunt
1735 4136 1961 4187 ludorum
1979 4141 2211 4192 editores.
