2994 4778
678 395 1069 462 ORATIO
1118 395 1323 463 PRO
1372 398 1471 464 Μ.
1529 396 1915 465 COELIO.
2224 397 2353 495 175

233 518 536 617 pueritia-
561 525 648 586 η.
691 516 965 590 Ceteris
992 539 1141 585 non
1169 513 1392 585 modo
1425 513 1610 586 nihil
1638 516 2157 650 ignoscendum
2179 571 2201 610 ‚
2227 520 2354 593 sed

237 631 423 700 etiam
460 628 730 698 acriter
761 639 869 695 est
904 624 1409 697 resistendum.

326 741 395 806 11.
467 742 576 807 Ac
650 733 829 804 mihi
890 732 1190 830 quidem
1251 731 1575 821 videtur,
1635 732 1968 828 judiceS‚
2040 735 2160 810 hic
2237 741 2351 813 in-

237 848 468 916 troitus
524 840 972 915 defensionis
1025 842 1522 915 adolescentiae
1587 846 1686 914 M.
1734 845 1940 915 Coelii
1966 856 1985 886 ¹
2041 850 2350 923 maxime

230 957 644 1037 convenire,
709 967 794 1023 ut
843 950 935 1023 ad
988 976 1110 1038 ea,
1169 977 1331 1051 quae
1399 968 1850 1038 accusatores
1903 952 2354 1040 deformandi

226 1066 481 1161 hujus²
535 1089 797 1154 causa,
855 1062 1316 1135 detrahendae
1383 1062 1918 1161 spoliandaeque
1988 1064 2355 1164 dignitatis

224 1178 435 1272 gratia
492 1174 877 1262 dixerunt,
930 1175 1244 1271 primum
1288 1174 1792 1272 respondeam.
1847 1175 2200 1271 objectus
2249 1195 2357 1251 est

226 1300 412 1383 pater
454 1286 653 1356 varie
680 1338 703 1371 ,
750 1282 952 1381 quod
1010 1299 1133 1357 aut
1179 1306 1434 1382 parum
1499 1284 1915 1382 splendidus
1977 1290 2170 1386 ipse,
2231 1304 2356 1368 aut

225 1418 468 1492 parum
524 1396 644 1492 pie
695 1407 1037 1466 tractatus
1086 1419 1129 1466 a
1177 1393 1328 1472 filio
1372 1394 1754 1466 diceretur.
1811 1399 1919 1466 De
1967 1396 2354 1493 dignitate,

225 1501 536 1577 Coelius3
600 1506 797 1576 notis
860 1529 943 1576 ac
1002 1503 1398 1598 majoribus
1459 1520 1672 1590 natu,
1723 1504 1938 1578 etiam
1992 1507 2147 1578 sine
2196 1531 2357 1582 mea

227 1617 589 1704 oratione,
647 1616 906 1688 tacitus
933 1612 1002 1702 4,
1072 1613 1279 1685 facile
1344 1616 1499 1712 ipse
1566 1615 2017 1713 respondet:
2081 1617 2353 1715 quibus

227 1739 457 1796 autem
481 1781 502 1813 ,
561 1739 865 1822 propter
914 1738 1401 1818 senectutem,
1465 1722 1668 1820 quod
1716 1724 1861 1818 jam
1931 1723 2058 1795 diu
2109 1730 2353 1798 minus

228 1838 292 1905 in
352 1833 515 1907 foro
580 1834 961 1906 nobiscum
1020 1849 1346 1906 versatur
1378 1888 1398 1921 ‚
1458 1859 1612 1904 non
1675 1857 1880 1930 aeque
1940 1848 2048 1904 est
2104 1839 2351 1932 cogni-

233 1961 369 2030 tus;
410 1945 489 2016 hi
537 1947 640 2016 sic
684 1943 999 2018 habeant
1035 1970 1053 2013 t
1099 1967 1577 2040 quaecumque
1628 1946 1705 2014 in
1750 1945 1993 2039 equite
2044 1968 2351 2017 romano

232 2056 525 2152 dignitas
570 2079 727 2127 esse
764 2059 1032 2153 possit,
1081 2079 1243 2152 quae
1297 2070 1490 2126 certe
1540 2068 1779 2152 potest
1815 2077 1967 2126 esse
2007 2057 2354 2144 maxima,

233 2191 369 2236 eam
430 2189 725 2263 semper
775 2168 851 2236 in
913 2168 1013 2234 M.
1070 2164 1295 2235 Coelio
1352 2164 1673 2236 habitam
1735 2190 1888 2237 esse
1945 2190 2348 2252 summam,

237 2273 587 2372 hodieque
642 2270 970 2362 haberi⁵‚
1026 2299 1172 2345 non
1233 2274 1465 2346 solum
1516 2299 1558 2345 a
1595 2278 1783 2360 suis,
1833 2273 1959 2345 sed
2000 2277 2211 2348 etiam
2256 2275 2347 2347 ab

239 2385 598 2473 omnibus,
633 2384 900 2482 quibus
935 2387 1252 2483 potuerit
1289 2385 1529 2481 aliqua
1557 2384 1649 2465 de
1680 2410 1889 2459 causa
1923 2411 2075 2459 esse
2107 2403 2349 2459 notuS.

235 2499 494 2593 Equitis
531 2511 776 2567 autem
818 2498 1095 2567 romani
1134 2520 1287 2567 esse
1325 2494 1590 2581 filium,
1625 2496 1941 2566 criminis
1976 2496 2134 2567 loco
2169 2498 2349 2594 poni

237 2605 318 2676 ab
348 2605 929 2695 accusatoribus»,
973 2630 1219 2702 neque
1262 2605 1375 2679 his
1403 2600 1945 2700 judicantibus⁶
1983 2608 2346 2703 oportuit,

298 2858 377 2891 12.
417 2842 670 2891 Pueritioe.
701 2843 777 2890 Ex
805 2840 1009 2907 pueritia
1026 2841 1125 2902 jam
1159 2858 1241 2889 ex·
1330 2840 1423 2899 tis,
1448 2838 1535 2888 sed
1551 2839 1695 2888 etiam
1713 2839 1893 2906 ignotis
1918 2837 2169 2904 probatam
2197 2856 2351 2887 meam

230 2934 450 2982 cesserat,
475 2939 629 2986 quum
652 2924 704 2969 in
733 2922 871 2979 soro,
898 2932 1087 2987 sumpta
1115 2922 1243 2969 virili
1327 2918 1472 2968 fidem
1492 2937 1595 2968 esse
1612 2942 1654 2968 n.

232 3010 366 3063 toga,
400 3013 686 3049 versaretur.
719 3002 816 3049 Sed
850 3017 904 3047 ea
936 3016 1055 3047 voce
1089 3000 1245 3049 utitur
1400 3008 1451 3056 4.
1485 2998 1699 3047 Tacitus.
1728 2997 1786 3046 Id
1814 3009 1888 3046 est
1909 3033 1925 3061 ,
1948 3013 2051 3045 nou
2075 2997 2241 3058 dictis,
2266 2998 2350 3045 sed

230 3079 397 3147 Cicero
411 3114 430 3141 ‚
465 3080 767 3146 experientiae
797 3079 1037 3129 desectum
1060 3078 1242 3143 siguifi-
1328 3079 1427 3126 vita
1448 3078 1638 3141 egregie
1659 3088 1894 3129 anteacta.

230 3172 435 3208 eatur-us.
476 3187 542 3197 —-
589 3159 786 3208 Ceteris.
829 3158 945 3207 Scil.
985 3170 1239 3207 accusato·
1402 3158 1450 3205 5.
1471 3157 1700 3204 Habitum
1718 3171 1817 3204 esse
1833 3171 2094 3212 summam,
2116 3153 2354 3219 hodieque

233 3236 372 3284 ribus.
1328 3235 1511 3285 haberi.
1545 3234 1763 3282 Lambin.
1802 3255 1825 3277 ι
1849 3233 2062 3281 habitam
2092 3249 2193 3281 esse
2219 3250 2352 3282 sum-

296 3319 355 3365 11.
400 3334 420 3364 1
435 3353 452 3366 .
490 3316 639 3364 Multi
676 3315 824 3364 codd.
859 3328 909 3364 et
941 3316 1239 3381 palimpsest.
1328 3330 1453 3362 mam
1470 3352 1486 3378 ‚
1507 3329 1835 3377 summamque
1853 3312 2001 3360 hodie
2018 3313 2185 3361 haberi
2206 3335 2254 3361 a.

236 3396 448 3446 Ambros.
479 3413 561 3460 ap.
601 3398 729 3458 Aug.
764 3395 976 3455 Maium,
999 3410 1111 3459 pag.
1141 3395 1204 3443 53
1226 3429 1244 3457 ,
1399 3393 1451 3442 6.
1492 3393 1716 3441 Criminis
1743 3394 1872 3441 Ioco.
1895 3427 1909 3441 .
1931 3427 1944 3440 .
1980 3390 2055 3440 luis
2074 3391 2353 3456 judicanti-

1327 3475 1428 3521 bus.
1453 3474 1528 3521 Eo
1549 3484 1763 3539 tempore
1778 3508 1794 3536 ,
1820 3488 1920 3537 quo
1944 3472 2049 3520 haec
2065 3473 2228 3521 habita
2257 3473 2349 3521 fuit

1327 3555 1484 3602 oratio
1499 3588 1514 3611 ,
1538 3555 1742 3618 equites,
1762 3552 1943 3600 tribuni
1967 3552 2122 3601 aerarii
2148 3569 2259 3601 cum
2280 3569 2356 3600 se·

1327 3632 1580 3680 natoribus
1594 3631 1893 3693 judicabant,
1915 3631 2179 3680 secundum
2196 3632 2350 3695 legem

236 3472 399 3523 habent
445 3476 625 3540 passim
680 3473 818 3523 coelii
836 3508 853 3535 ,
905 3474 1082 3533 Caelio,
1139 3485 1238 3524 etc.

237 3554 346 3602 «ΙΝ.
373 3557 428 3602 1..

299 3647 344 3682 2.
388 3636 507 3697 Qua·
558 3643 868 3680 accusatores
927 3630 1243 3694 deformandi

240 3708 361 3773 lajas
408 3730 584 3760 causa.
634 3713 787 3759 Extra
833 3727 1023 3759 causam
1038 3746 1053 3771 ,
1103 3711 1241 3777 cujus

242 3792 408 3852 generis
431 3793 582 3841 multa
603 3792 665 3839 ab
689 3791 1046 3841 accusatoribus
1066 3792 1244 3857 saepius

236 3867 474 3925 jactantur.

307 3949 350 3994 3.
377 3948 567 3998 Coele’us.
587 3951 728 3997 Pater
748 3948 833 4013 qui
850 3948 1030 3997 aderat.
1052 3975 1123 3985 --
1138 3949 1243 3996 No·

242 4023 388 4073 eis.1d
408 4038 507 4085 est,
529 4029 615 4091 qui
644 4026 781 4074 illum
807 4039 1065 4076 noverunt.
1092 4028 1171 4075 Sic
1194 4028 1245 4074 in

243 4103 424 4154 Verrem
444 4109 514 4155 111
531 4122 546 4155 ε
567 4130 594 4151 ιι
611 4107 840 4157 Putabam
854 4124 955 4158 non
977 4107 1135 4157 solum
1157 4123 1249 4155 uo·

1328 3727 1356 3757 a
1377 3711 1530 3759 Lucio
1551 3713 1691 3761 Cotta
1712 3710 1856 3759 latam
1877 3712 1928 3758 in
1949 3712 2107 3775 primo
2132 3710 2353 3776 Pompeii

1329 3799 1377 3837 et
1394 3790 1552 3838 Crassi
1569 3790 1822 3838 consulatu
1838 3826 1853 3852 ,
1870 3806 2000 3838 anno
2020 3789 2144 3837 683.
2164 3789 2356 3852 Equitis

1330 3869 1478 3931 igitur
1501 3870 1689 3917 romani
1710 3885 1810 3916 esse
1831 3867 1982 3915 filium
2006 3867 2219 3913 criminis
2239 3865 2355 3915 loco

1334 3947 1453 4011 poni
1481 3962 1583 3996 nou
1612 3947 1860 4013 oportuit,
1891 3949 1966 3996 his
1991 3946 2110 4012 ipsis
2133 3944 2356 4007 judIcau·

1336 4027 1467 4074 tibus
1516 4027 1758 4092 equitibus
1778 4045 1794 4087 ;
1832 4029 1994 4094 inepta
2039 4037 2139 4074 erat
2178 4034 2358 4073 contu-

1334 4104 1491 4154 melia.
