2994 4778
1191 425 1290 491 M.
1338 424 1415 490 T.
1469 425 2038 494 CICERONIS

558 542 741 611 tarit.
792 544 936 627 Ac,
991 545 1048 612 si
1102 543 1442 642 princeps
1481 569 1641 615 eam
1677 547 2100 616 sententiam
2135 542 2440 614 dicerem
2465 598 2484 628 ,
2532 545 2680 616 lau-

554 648 815 722 daretis
857 650 1223 749 profect03
1257 654 1317 724 si
1353 654 1587 741 soluS,
1627 669 1820 726 certe
1853 654 2360 750 ignosceretis;
2404 655 2684 726 etiamsi

558 759 799 856 paullo
839 761 1077 832 minus
1118 762 1310 833 utilis
1347 763 1555 834 vobis
1586 766 1944 836 sententia
1971 763 2352 846 videretur,
2393 766 2678 834 veniam

554 883 794 940 tamen
843 870 1155 967 aliquam
1191 870 1426 944 dolori
1465 871 1682 944 meo⁵
1727 873 2157 945 tribueretis.
2211 878 2423 945 Nunc
2464 899 2681 960 vero,

556 992 793 1076 patres
844 982 1231 1077 conscripti
1258 1035 1277 1068 ,
1336 1007 1487 1053 non
1538 1007 1752 1081 parva
1804 980 2082 1052 afficior
2116 981 2520 1079 voluptate,
2565 981 2681 1051 vel

553 1085 755 1183 quod
799 1086 941 1159 hoc
983 1090 1292 1160 maxime
1328 1091 1744 1188 reipublicae
1782 1089 2156 1174 conducit,
2192 1090 2504 1186 Syriam,
2537 1095 2681 1160 Ma-

555 1196 1074 1295 cedoniamque
1123 1198 1414 1272 decerni
1432 1198 1490 1289 ⁶,
1538 1217 1616 1273 ut
1663 1201 1872 1272 dolor
1923 1224 2126 1271 meus
2176 1199 2355 1270 nihil
2401 1225 2445 1270 a
2485 1224 2677 1270 com-

557 1308 760 1377 muni
800 1307 1101 1379 utilitate
1144 1308 1553 1397 dissentiat3
1600 1311 1711 1381 vel
1750 1308 1950 1407 quod
1981 1308 2218 1381 habeo
2243 1320 2269 1364 ⁷
2309 1324 2678 1381 auctorem

557 1421 632 1487 P.
685 1419 1059 1488 Servilium
1076 1415 1129 1504 ⁸,
1177 1425 1305 1517 qui
1355 1436 1523 1493 ante
1567 1446 1683 1492 me
1722 1424 2147 1491 sententiam
2186 1418 2402 1505 dixit,
2445 1422 2679 1489 virum

557 1526 1064 1617 clarissimum,
1123 1545 1194 1600 et
1248 1555 1478 1627 quum
1533 1532 1608 1602 in
1663 1533 2067 1602 universam
2117 1528 2680 1626 rempublicam,

557 1651 713 1707 tum
762 1640 972 1708 etiam
1024 1664 1192 1737 erga
1241 1666 1472 1712 meam
1513 1643 1813 1712 salutem
1837 1696 1856 1724 ,
1895 1637 2040 1710 fide
2076 1663 2157 1710 ac
2195 1638 2684 1710 benivolentia

554 1747 914 1842 singulari.
974 1748 1191 1838 Quod
1251 1752 1309 1820 si
1362 1750 1480 1821 ille
1534 1766 1604 1822 et
1653 1749 1899 1847 paullo
1948 1763 2156 1834 ante,
2205 1763 2316 1834 et,
2364 1750 2684 1844 quoties-

558 1880 870 1954 cumque
916 1859 982 1929 ei
1024 1859 1225 1932 locus
1263 1859 1551 1931 dicendi
1581 1884 1662 1930 ac
1701 1873 2014 1957 potestas
2051 1856 2252 1946 fuito,
2289 1856 2679 1929 Gabinium

559 415 694 488 252

1661 2095 1798 2153 cujus
1821 2078 2110 2141 sententiam
2148 2104 2356 2157 propter
2391 2092 2677 2150 consilium,

1662 2183 1710 2220 et
1731 2173 2032 2236 gravitatem,
2055 2182 2105 2219 et
2124 2172 2524 2220 existimationem
2543 2187 2678 2234 egre-
2727 2195 2734 2204 ·

560 2091 696 2153 quasi
724 2091 1038 2141 fundamenta
1063 2095 1308 2159 opinionis
1334 2110 1432 2143 suae
1454 2094 1575 2155 jacit

561 2179 740 2229 orator,
758 2181 813 2218 ut
834 2174 1234 2221 necessitate‘non
1252 2172 1410 2219 minus
1429 2188 1575 2235 quam

561 2247 735 2296 decore
762 2265 813 2297 se
838 2250 900 2298 ad
923 2267 1026 2298 eam
1043 2250 1310 2298 adductum
1334 2250 1576 2300 ostendat.

563 2330 727 2391 Quum
770 2328 900 2376 enim
940 2328 1001 2377 de
1048 2329 1263 2378 Gabinio
1306 2339 1356 2378 et
1399 2330 1577 2378 Pisone

562 2406 861 2473 dimittendh
898 2407 1118 2457 dicturus
1163 2420 1286 2458 esset
1308 2444 1326 2470 ,
1379 2409 1577 2458 vitanda

563 2495 665 2534 erat
706 2487 942 2552 suspicio,
979 2505 1040 2537 ne
1080 2488 1252 2539 dolore
1288 2489 1577 2550 injuriarum

451 2576 458 2584 “
564 2568 714 2629 magis
755 2583 899 2630 quam
942 2567 1222 2632 reipublice
1254 2567 1463 2617 utilitate
1493 2568 1580 2614 im-

566 2644 734 2708 pulsus
757 2646 1020 2696 videretur.

633 2724 680 2772 ⁵.
707 2724 877 2773 Dolori
901 2741 1025 2773 meo.
1059 2728 1228 2774 Justns
1250 2734 1355 2772 erat
1379 2725 1578 2774 Cicero-

560 2806 635 2851 nis
661 2802 801 2851 dolor
824 2802 1017 2865 expulsi
1037 2819 1099 2850 ex
1128 2802 1245 2849 urbe
1271 2818 1299 2849 a
1328 2803 1504 2850 Pisone
1520 2812 1568 2849 et

560 2882 769 2930 Gabinio
792 2881 1101 2937 consulibus,
1129 2896 1339 2942 quornm
1366 2880 1447 2928 ille
1467 2880 1569 2927 Ma·

558 2961 808 3009 cedoniam
821 2995 837 3022 ,
854 2959 937 3008 bic
954 2960 1143 3024 Syriam
1161 2959 1462 3025 provinciam
1480 2958 1568 3007 ob-

558 3041 740 3088 tinebat
753 3074 768 3098 ,
804 3054 925 3104 quas
965 3049 1165 3103 uterque
1195 3038 1457 3086 crudeliter
1495 3054 1570 3085 ve·

555 3120 751 3168 zabant.
1161 3120 1167 3125 '

628 3198 678 3246 6.
688 3197 900 3259 «ςγι-ίαηι,
912 3197 1348 3263 Macedoniamque
1362 3199 1570 3247 decerni.

558 3276 828 3326 Provincia
869 3278 1051 3326 eoedem
1098 3278 1250 3326 modo
1297 3277 1572 3326 consulares

559 3355 774 3414 fuerunt,
806 3357 956 3404 modo
987 3357 1256 3421 praetoria,
1284 3356 1349 3405 ad
1376 3367 1569 3404 senatus

559 3432 838 3481 arbitratum
858 3469 873 3493 ,
920 3445 1065 3497 prout
1105 3436 1231 3483 ratio
1260 3435 1497 3482 bellorum
1520 3445 1569 3483 et

560 3522 829 3575 temporum
856 3512 1148 3575 postulabat.
1192 3512 1480 3559 Consulares
1505 3512 1573 3558 di-

561 3590 812 3648 cebantur,
835 3606 984 3653 quum
1008 3607 1087 3638 eas
1116 3590 1433 3653 proconsules
1452 3624 1466 3648 ,
1487 3600 1571 3637 ant

557 3671 699 3716 etiam
716 3701 730 3725 ,
749 3666 885 3730 quod
908 3682 1013 3714 nou
1039 3676 1159 3714 raro‘
1184 3666 1415 3730 contigit,
1452 3682 1569 3715 con-

557 3746 712 3806 sules;
733 3747 995 3809 praetorias,
1013 3736 1165 3807 quum
1190 3755 1423 3808 pretores
1443 3747 1570 3795 obti-

557 3825 753 3872 nebant.
792 3824 993 3871 Senatus
1026 3839 1155 3871 unus
1184 3826 1460 3875 consulares
1495 3827 1572 3874 de·

557 3902 810 3962 cernebat,
854 3918 941 3950 nec
977 3902 1073 3950 illis
1110 3903 1405 3955 intercedere
1434 3918 1569 3970 pote·

558 3992 667 4030 rant
707 3978 888 4027 tribuni
924 3979 1106 4045 plebis;
1142 3993 1371 4046 poterant
1408 3997 1568 4034 autem

555 4057 808 4124 proetorfiz.

630 4154 655 4199 7
667 4174 680 4188 .
704 4136 869 4185 Habeo
887 4148 1149 4187 auctorem.
1170 4141 1356 4187 Auctor
1375 4139 1567 4196 dicitnr,

1661 2252 1739 2316 gie
1765 2252 1910 2315 gestis
1936 2262 2123 2315 partam
2149 2252 2417 2314 sequimur,
2438 2266 2538 2297 non
2574 2261 2686 2297 tan·

1663 2341 1766 2378 tum
1786 2331 1839 2377 in
1856 2330 2068 2395 legibus,
2087 2329 2173 2377 sed
2189 2329 2332 2376 etiam
2353 2329 2406 2376 in
2427 2329 2686 2377 sententiis

1663 2408 1901 2458 dicendis.
1922 2411 1981 2456 In
2000 2409 2166 2457 Pison.
2185 2430 2210 2449 ··
2229 2410 2321 2458 Cn.
2333 2411 2570 2473 Pompeio
2593 2426 2687 2457 an·

1664 2500 1797 2539 ctore
1815 2500 1865 2535 et
1889 2489 1994 2549 ejus
2013 2487 2263 2535 sententiae
2287 2488 2508 2552 principe
2526 2511 2569 2535 a.

1737 2568 1783 2614 8.
1812 2569 1871 2612 P.
1903 2564 2166 2613 Servilium.
2195 2564 2294 2627 Qui
2327 2565 2462 2629 quod
2490 2569 2687 2613 Isauros

1665 2643 1947 2705 domuerat,
1970 2644 2210 2691 Isauricus
2237 2642 2395 2691 dictus
2424 2657 2515 2693 est.
2540 2648 2689 2692 Sum-

1664 2739 1796 2771 mum
1830 2722 2048 2771 studium
2080 2721 2404 2786 impenderat,
2433 2735 2487 2770 ut
2511 2723 2567 2771 in
2593 2740 2688 2787 pa·

1655 2803 1793 2849 triam
1813 2802 1877 2849 ab
1894 2802 2066 2850 exsilio
2085 2802 2371 2851 Ciceronem
2397 2814 2652 2849 revocaret
2669 2837 2685 2859 ,

1655 2897 1800 2944 quem
1830 2882 2078 2929 absentem
2110 2896 2220 2928 cum
2254 2880 2455 2928 Metello
2482 2880 2686 2944 Nepote

1656 2959 1854 3008 consule
1873 2959 2067 3009 reduxit
2085 2960 2134 3006 in
2155 2958 2502 3022 gratiamNide
2513 2960 2684 3007 Valer.

1657 3040 1793 3087 Max.
1809 3040 1928 3086 VIII
1943 3073 1957 3095 ‚
1977 3039 2026 3087 6.

1729 3133 1783 3179 9.
1825 3119 1978 3164 Locus
2002 3114 2198 3163 dicendi
2232 3133 2296 3163 ac
2330 3127 2547 3179 potestas
2559 3115 2676 3173 suit.

1658 3197 1813 3243 Locus
1846 3196 1907 3243 de
1936 3197 2111 3242 Pisone
2148 3206 2198 3243 et
2235 3195 2450 3243 Gabinio
2486 3195 2678 3242 dicendi

1659 3275 1749 3323 fnit
1777 3309 1792 3333 ,
1839 3289 1991 3337 quum
2033 3290 2109 3321 res
2167 3273 2228 3322 de
2284 3290 2380 3337 qua
2422 3275 2682 3338 rogabatur

1658 3358 1958 3401 cum‘eornm
1981 3352 2159 3401 scelere
2194 3352 2285 3400 fuit
2327 3353 2495 3416 aliquo
2531 3353 2683 3401 modo

1657 3448 1897 3480 connexa.
1926 3434 2143 3478 Potestas
2169 3440 2331 3478 autem
2351 3432 2685 3494 quotiescum·

1660 3528 1757 3574 que
1778 3510 1838 3558 de
1865 3510 2081 3573 qnalibet
2104 3526 2156 3556 re
2174 3521 2374 3573 rogatus
2391 3519 2462 3557 est
2491 3520 2689 3557 senten-

1643 3589 1792 3637 tiam.
1833 3589 1993 3636 «Erat
2033 3590 2162 3636 enim
2207 3590 2288 3648 jus
2342 3590 2582 3649 senatori,
2624 3601 2686 3637 nt

1659 3668 1943 3716 sententiam
1960 3677 2153 3731 rogatus
2181 3666 2367 3715 diceret
2381 3678 2515 3727 ante,
2541 3667 2687 3730 quid·

1660 3746 1776 3811 qnid
1795 3746 1942 3794 vellet
1959 3746 2083 3793 alins
2101 3748 2198 3808 rei,
2214 3757 2262 3794 et
2287 3745 2454 3810 quoad
2472 3747 2621 3795 vellet
2636 3768 2684 3795 ι.

1660 3826 1851 3875 Atteius
1892 3826 2066 3889 Capito
2102 3826 2234 3890 apud
2274 3825 2402 3873 Gell.
2447 3825 2540 3873 lib.
2581 3828 2654 3873 lv
2669 3852 2706 3887 ‚-

1659 3922 1764 3969 cap.
1795 3920 1874 3954 ro.
1896 3904 2026 3953 Vide
2060 3904 2241 3952 ibidem
2277 3905 2557 3968 exemplum
2591 3907 2684 3953 Ca·

1658 3985 1786 4034 tonis
1806 3984 2049 4032 Uticensis
2062 4017 2077 4041 ,
2099 3985 2187 4047 qui
2202 3982 2452 4031 eximebat
2468 3983 2688 4031 dicendo

1658 4064 1802 4110 diem.
1824 4064 1949 4111 Cato
1975 4062 2252 4120 Censorius,
2271 4062 2684 4125 quotiescumque

1659 4141 1718 4188 dc
1766 4141 1861 4189 ulla
1901 4159 1952 4189 rs
2000 4140 2367 4197 consulebatur,
2409 4164 2433 4182 «ι
2452 4141 2688 4189 censebat
