<?xml version="1.0" encoding="UTF-8"?>
<!DOCTYPE html PUBLIC "-//W3C//DTD XHTML 1.0 Transitional//EN"
    "http://www.w3.org/TR/xhtml1/DTD/xhtml1-transitional.dtd">
<html xmlns="http://www.w3.org/1999/xhtml" xml:lang="en" lang="en">
 <head>
  <title>
</title>
<meta http-equiv="Content-Type" content="text/html;charset=utf-8" />
  <meta name='ocr-system' content='tesseract 3.04.00' />
  <meta name='ocr-capabilities' content='ocr_page ocr_carea ocr_par ocr_line ocrx_word'/>
</head>
<body>
  <div class='ocr_page' id='page_1' title='image "./mtciceronisquae06lemagoog_0523.png"; bbox 0 0 2994 4778; ppageno 0'>
   <div class='ocr_carea' id='block_1_1' title="bbox 554 433 2298 512">
    <p class='ocr_par' dir='ltr' id='par_1_1' title="bbox 554 433 2298 512">
     <span class='ocr_line' id='line_1_1' title="bbox 554 433 2298 512; baseline 0.006 -11"><span class='ocrx_word' id='word_1_1' title='bbox 554 433 938 502; x_wconf 86' lang='lat' dir='ltr'><strong>ORATIO</strong></span> <span class='ocrx_word' id='word_1_2' title='bbox 989 434 1190 501; x_wconf 86' lang='lat' dir='ltr'><strong>PRO</strong></span> <span class='ocrx_word' id='word_1_3' title='bbox 1239 436 1314 503; x_wconf 89' lang='lat' dir='ltr'><strong>T.</strong></span> <span class='ocrx_word' id='word_1_4' title='bbox 1359 436 1441 505; x_wconf 88' lang='lat' dir='ltr'><strong>A.</strong></span> <span class='ocrx_word' id='word_1_5' title='bbox 1490 437 1924 508; x_wconf 81' lang='lat' dir='ltr'><strong>MILONE.</strong></span> <span class='ocrx_word' id='word_1_6' title='bbox 2159 436 2298 512; x_wconf 65' lang='lat'><strong>513</strong></span> 
     </span>
    </p>
   </div>
   <div class='ocr_carea' id='block_1_2' title="bbox 170 551 2317 2626">
    <p class='ocr_par' dir='ltr' id='par_1_2' title="bbox 170 551 2313 2051">
     <span class='ocr_line' id='line_1_2' title="bbox 186 551 2302 653; baseline 0.006 -30"><span class='ocrx_word' id='word_1_7' title='bbox 186 578 337 651; x_wconf 90' lang='lat' dir='ltr'><strong>que</strong></span> <span class='ocrx_word' id='word_1_8' title='bbox 363 557 437 622; x_wconf 92' lang='lat' dir='ltr'><strong>in</strong></span> <span class='ocrx_word' id='word_1_9' title='bbox 469 551 886 625; x_wconf 79' lang='lat' dir='ltr'><strong>turbulenta</strong></span> <span class='ocrx_word' id='word_1_10' title='bbox 914 556 1305 638; x_wconf 83' lang='lat' dir='ltr'>concione,</span> <span class='ocrx_word' id='word_1_11' title='bbox 1342 580 1504 652; x_wconf 80' lang='lat' dir='ltr'><strong>quae</strong></span> <span class='ocrx_word' id='word_1_12' title='bbox 1540 568 1779 628; x_wconf 82' lang='lat' dir='ltr'><strong>tamen</strong></span> <span class='ocrx_word' id='word_1_13' title='bbox 1811 557 2027 653; x_wconf 87' lang='lat' dir='ltr'><strong>hujus</strong></span> <span class='ocrx_word' id='word_1_14' title='bbox 2057 579 2302 636; x_wconf 85' lang='lat' dir='ltr'><strong>aucto-</strong></span> 
     </span>
     <span class='ocr_line' id='line_1_3' title="bbox 180 662 2299 760; baseline 0.005 -27"><span class='ocrx_word' id='word_1_15' title='bbox 180 666 419 734; x_wconf 81' lang='lat' dir='ltr'><strong>ritate.</strong></span> <span class='ocrx_word' id='word_1_16' title='bbox 460 662 733 760; x_wconf 76' lang='lat' dir='ltr'><strong>placata</strong></span> <span class='ocrx_word' id='word_1_17' title='bbox 791 678 935 751; x_wconf 84' lang='lat' dir='ltr'><strong>est,</strong></span> <span class='ocrx_word' id='word_1_18' title='bbox 988 687 1138 734; x_wconf 86' lang='lat' dir='ltr'><strong>non</strong></span> <span class='ocrx_word' id='word_1_19' title='bbox 1200 664 1525 738; x_wconf 81' lang='lat' dir='ltr'><strong>libertate</strong></span> <span class='ocrx_word' id='word_1_20' title='bbox 1583 668 1851 756; x_wconf 90' lang='lat' dir='ltr'><strong>solum,</strong></span> <span class='ocrx_word' id='word_1_21' title='bbox 1905 667 2031 739; x_wconf 88' lang='lat' dir='ltr'><strong>sed</strong></span> <span class='ocrx_word' id='word_1_22' title='bbox 2088 675 2299 744; x_wconf 87' lang='lat' dir='ltr'><strong>etiam</strong></span> 
     </span>
     <span class='ocr_line' id='line_1_4' title="bbox 185 772 2302 873; baseline 0.005 -30"><span class='ocrx_word' id='word_1_23' title='bbox 185 772 532 844; x_wconf 88' lang='lat' dir='ltr'><strong>omnibus</strong></span> <span class='ocrx_word' id='word_1_24' title='bbox 573 775 878 870; x_wconf 79' lang='lat' dir='ltr'><strong>praemiis</strong></span> <span class='ocrx_word' id='word_1_25' title='bbox 913 772 1367 871; x_wconf 88' lang='lat' dir='ltr'><strong>dignissimos</strong></span> <span class='ocrx_word' id='word_1_26' title='bbox 1401 774 1661 863; x_wconf 80' lang='lat' dir='ltr'><strong>fuisse,</strong></span> <span class='ocrx_word' id='word_1_27' title='bbox 1704 781 1832 873; x_wconf 91' lang='lat' dir='ltr'><strong>qui</strong></span> <span class='ocrx_word' id='word_1_28' title='bbox 1869 775 2143 850; x_wconf 89' lang='lat' dir='ltr'><strong>domini</strong></span> <span class='ocrx_word' id='word_1_29' title='bbox 2185 805 2302 853; x_wconf 85' lang='lat' dir='ltr'><strong>ca-</strong></span> 
     </span>
     <span class='ocr_line' id='line_1_5' title="bbox 184 880 2302 983; baseline 0.004 -31"><span class='ocrx_word' id='word_1_30' title='bbox 184 896 330 981; x_wconf 90' lang='lat' dir='ltr'><strong>put</strong></span> <span class='ocrx_word' id='word_1_31' title='bbox 355 880 860 953; x_wconf 82' lang='lat' dir='ltr'><strong>defendissent.</strong></span> <span class='ocrx_word' id='word_1_32' title='bbox 897 882 1110 970; x_wconf 89' lang='lat' dir='ltr'><strong>Quod</strong></span> <span class='ocrx_word' id='word_1_33' title='bbox 1146 885 1336 954; x_wconf 92' lang='lat' dir='ltr'><strong>enim</strong></span> <span class='ocrx_word' id='word_1_34' title='bbox 1370 886 1740 981; x_wconf 86' lang='lat' dir='ltr'><strong>praemium</strong></span> <span class='ocrx_word' id='word_1_35' title='bbox 1769 886 1933 958; x_wconf 84' lang='lat' dir='ltr'><strong>satis</strong></span> <span class='ocrx_word' id='word_1_36' title='bbox 1967 911 2302 983; x_wconf 86' lang='lat' dir='ltr'><strong>magnum</strong></span> 
     </span>
     <span class='ocr_line' id='line_1_6' title="bbox 184 990 2305 1085; baseline 0.001 -21"><span class='ocrx_word' id='word_1_37' title='bbox 184 1006 299 1064; x_wconf 86' lang='lat' dir='ltr'><strong>est</strong></span> <span class='ocrx_word' id='word_1_38' title='bbox 353 1006 498 1063; x_wconf 85' lang='lat' dir='ltr'><strong>tam</strong></span> <span class='ocrx_word' id='word_1_39' title='bbox 542 991 933 1079; x_wconf 80' lang='lat' dir='ltr'><strong>benivolis,</strong></span> <span class='ocrx_word' id='word_1_40' title='bbox 986 1006 1129 1061; x_wconf 85' lang='lat' dir='ltr'><strong>tam</strong></span> <span class='ocrx_word' id='word_1_41' title='bbox 1171 990 1384 1064; x_wconf 91' lang='lat' dir='ltr'><strong>bonis</strong></span> <span class='ocrx_word' id='word_1_42' title='bbox 1402 998 1461 1080; x_wconf 69' lang='lat'><strong>4,</strong></span> <span class='ocrx_word' id='word_1_43' title='bbox 1500 1007 1647 1064; x_wconf 85' lang='lat' dir='ltr'><strong>tam</strong></span> <span class='ocrx_word' id='word_1_44' title='bbox 1685 991 2015 1065; x_wconf 85' lang='lat' dir='ltr'><strong>fidelibus</strong></span> <span class='ocrx_word' id='word_1_45' title='bbox 2050 1000 2305 1085; x_wconf 83' lang='lat' dir='ltr'><strong>servis,</strong></span> 
     </span>
     <span class='ocr_line' id='line_1_7' title="bbox 186 1097 2308 1200; baseline 0.002 -28"><span class='ocrx_word' id='word_1_46' title='bbox 186 1117 492 1200; x_wconf 85' lang='lat' dir='ltr'><strong>propter</strong></span> <span class='ocrx_word' id='word_1_47' title='bbox 540 1125 726 1199; x_wconf 91' lang='lat' dir='ltr'><strong>quos</strong></span> <span class='ocrx_word' id='word_1_48' title='bbox 774 1103 946 1171; x_wconf 84' lang='lat' dir='ltr'><strong>vivit</strong></span> <span class='ocrx_word' id='word_1_49' title='bbox 969 1097 1044 1169; x_wconf 77' lang='lat'><strong>⁵?</strong></span> <span class='ocrx_word' id='word_1_50' title='bbox 1079 1103 1226 1172; x_wconf 89' lang='lat' dir='ltr'><strong>Etsi</strong></span> <span class='ocrx_word' id='word_1_51' title='bbox 1277 1100 1351 1172; x_wconf 91' lang='lat' dir='ltr'><strong>id</strong></span> <span class='ocrx_word' id='word_1_52' title='bbox 1400 1102 1692 1200; x_wconf 91' lang='lat' dir='ltr'><strong>quidem</strong></span> <span class='ocrx_word' id='word_1_53' title='bbox 1745 1127 1895 1173; x_wconf 94' lang='lat' dir='ltr'><strong>non</strong></span> <span class='ocrx_word' id='word_1_54' title='bbox 1941 1107 2115 1174; x_wconf 88' lang='lat' dir='ltr'><strong>tanti</strong></span> <span class='ocrx_word' id='word_1_55' title='bbox 2158 1122 2266 1176; x_wconf 88' lang='lat' dir='ltr'><strong>est</strong></span> <span class='ocrx_word' id='word_1_56' title='bbox 2288 1160 2308 1191; x_wconf 91' lang='lat'><strong>,</strong></span> 
     </span>
     <span class='ocr_line' id='line_1_8' title="bbox 186 1210 2311 1309; baseline 0.002 -28"><span class='ocrx_word' id='word_1_57' title='bbox 186 1236 414 1308; x_wconf 85' lang='lat' dir='ltr'><strong>quam</strong></span> <span class='ocrx_word' id='word_1_58' title='bbox 451 1210 649 1308; x_wconf 89' lang='lat' dir='ltr'><strong>quod</strong></span> <span class='ocrx_word' id='word_1_59' title='bbox 695 1225 992 1309; x_wconf 84' lang='lat' dir='ltr'><strong>propter</strong></span> <span class='ocrx_word' id='word_1_60' title='bbox 1036 1211 1326 1282; x_wconf 88' lang='lat' dir='ltr'><strong>eosdem</strong></span> <span class='ocrx_word' id='word_1_61' title='bbox 1367 1236 1519 1283; x_wconf 90' lang='lat' dir='ltr'><strong>non</strong></span> <span class='ocrx_word' id='word_1_62' title='bbox 1568 1214 1915 1309; x_wconf 86' lang='lat' dir='ltr'><strong>sanguine</strong></span> <span class='ocrx_word' id='word_1_63' title='bbox 1956 1227 2030 1284; x_wconf 87' lang='lat' dir='ltr'><strong>et</strong></span> <span class='ocrx_word' id='word_1_64' title='bbox 2067 1215 2311 1285; x_wconf 87' lang='lat' dir='ltr'><strong>vulne-</strong></span> 
     </span>
     <span class='ocr_line' id='line_1_9' title="bbox 185 1318 2310 1419; baseline 0.002 -28"><span class='ocrx_word' id='word_1_65' title='bbox 185 1320 396 1392; x_wconf 85' lang='lat' dir='ltr'><strong>ribus</strong></span> <span class='ocrx_word' id='word_1_66' title='bbox 454 1322 601 1392; x_wconf 89' lang='lat' dir='ltr'><strong>suis</strong></span> <span class='ocrx_word' id='word_1_67' title='bbox 668 1321 1133 1392; x_wconf 81' lang='lat' dir='ltr'><strong>crudelissimi</strong></span> <span class='ocrx_word' id='word_1_68' title='bbox 1205 1322 1474 1392; x_wconf 88' lang='lat' dir='ltr'><strong>inimici</strong></span> <span class='ocrx_word' id='word_1_69' title='bbox 1533 1335 1844 1392; x_wconf 86' lang='lat' dir='ltr'><strong>mentem</strong></span> <span class='ocrx_word' id='word_1_70' title='bbox 1916 1318 2310 1419; x_wconf 78' lang='lat' dir='ltr'><strong>oculosque</strong></span> 
     </span>
     <span class='ocr_line' id='line_1_10' title="bbox 186 1430 2312 1522; baseline 0.001 -20"><span class='ocrx_word' id='word_1_71' title='bbox 186 1433 488 1502; x_wconf 82' lang='lat' dir='ltr'><strong>satiavit.</strong></span> <span class='ocrx_word' id='word_1_72' title='bbox 513 1435 713 1522; x_wconf 91' lang='lat' dir='ltr'><strong>Quos</strong></span> <span class='ocrx_word' id='word_1_73' title='bbox 740 1433 878 1500; x_wconf 89' lang='lat' dir='ltr'><strong>nisi</strong></span> <span class='ocrx_word' id='word_1_74' title='bbox 905 1431 1471 1519; x_wconf 80' lang='lat' dir='ltr'><strong>manumisisset,</strong></span> <span class='ocrx_word' id='word_1_75' title='bbox 1516 1434 1894 1502; x_wconf 82' lang='lat' dir='ltr'><strong>tormentis</strong></span> <span class='ocrx_word' id='word_1_76' title='bbox 1931 1434 2138 1504; x_wconf 84' lang='lat' dir='ltr'><strong>etiam</strong></span> <span class='ocrx_word' id='word_1_77' title='bbox 2185 1430 2312 1504; x_wconf 91' lang='lat' dir='ltr'><strong>de-</strong></span> 
     </span>
     <span class='ocr_line' id='line_1_11' title="bbox 186 1539 2312 1629; baseline 0 -17"><span class='ocrx_word' id='word_1_78' title='bbox 186 1540 412 1613; x_wconf 88' lang='lat' dir='ltr'><strong>dendi</strong></span> <span class='ocrx_word' id='word_1_79' title='bbox 459 1539 757 1610; x_wconf 86' lang='lat' dir='ltr'><strong>fuissent</strong></span> <span class='ocrx_word' id='word_1_80' title='bbox 786 1539 1664 1625; x_wconf 83' lang='lat' dir='ltr'><strong>conservatoresdomini,</strong></span> <span class='ocrx_word' id='word_1_81' title='bbox 1697 1540 1970 1611; x_wconf 87' lang='lat' dir='ltr'><strong>ultores</strong></span> <span class='ocrx_word' id='word_1_82' title='bbox 1997 1542 2312 1629; x_wconf 74' lang='lat' dir='ltr'><strong>sceleriS,</strong></span> 
     </span>
     <span class='ocr_line' id='line_1_12' title="bbox 187 1646 2312 1737; baseline -0 -15"><span class='ocrx_word' id='word_1_83' title='bbox 187 1648 608 1722; x_wconf 85' lang='lat' dir='ltr'><strong>defensores</strong></span> <span class='ocrx_word' id='word_1_84' title='bbox 639 1649 836 1720; x_wconf 86' lang='lat' dir='ltr'><strong>necis</strong></span> <span class='ocrx_word' id='word_1_85' title='bbox 850 1646 904 1718; x_wconf 81' lang='lat'><strong>⁶.</strong></span> <span class='ocrx_word' id='word_1_86' title='bbox 948 1650 1082 1719; x_wconf 88' lang='lat' dir='ltr'><strong>Hic</strong></span> <span class='ocrx_word' id='word_1_87' title='bbox 1116 1672 1291 1719; x_wconf 85' lang='lat' dir='ltr'><strong>vero</strong></span> <span class='ocrx_word' id='word_1_88' title='bbox 1326 1646 1506 1719; x_wconf 86' lang='lat' dir='ltr'><strong>nihil</strong></span> <span class='ocrx_word' id='word_1_89' title='bbox 1541 1648 1761 1720; x_wconf 87' lang='lat' dir='ltr'><strong>habet</strong></span> <span class='ocrx_word' id='word_1_90' title='bbox 1810 1652 1887 1719; x_wconf 91' lang='lat' dir='ltr'><strong>in</strong></span> <span class='ocrx_word' id='word_1_91' title='bbox 1918 1649 2029 1723; x_wconf 90' lang='lat' dir='ltr'><strong>his</strong></span> <span class='ocrx_word' id='word_1_92' title='bbox 2076 1653 2312 1737; x_wconf 86' lang='lat' dir='ltr'><strong>malis,</strong></span> 
     </span>
     <span class='ocr_line' id='line_1_13' title="bbox 189 1756 2313 1859; baseline -0 -28"><span class='ocrx_word' id='word_1_93' title='bbox 189 1759 440 1858; x_wconf 67' lang='lat' dir='ltr'><strong>quod?</strong></span> <span class='ocrx_word' id='word_1_94' title='bbox 486 1761 725 1830; x_wconf 88' lang='lat' dir='ltr'><strong>minus</strong></span> <span class='ocrx_word' id='word_1_95' title='bbox 764 1757 1068 1841; x_wconf 84' lang='lat' dir='ltr'><strong>moleste</strong></span> <span class='ocrx_word' id='word_1_96' title='bbox 1106 1756 1320 1843; x_wconf 79' lang='lat' dir='ltr'><strong>ferat,</strong></span> <span class='ocrx_word' id='word_1_97' title='bbox 1367 1784 1622 1855; x_wconf 85' lang='lat' dir='ltr'><strong>quam,</strong></span> <span class='ocrx_word' id='word_1_98' title='bbox 1662 1762 1935 1830; x_wconf 82' lang='lat' dir='ltr'><strong>etiamsi</strong></span> <span class='ocrx_word' id='word_1_99' title='bbox 1959 1760 2137 1857; x_wconf 90' lang='lat' dir='ltr'><strong>quid</strong></span> <span class='ocrx_word' id='word_1_100' title='bbox 2178 1764 2313 1859; x_wconf 82' lang='lat' dir='ltr'><strong>ipsi</strong></span> 
     </span>
     <span class='ocr_line' id='line_1_14' title="bbox 170 1865 2312 1967; baseline 0 -27"><span class='ocrx_word' id='word_1_101' title='bbox 170 1865 534 1955; x_wconf 42' lang='lat' dir='ltr'><strong>occidat&amp;</strong></span> <span class='ocrx_word' id='word_1_102' title='bbox 587 1892 739 1940; x_wconf 87' lang='lat' dir='ltr'><strong>esse</strong></span> <span class='ocrx_word' id='word_1_103' title='bbox 779 1882 1020 1938; x_wconf 83' lang='lat' dir='ltr'><strong>tamen</strong></span> <span class='ocrx_word' id='word_1_104' title='bbox 1076 1867 1214 1938; x_wconf 88' lang='lat' dir='ltr'><strong>illis</strong></span> <span class='ocrx_word' id='word_1_105' title='bbox 1255 1870 1588 1939; x_wconf 87' lang='lat' dir='ltr'><strong>meritum</strong></span> <span class='ocrx_word' id='word_1_106' title='bbox 1645 1871 2020 1965; x_wconf 82' lang='lat' dir='ltr'><strong>praemium</strong></span> <span class='ocrx_word' id='word_1_107' title='bbox 2062 1892 2312 1967; x_wconf 81' lang='lat' dir='ltr'><strong>perso-</strong></span> 
     </span>
     <span class='ocr_line' id='line_1_15' title="bbox 188 1981 455 2051; baseline -0.011 0"><span class='ocrx_word' id='word_1_108' title='bbox 188 1981 455 2051; x_wconf 89' lang='lat' dir='ltr'><strong>lutum.</strong></span> 
     </span>
    </p>

    <p class='ocr_par' dir='ltr' id='par_1_3' title="bbox 185 2087 2317 2626">
     <span class='ocr_line' id='line_1_16' title="bbox 286 2087 2314 2186; baseline -0 -25"><span class='ocrx_word' id='word_1_109' title='bbox 286 2088 431 2161; x_wconf 87' lang='lat' dir='ltr'><strong>Sed</strong></span> <span class='ocrx_word' id='word_1_110' title='bbox 459 2092 892 2185; x_wconf 69' lang='lat' dir='ltr'><strong>quaestiones</strong></span> <span class='ocrx_word' id='word_1_111' title='bbox 919 2100 1225 2186; x_wconf 57' lang='lat' dir='ltr'><strong>urgenti&gt;</strong></span> <span class='ocrx_word' id='word_1_112' title='bbox 1256 2087 1636 2169; x_wconf 84' lang='lat' dir='ltr'><strong>Milonem,</strong></span> <span class='ocrx_word' id='word_1_113' title='bbox 1665 2111 1828 2183; x_wconf 84' lang='lat' dir='ltr'><strong>quae</strong></span> <span class='ocrx_word' id='word_1_114' title='bbox 1859 2103 2029 2158; x_wconf 85' lang='lat' dir='ltr'><strong>sunt</strong></span> <span class='ocrx_word' id='word_1_115' title='bbox 2055 2089 2314 2160; x_wconf 67' lang='lat' dir='ltr'><strong>habitae</strong></span> 
     </span>
     <span class='ocr_line' id='line_1_17' title="bbox 186 2194 2317 2296; baseline 0 -28"><span class='ocrx_word' id='word_1_116' title='bbox 186 2222 392 2269; x_wconf 89' lang='lat' dir='ltr'><strong>nunc</strong></span> <span class='ocrx_word' id='word_1_117' title='bbox 420 2199 497 2267; x_wconf 91' lang='lat' dir='ltr'><strong>in</strong></span> <span class='ocrx_word' id='word_1_118' title='bbox 518 2199 702 2267; x_wconf 84' lang='lat' dir='ltr'><strong>atrio</strong></span> <span class='ocrx_word' id='word_1_119' title='bbox 734 2195 1132 2267; x_wconf 78' lang='lat' dir='ltr'><strong>Libertatis,</strong></span> <span class='ocrx_word' id='word_1_120' title='bbox 1168 2195 1623 2288; x_wconf 83' lang='lat' dir='ltr'><strong>Quibusnam</strong></span> <span class='ocrx_word' id='word_1_121' title='bbox 1652 2194 1742 2265; x_wconf 89' lang='lat' dir='ltr'><strong>de</strong></span> <span class='ocrx_word' id='word_1_122' title='bbox 1770 2199 2038 2268; x_wconf 81' lang='lat' dir='ltr'><strong>servis?</strong></span> <span class='ocrx_word' id='word_1_123' title='bbox 2069 2202 2317 2296; x_wconf 75' lang='lat' dir='ltr'><strong>rogas?</strong></span> 
     </span>
     <span class='ocr_line' id='line_1_18' title="bbox 189 2303 2316 2406; baseline 0.001 -30"><span class='ocrx_word' id='word_1_124' title='bbox 189 2306 285 2378; x_wconf 89' lang='lat' dir='ltr'><strong>de</strong></span> <span class='ocrx_word' id='word_1_125' title='bbox 324 2313 395 2377; x_wconf 90' lang='lat' dir='ltr'><strong>P.</strong></span> <span class='ocrx_word' id='word_1_126' title='bbox 444 2306 696 2377; x_wconf 89' lang='lat' dir='ltr'><strong>Clodii.</strong></span> <span class='ocrx_word' id='word_1_127' title='bbox 740 2308 917 2397; x_wconf 87' lang='lat' dir='ltr'><strong>Quis</strong></span> <span class='ocrx_word' id='word_1_128' title='bbox 968 2330 1090 2377; x_wconf 91' lang='lat' dir='ltr'><strong>eos</strong></span> <span class='ocrx_word' id='word_1_129' title='bbox 1133 2304 1560 2405; x_wconf 78' lang='lat' dir='ltr'><strong>postulavit?</strong></span> <span class='ocrx_word' id='word_1_130' title='bbox 1594 2303 1891 2404; x_wconf 86' lang='lat' dir='ltr'><strong>Appius.</strong></span> <span class='ocrx_word' id='word_1_131' title='bbox 1933 2306 2113 2396; x_wconf 88' lang='lat' dir='ltr'><strong>Quis</strong></span> <span class='ocrx_word' id='word_1_132' title='bbox 2146 2331 2316 2406; x_wconf 86' lang='lat' dir='ltr'><strong>pro·</strong></span> 
     </span>
     <span class='ocr_line' id='line_1_19' title="bbox 185 2414 2316 2516; baseline -0.001 -26"><span class='ocrx_word' id='word_1_133' title='bbox 185 2418 450 2490; x_wconf 81' lang='lat' dir='ltr'><strong>duxit?</strong></span> <span class='ocrx_word' id='word_1_134' title='bbox 500 2419 796 2516; x_wconf 89' lang='lat' dir='ltr'><strong>Appius.</strong></span> <span class='ocrx_word' id='word_1_135' title='bbox 853 2419 1110 2489; x_wconf 80' lang='lat' dir='ltr'><strong>Unde?</strong></span> <span class='ocrx_word' id='word_1_136' title='bbox 1170 2416 1260 2487; x_wconf 85' lang='lat' dir='ltr'><strong>ab</strong></span> <span class='ocrx_word' id='word_1_137' title='bbox 1318 2417 1656 2514; x_wconf 84' lang='lat' dir='ltr'><strong>Appio¹⁰.</strong></span> <span class='ocrx_word' id='word_1_138' title='bbox 1715 2416 1832 2484; x_wconf 91' lang='lat' dir='ltr'><strong>Dii</strong></span> <span class='ocrx_word' id='word_1_139' title='bbox 1878 2414 2085 2486; x_wconf 88' lang='lat' dir='ltr'><strong>boni!</strong></span> <span class='ocrx_word' id='word_1_140' title='bbox 2138 2420 2316 2513; x_wconf 88' lang='lat' dir='ltr'><strong>quid</strong></span> 
     </span>
     <span class='ocr_line' id='line_1_20' title="bbox 188 2519 2311 2626; baseline -0.001 -27"><span class='ocrx_word' id='word_1_141' title='bbox 188 2543 436 2626; x_wconf 88' lang='lat' dir='ltr'><strong>potest</strong></span> <span class='ocrx_word' id='word_1_142' title='bbox 485 2529 597 2625; x_wconf 87' lang='lat' dir='ltr'><strong>agi</strong></span> <span class='ocrx_word' id='word_1_143' title='bbox 650 2530 1006 2599; x_wconf 79' lang='lat' dir='ltr'><strong>severius?</strong></span> <span class='ocrx_word' id='word_1_144' title='bbox 1044 2532 1154 2598; x_wconf 89' lang='lat' dir='ltr'><strong>De</strong></span> <span class='ocrx_word' id='word_1_145' title='bbox 1199 2527 1415 2597; x_wconf 84' lang='lat' dir='ltr'><strong>servis</strong></span> <span class='ocrx_word' id='word_1_146' title='bbox 1462 2519 1660 2595; x_wconf 64' lang='lat' dir='ltr'><strong>nulla</strong></span> <span class='ocrx_word' id='word_1_147' title='bbox 1717 2527 2016 2621; x_wconf 84' lang='lat' dir='ltr'><strong>quaestio</strong></span> <span class='ocrx_word' id='word_1_148' title='bbox 2071 2540 2180 2596; x_wconf 89' lang='lat' dir='ltr'><strong>est</strong></span> <span class='ocrx_word' id='word_1_149' title='bbox 2238 2532 2311 2597; x_wconf 92' lang='lat' dir='ltr'><strong>in</strong></span> 
     </span>
    </p>
   </div>
   <div class='ocr_carea' id='block_1_3' title="bbox 185 2632 2314 2738">
    <p class='ocr_par' dir='ltr' id='par_1_4' title="bbox 185 2632 2314 2738">
     <span class='ocr_line' id='line_1_21' title="bbox 185 2632 2314 2738; baseline -0.002 -30"><span class='ocrx_word' id='word_1_150' title='bbox 185 2638 526 2709; x_wconf 89' lang='lat' dir='ltr'><strong>dominos</strong></span> <span class='ocrx_word' id='word_1_151' title='bbox 546 2690 565 2725; x_wconf 93' lang='lat'><strong>,</strong></span> <span class='ocrx_word' id='word_1_152' title='bbox 596 2638 734 2708; x_wconf 88' lang='lat' dir='ltr'><strong>nisi</strong></span> <span class='ocrx_word' id='word_1_153' title='bbox 754 2636 854 2738; x_wconf 33' lang='lat' dir='ltr'><strong>‘de</strong></span> <span class='ocrx_word' id='word_1_154' title='bbox 878 2638 1153 2710; x_wconf 88' lang='lat' dir='ltr'><strong>incestu</strong></span> <span class='ocrx_word' id='word_1_155' title='bbox 1175 2644 1268 2723; x_wconf 86' lang='lat'><strong>¹¹,</strong></span> <span class='ocrx_word' id='word_1_156' title='bbox 1306 2650 1389 2704; x_wconf 87' lang='lat' dir='ltr'><strong>ut</strong></span> <span class='ocrx_word' id='word_1_157' title='bbox 1415 2632 1551 2704; x_wconf 86' lang='lat' dir='ltr'><strong>fuit</strong></span> <span class='ocrx_word' id='word_1_158' title='bbox 1581 2635 1654 2702; x_wconf 91' lang='lat' dir='ltr'><strong>in</strong></span> <span class='ocrx_word' id='word_1_159' title='bbox 1685 2633 2041 2703; x_wconf 88' lang='lat' dir='ltr'><strong>Clodium.</strong></span> <span class='ocrx_word' id='word_1_160' title='bbox 2073 2638 2314 2704; x_wconf 85' lang='lat' dir='ltr'><strong>Proxi-</strong></span> 
     </span>
    </p>
   </div>
   <div class='ocr_carea' id='block_1_4' title="bbox 182 2893 1215 4223">
    <p class='ocr_par' dir='ltr' id='par_1_5' title="bbox 188 2893 1209 3042">
     <span class='ocr_line' id='line_1_22' title="bbox 261 2893 1209 2959; baseline -0.002 -15"><span class='ocrx_word' id='word_1_161' title='bbox 261 2907 317 2954; x_wconf 66' lang='grc'><strong>4.</strong></span> <span class='ocrx_word' id='word_1_162' title='bbox 334 2897 521 2946; x_wconf 80' lang='lat' dir='ltr'><strong>Weisk.</strong></span> <span class='ocrx_word' id='word_1_163' title='bbox 541 2897 645 2945; x_wconf 84' lang='lat' dir='ltr'><strong>sine</strong></span> <span class='ocrx_word' id='word_1_164' title='bbox 676 2911 813 2944; x_wconf 73' lang='lat' dir='ltr'><strong>musa</strong></span> <span class='ocrx_word' id='word_1_165' title='bbox 843 2893 1100 2959; x_wconf 78' lang='lat' dir='ltr'><strong>legendum</strong></span> <span class='ocrx_word' id='word_1_166' title='bbox 1120 2911 1209 2958; x_wconf 89' lang='lat' dir='ltr'><strong>pu·</strong></span> 
     </span>
     <span class='ocr_line' id='line_1_23' title="bbox 188 2975 578 3042; baseline -0.008 -16"><span class='ocrx_word' id='word_1_167' title='bbox 188 2987 266 3026; x_wconf 74' lang='lat' dir='ltr'><strong>tat</strong></span> <span class='ocrx_word' id='word_1_168' title='bbox 285 2989 388 3024; x_wconf 72' lang='lat' dir='ltr'><strong>eam</strong></span> <span class='ocrx_word' id='word_1_169' title='bbox 402 2975 578 3042; x_wconf 77' lang='lat' dir='ltr'><strong>probis.</strong></span> 
     </span>
    </p>

    <p class='ocr_par' dir='ltr' id='par_1_6' title="bbox 185 3053 1210 3201">
     <span class='ocr_line' id='line_1_24' title="bbox 269 3053 1210 3120; baseline -0.009 -14"><span class='ocrx_word' id='word_1_170' title='bbox 269 3059 321 3106; x_wconf 81' lang='lat'><strong>5.</strong></span> <span class='ocrx_word' id='word_1_171' title='bbox 374 3059 576 3120; x_wconf 80' lang='lat' dir='ltr'><strong>Propter</strong></span> <span class='ocrx_word' id='word_1_172' title='bbox 622 3070 742 3118; x_wconf 78' lang='lat' dir='ltr'><strong>quos</strong></span> <span class='ocrx_word' id='word_1_173' title='bbox 788 3053 927 3102; x_wconf 72' lang='lat' dir='ltr'><strong>vivit.</strong></span> <span class='ocrx_word' id='word_1_174' title='bbox 988 3055 1210 3115; x_wconf 79' lang='lat' dir='ltr'><strong>Quorum</strong></span> 
     </span>
     <span class='ocr_line' id='line_1_25' title="bbox 185 3131 847 3201; baseline -0.005 -17"><span class='ocrx_word' id='word_1_175' title='bbox 185 3150 345 3201; x_wconf 73' lang='lat' dir='ltr'><strong>opera</strong></span> <span class='ocrx_word' id='word_1_176' title='bbox 372 3146 419 3183; x_wconf 85' lang='lat' dir='ltr'><strong>et</strong></span> <span class='ocrx_word' id='word_1_177' title='bbox 443 3131 680 3182; x_wconf 76' lang='lat' dir='ltr'><strong>beneficio</strong></span> <span class='ocrx_word' id='word_1_178' title='bbox 706 3133 847 3181; x_wconf 77' lang='lat' dir='ltr'><strong>vivit.</strong></span> 
     </span>
    </p>

    <p class='ocr_par' dir='ltr' id='par_1_7' title="bbox 184 3208 1208 3436">
     <span class='ocr_line' id='line_1_26' title="bbox 262 3208 1208 3277; baseline -0.01 -14"><span class='ocrx_word' id='word_1_179' title='bbox 262 3217 316 3263; x_wconf 88' lang='grc'><strong>6.</strong></span> <span class='ocrx_word' id='word_1_180' title='bbox 350 3212 639 3277; x_wconf 71' lang='lat' dir='ltr'><strong>Defensores</strong></span> <span class='ocrx_word' id='word_1_181' title='bbox 670 3212 813 3261; x_wconf 74' lang='lat' dir='ltr'><strong>necis.</strong></span> <span class='ocrx_word' id='word_1_182' title='bbox 852 3211 952 3275; x_wconf 85' lang='lat' dir='ltr'><strong>Qui</strong></span> <span class='ocrx_word' id='word_1_183' title='bbox 978 3210 1078 3257; x_wconf 75' lang='lat' dir='ltr'><strong>vim</strong></span> <span class='ocrx_word' id='word_1_184' title='bbox 1109 3208 1208 3255; x_wconf 74' lang='lat' dir='ltr'><strong>Mi-</strong></span> 
     </span>
     <span class='ocr_line' id='line_1_27' title="bbox 184 3286 1206 3355; baseline -0.01 -14"><span class='ocrx_word' id='word_1_185' title='bbox 184 3294 295 3342; x_wconf 86' lang='lat' dir='ltr'><strong>loni</strong></span> <span class='ocrx_word' id='word_1_186' title='bbox 338 3293 664 3339; x_wconf 80' lang='lat' dir='ltr'><strong>imminentem</strong></span> <span class='ocrx_word' id='word_1_187' title='bbox 694 3289 1004 3355; x_wconf 75' lang='lat' dir='ltr'><strong>repnlerunt,</strong></span> <span class='ocrx_word' id='word_1_188' title='bbox 1050 3296 1099 3333; x_wconf 90' lang='lat' dir='ltr'><strong>et</strong></span> <span class='ocrx_word' id='word_1_189' title='bbox 1136 3286 1206 3332; x_wconf 81' lang='lat' dir='ltr'><strong>vi-</strong></span> 
     </span>
     <span class='ocr_line' id='line_1_28' title="bbox 188 3372 708 3436; baseline -0.006 -16"><span class='ocrx_word' id='word_1_190' title='bbox 188 3385 292 3420; x_wconf 73' lang='lat' dir='ltr'><strong>tum</strong></span> <span class='ocrx_word' id='word_1_191' title='bbox 320 3372 416 3436; x_wconf 87' lang='lat' dir='ltr'><strong>ipsi</strong></span> <span class='ocrx_word' id='word_1_192' title='bbox 442 3379 708 3419; x_wconf 72' lang='lat' dir='ltr'><strong>servarunt.</strong></span> 
     </span>
    </p>

    <p class='ocr_par' dir='ltr' id='par_1_8' title="bbox 182 3448 1208 3738">
     <span class='ocr_line' id='line_1_29' title="bbox 267 3448 1207 3512; baseline -0.014 -10"><span class='ocrx_word' id='word_1_193' title='bbox 267 3469 322 3512; x_wconf 82' lang='lat'><strong>7.</strong></span> <span class='ocrx_word' id='word_1_194' title='bbox 350 3451 536 3499; x_wconf 85' lang='lat' dir='ltr'><strong>Weisk.</strong></span> <span class='ocrx_word' id='word_1_195' title='bbox 570 3448 764 3512; x_wconf 77' lang='lat' dir='ltr'><strong>scripsit</strong></span> <span class='ocrx_word' id='word_1_196' title='bbox 796 3463 893 3512; x_wconf 82' lang='lat' dir='ltr'><strong>quo</strong></span> <span class='ocrx_word' id='word_1_197' title='bbox 920 3461 1005 3493; x_wconf 80' lang='lat' dir='ltr'><strong>sm</strong></span> <span class='ocrx_word' id='word_1_198' title='bbox 1033 3453 1207 3508; x_wconf 78' lang='lat' dir='ltr'><strong>sponte</strong></span> 
     </span>
     <span class='ocr_line' id='line_1_30' title="bbox 184 3521 1206 3596; baseline -0.013 -16"><span class='ocrx_word' id='word_1_199' title='bbox 184 3547 288 3596; x_wconf 78' lang='lat' dir='ltr'><strong>pto</strong></span> <span class='ocrx_word' id='word_1_200' title='bbox 316 3530 468 3594; x_wconf 76' lang='lat' dir='ltr'><strong>qnod.</strong></span> <span class='ocrx_word' id='word_1_201' title='bbox 500 3531 696 3575; x_wconf 76' lang='lat' dir='ltr'><strong>Factum</strong></span> <span class='ocrx_word' id='word_1_202' title='bbox 722 3526 860 3574; x_wconf 75' lang='lat' dir='ltr'><strong>mnle.</strong></span> <span class='ocrx_word' id='word_1_203' title='bbox 900 3524 1100 3572; x_wconf 80' lang='lat' dir='ltr'><strong>Rectius</strong></span> <span class='ocrx_word' id='word_1_204' title='bbox 1126 3521 1206 3568; x_wconf 81' lang='lat' dir='ltr'><strong>hic</strong></span> 
     </span>
     <span class='ocr_line' id='line_1_31' title="bbox 186 3599 1208 3677; baseline -0.014 -17"><span class='ocrx_word' id='word_1_205' title='bbox 186 3614 385 3659; x_wconf 78' lang='lat' dir='ltr'><strong>Ernest.</strong></span> <span class='ocrx_word' id='word_1_206' title='bbox 413 3606 610 3677; x_wconf 70' lang='grc' dir='ltr'><strong>μαίωσιν</strong></span> <span class='ocrx_word' id='word_1_207' title='bbox 634 3603 888 3670; x_wconf 71' lang='lat' dir='ltr'><strong>significet.</strong></span> <span class='ocrx_word' id='word_1_208' title='bbox 920 3605 1061 3652; x_wconf 84' lang='lat' dir='ltr'><strong>Certe</strong></span> <span class='ocrx_word' id='word_1_209' title='bbox 1084 3599 1208 3648; x_wconf 85' lang='lat' dir='ltr'><strong>nihil</strong></span> 
     </span>
     <span class='ocr_line' id='line_1_32' title="bbox 182 3687 666 3738; baseline -0.012 0"><span class='ocrx_word' id='word_1_210' title='bbox 182 3689 417 3738; x_wconf 66' lang='lat' dir='ltr'><strong>mus-vit.</strong></span> <span class='ocrx_word' id='word_1_211' title='bbox 444 3689 493 3737; x_wconf 80' lang='lat' dir='ltr'><strong>J.</strong></span> <span class='ocrx_word' id='word_1_212' title='bbox 516 3688 578 3735; x_wconf 75' lang='lat' dir='ltr'><strong>V.</strong></span> <span class='ocrx_word' id='word_1_213' title='bbox 609 3687 666 3733; x_wconf 86' lang='lat' dir='ltr'><strong>L.</strong></span> 
     </span>
    </p>

    <p class='ocr_par' dir='ltr' id='par_1_9' title="bbox 183 3762 1209 3976">
     <span class='ocr_line' id='line_1_33' title="bbox 265 3762 1207 3831; baseline -0.012 -15"><span class='ocrx_word' id='word_1_214' title='bbox 265 3771 318 3816; x_wconf 83' lang='lat'><strong>8.</strong></span> <span class='ocrx_word' id='word_1_215' title='bbox 342 3765 476 3831; x_wconf 77' lang='lat' dir='ltr'><strong>Quid</strong></span> <span class='ocrx_word' id='word_1_216' title='bbox 486 3765 579 3830; x_wconf 76' lang='lat' dir='ltr'><strong>ipsi</strong></span> <span class='ocrx_word' id='word_1_217' title='bbox 597 3764 807 3813; x_wconf 72' lang='lat' dir='ltr'><strong>occidat.</strong></span> <span class='ocrx_word' id='word_1_218' title='bbox 838 3762 1032 3809; x_wconf 75' lang='lat' dir='ltr'><strong>Etiamsi</strong></span> <span class='ocrx_word' id='word_1_219' title='bbox 1067 3773 1207 3807; x_wconf 75' lang='lat' dir='ltr'><strong>causa</strong></span> 
     </span>
     <span class='ocr_line' id='line_1_34' title="bbox 183 3837 1209 3903; baseline -0.014 -6"><span class='ocrx_word' id='word_1_220' title='bbox 183 3849 320 3897; x_wconf 70' lang='lat' dir='ltr'><strong>mele</strong></span> <span class='ocrx_word' id='word_1_221' title='bbox 355 3845 613 3903; x_wconf 79' lang='lat' dir='ltr'><strong>succedat,</strong></span> <span class='ocrx_word' id='word_1_222' title='bbox 652 3854 700 3890; x_wconf 88' lang='lat' dir='ltr'><strong>et</strong></span> <span class='ocrx_word' id='word_1_223' title='bbox 736 3842 800 3890; x_wconf 78' lang='lat' dir='ltr'><strong>sd</strong></span> <span class='ocrx_word' id='word_1_224' title='bbox 834 3852 1037 3888; x_wconf 85' lang='lat' dir='ltr'><strong>mortem</strong></span> <span class='ocrx_word' id='word_1_225' title='bbox 1083 3837 1209 3885; x_wconf 85' lang='lat' dir='ltr'><strong>Milo</strong></span> 
     </span>
     <span class='ocr_line' id='line_1_35' title="bbox 184 3926 561 3976; baseline -0.019 0"><span class='ocrx_word' id='word_1_226' title='bbox 184 3926 561 3976; x_wconf 80' lang='lat' dir='ltr'><strong>condemnetur.</strong></span> 
     </span>
    </p>

    <p class='ocr_par' dir='ltr' id='par_1_10' title="bbox 184 3999 1215 4223">
     <span class='ocr_line' id='line_1_36' title="bbox 265 3999 1212 4068; baseline -0.014 -14"><span class='ocrx_word' id='word_1_227' title='bbox 265 4022 319 4068; x_wconf 81' lang='lat'><strong>9.</strong></span> <span class='ocrx_word' id='word_1_228' title='bbox 360 4004 463 4052; x_wconf 80' lang='lat' dir='ltr'><strong>Sed</strong></span> <span class='ocrx_word' id='word_1_229' title='bbox 499 3999 788 4066; x_wconf 66' lang='lat' dir='ltr'><strong>questiones</strong></span> <span class='ocrx_word' id='word_1_230' title='bbox 817 4009 1008 4062; x_wconf 64' lang='lat' dir='ltr'><strong>urgent.</strong></span> <span class='ocrx_word' id='word_1_231' title='bbox 1045 3999 1212 4058; x_wconf 83' lang='lat' dir='ltr'><strong>Quum</strong></span> 
     </span>
     <span class='ocr_line' id='line_1_37' title="bbox 184 4071 1214 4133; baseline -0.017 0"><span class='ocrx_word' id='word_1_232' title='bbox 184 4095 498 4133; x_wconf 70' lang='lat' dir='ltr'><strong>aecus-tores</strong></span> <span class='ocrx_word' id='word_1_233' title='bbox 535 4078 736 4128; x_wconf 76' lang='lat' dir='ltr'><strong>Milonis</strong></span> <span class='ocrx_word' id='word_1_234' title='bbox 769 4088 816 4123; x_wconf 83' lang='lat' dir='ltr'><strong>et</strong></span> <span class='ocrx_word' id='word_1_235' title='bbox 851 4079 1037 4125; x_wconf 63' lang='lat' dir='ltr'><strong>Fausta</strong></span> <span class='ocrx_word' id='word_1_236' title='bbox 1076 4071 1214 4121; x_wconf 82' lang='lat' dir='ltr'><strong>fami-</strong></span> 
     </span>
     <span class='ocr_line' id='line_1_38' title="bbox 187 4155 1215 4223; baseline -0.005 -13"><span class='ocrx_word' id='word_1_237' title='bbox 187 4166 307 4211; x_wconf 80' lang='lat' dir='ltr'><strong>liam</strong></span> <span class='ocrx_word' id='word_1_238' title='bbox 365 4163 429 4209; x_wconf 82' lang='lat' dir='ltr'><strong>ad</strong></span> <span class='ocrx_word' id='word_1_239' title='bbox 482 4157 801 4223; x_wconf 70' lang='lat' dir='ltr'><strong>quoestionem</strong></span> <span class='ocrx_word' id='word_1_240' title='bbox 861 4155 1215 4220; x_wconf 73' lang='lat' dir='ltr'><strong>postulassent,</strong></span> 
     </span>
    </p>
   </div>
   <div class='ocr_carea' id='block_1_5' title="bbox 344 4253 932 4322">
    <p class='ocr_par' dir='ltr' id='par_1_11' title="bbox 344 4253 932 4322">
     <span class='ocr_line' id='line_1_39' title="bbox 344 4253 932 4322; baseline -0.014 -13"><span class='ocrx_word' id='word_1_241' title='bbox 344 4253 427 4318; x_wconf 76' lang='lat' dir='ltr'><strong>V,</strong></span> <span class='ocrx_word' id='word_1_242' title='bbox 486 4266 573 4310; x_wconf 68' lang='lat' dir='ltr'><strong>Cic.</strong></span> <span class='ocrx_word' id='word_1_243' title='bbox 596 4278 704 4322; x_wconf 76' lang='lat' dir='ltr'><strong>pars</strong></span> <span class='ocrx_word' id='word_1_244' title='bbox 726 4263 932 4306; x_wconf 71' lang='lat' dir='ltr'><strong>secunda.</strong></span> 
     </span>
    </p>
   </div>
   <div class='ocr_carea' id='block_1_6' title="bbox 1293 2893 2319 4219">
    <p class='ocr_par' dir='ltr' id='par_1_12' title="bbox 1293 2893 2314 3428">
     <span class='ocr_line' id='line_1_40' title="bbox 1296 2893 2308 2956; baseline -0.001 -14"><span class='ocrx_word' id='word_1_245' title='bbox 1296 2893 1420 2942; x_wconf 75' lang='lat' dir='ltr'><strong>Milo</strong></span> <span class='ocrx_word' id='word_1_246' title='bbox 1446 2903 1693 2940; x_wconf 82' lang='lat' dir='ltr'><strong>servorum</strong></span> <span class='ocrx_word' id='word_1_247' title='bbox 1715 2893 1988 2956; x_wconf 64' lang='lat' dir='ltr'><strong>praecipuos</strong></span> <span class='ocrx_word' id='word_1_248' title='bbox 2006 2893 2308 2953; x_wconf 74' lang='lat' dir='ltr'><strong>manumisit,</strong></span> 
     </span>
     <span class='ocr_line' id='line_1_41' title="bbox 1297 2970 2314 3036; baseline 0 -16"><span class='ocrx_word' id='word_1_249' title='bbox 1297 2988 1359 3020; x_wconf 87' lang='lat' dir='ltr'><strong>ne</strong></span> <span class='ocrx_word' id='word_1_250' title='bbox 1391 2972 1650 3036; x_wconf 67' lang='lat' dir='ltr'><strong>questioni</strong></span> <span class='ocrx_word' id='word_1_251' title='bbox 1685 2972 1756 3019; x_wconf 82' lang='lat' dir='ltr'><strong>illi</strong></span> <span class='ocrx_word' id='word_1_252' title='bbox 1792 2970 2112 3021; x_wconf 76' lang='lat' dir='ltr'><strong>traderentur.</strong></span> <span class='ocrx_word' id='word_1_253' title='bbox 2147 2974 2314 3034; x_wconf 74' lang='lat' dir='ltr'><strong>Quat-e</strong></span> 
     </span>
     <span class='ocr_line' id='line_1_42' title="bbox 1296 3048 2310 3115; baseline 0 -17"><span class='ocrx_word' id='word_1_254' title='bbox 1296 3051 1486 3115; x_wconf 82' lang='lat' dir='ltr'><strong>Appius</strong></span> <span class='ocrx_word' id='word_1_255' title='bbox 1502 3048 1727 3110; x_wconf 84' lang='lat' dir='ltr'><strong>Clodius,</strong></span> <span class='ocrx_word' id='word_1_256' title='bbox 1752 3063 1901 3110; x_wconf 88' lang='lat' dir='ltr'><strong>quum</strong></span> <span class='ocrx_word' id='word_1_257' title='bbox 1921 3050 2123 3097; x_wconf 81' lang='lat' dir='ltr'><strong>Milonis</strong></span> <span class='ocrx_word' id='word_1_258' title='bbox 2144 3065 2310 3098; x_wconf 77' lang='lat' dir='ltr'><strong>servos</strong></span> 
     </span>
     <span class='ocr_line' id='line_1_43' title="bbox 1297 3126 2312 3192; baseline 0.001 -16"><span class='ocrx_word' id='word_1_259' title='bbox 1297 3143 1397 3176; x_wconf 89' lang='lat' dir='ltr'><strong>non</strong></span> <span class='ocrx_word' id='word_1_260' title='bbox 1426 3129 1738 3191; x_wconf 72' lang='lat' dir='ltr'><strong>impetrasset,</strong></span> <span class='ocrx_word' id='word_1_261' title='bbox 1759 3127 1820 3175; x_wconf 87' lang='lat' dir='ltr'><strong>de</strong></span> <span class='ocrx_word' id='word_1_262' title='bbox 1835 3126 2000 3175; x_wconf 84' lang='lat' dir='ltr'><strong>Clodii</strong></span> <span class='ocrx_word' id='word_1_263' title='bbox 2020 3129 2169 3175; x_wconf 82' lang='lat' dir='ltr'><strong>servis</strong></span> <span class='ocrx_word' id='word_1_264' title='bbox 2180 3144 2312 3192; x_wconf 71' lang='lat' dir='ltr'><strong>qnie-</strong></span> 
     </span>
     <span class='ocr_line' id='line_1_44' title="bbox 1297 3206 2307 3270; baseline 0 -15"><span class='ocrx_word' id='word_1_265' title='bbox 1297 3209 1506 3256; x_wconf 85' lang='lat' dir='ltr'><strong>stionem</strong></span> <span class='ocrx_word' id='word_1_266' title='bbox 1520 3206 1706 3254; x_wconf 68' lang='lat' dir='ltr'><strong>habuit.</strong></span> <span class='ocrx_word' id='word_1_267' title='bbox 1718 3209 1941 3268; x_wconf 83' lang='lat' dir='ltr'><strong>Quorum</strong></span> <span class='ocrx_word' id='word_1_268' title='bbox 1961 3219 2188 3270; x_wconf 73' lang='lat' dir='ltr'><strong>responsa</strong></span> <span class='ocrx_word' id='word_1_269' title='bbox 2216 3209 2307 3255; x_wconf 80' lang='lat' dir='ltr'><strong>Mi-</strong></span> 
     </span>
     <span class='ocr_line' id='line_1_45' title="bbox 1293 3282 2308 3349; baseline 0 -15"><span class='ocrx_word' id='word_1_270' title='bbox 1293 3287 1455 3334; x_wconf 87' lang='lat' dir='ltr'><strong>lonem</strong></span> <span class='ocrx_word' id='word_1_271' title='bbox 1486 3285 1746 3349; x_wconf 75' lang='lat' dir='ltr'><strong>urgebant,</strong></span> <span class='ocrx_word' id='word_1_272' title='bbox 1773 3282 1824 3331; x_wconf 88' lang='lat' dir='ltr'><strong>id</strong></span> <span class='ocrx_word' id='word_1_273' title='bbox 1845 3295 1918 3332; x_wconf 87' lang='lat' dir='ltr'><strong>est</strong></span> <span class='ocrx_word' id='word_1_274' title='bbox 1938 3312 1954 3343; x_wconf 86' lang='lat'><strong><em>‚</em></strong></span> <span class='ocrx_word' id='word_1_275' title='bbox 1987 3298 2178 3332; x_wconf 70' lang='lat' dir='ltr'><strong>eausam</strong></span> <span class='ocrx_word' id='word_1_276' title='bbox 2204 3289 2308 3347; x_wconf 81' lang='lat' dir='ltr'><strong>ejus</strong></span> 
     </span>
     <span class='ocr_line' id='line_1_46' title="bbox 1293 3363 2141 3428; baseline -0.001 -14"><span class='ocrx_word' id='word_1_277' title='bbox 1293 3366 1451 3415; x_wconf 88' lang='lat' dir='ltr'><strong>multo</strong></span> <span class='ocrx_word' id='word_1_278' title='bbox 1476 3363 1802 3412; x_wconf 80' lang='lat' dir='ltr'><strong>difficiliorem</strong></span> <span class='ocrx_word' id='word_1_279' title='bbox 1829 3364 2141 3428; x_wconf 63' lang='lat' dir='ltr'><strong>prestabant.</strong></span> 
     </span>
    </p>

    <p class='ocr_par' dir='ltr' id='par_1_13' title="bbox 1295 3441 2309 4044">
     <span class='ocr_line' id='line_1_47' title="bbox 1371 3441 2307 3506; baseline 0 -14"><span class='ocrx_word' id='word_1_280' title='bbox 1371 3461 1451 3492; x_wconf 84' lang='grc' dir='ltr'><strong>ιο.</strong></span> <span class='ocrx_word' id='word_1_281' title='bbox 1499 3444 1577 3490; x_wconf 78' lang='lat' dir='ltr'><strong>Ab</strong></span> <span class='ocrx_word' id='word_1_282' title='bbox 1620 3441 1798 3506; x_wconf 73' lang='lat' dir='ltr'><strong>Appio.</strong></span> <span class='ocrx_word' id='word_1_283' title='bbox 1849 3442 1976 3489; x_wconf 79' lang='lat' dir='ltr'><strong>Hinc</strong></span> <span class='ocrx_word' id='word_1_284' title='bbox 2024 3444 2307 3506; x_wconf 66' lang='lat' dir='ltr'><strong>questionis</strong></span> 
     </span>
     <span class='ocr_line' id='line_1_48' title="bbox 1295 3522 2306 3586; baseline 0 -13"><span class='ocrx_word' id='word_1_285' title='bbox 1295 3524 1417 3573; x_wconf 78' lang='lat' dir='ltr'><strong>fides</strong></span> <span class='ocrx_word' id='word_1_286' title='bbox 1436 3522 1732 3583; x_wconf 78' lang='lat' dir='ltr'><strong>infirmatur,</strong></span> <span class='ocrx_word' id='word_1_287' title='bbox 1763 3522 1899 3586; x_wconf 84' lang='lat' dir='ltr'><strong>quod</strong></span> <span class='ocrx_word' id='word_1_288' title='bbox 1925 3533 1975 3571; x_wconf 89' lang='lat' dir='ltr'><strong>et</strong></span> <span class='ocrx_word' id='word_1_289' title='bbox 2005 3533 2164 3572; x_wconf 82' lang='lat' dir='ltr'><strong>esseut</strong></span> <span class='ocrx_word' id='word_1_290' title='bbox 2181 3525 2306 3573; x_wconf 76' lang='lat' dir='ltr'><strong>servi</strong></span> 
     </span>
     <span class='ocr_line' id='line_1_49' title="bbox 1296 3603 2307 3668; baseline 0.001 -16"><span class='ocrx_word' id='word_1_291' title='bbox 1296 3604 1488 3662; x_wconf 81' lang='lat' dir='ltr'><strong>Clodii,</strong></span> <span class='ocrx_word' id='word_1_292' title='bbox 1525 3615 1574 3652; x_wconf 83' lang='lat' dir='ltr'><strong>et</strong></span> <span class='ocrx_word' id='word_1_293' title='bbox 1595 3619 1622 3650; x_wconf 91' lang='lat' dir='ltr'><strong>e</strong></span> <span class='ocrx_word' id='word_1_294' title='bbox 1648 3603 1794 3650; x_wconf 86' lang='lat' dir='ltr'><strong>domo</strong></span> <span class='ocrx_word' id='word_1_295' title='bbox 1811 3605 2105 3650; x_wconf 74' lang='lat' dir='ltr'><strong>accusatoris</strong></span> <span class='ocrx_word' id='word_1_296' title='bbox 2123 3604 2307 3668; x_wconf 84' lang='lat' dir='ltr'><strong>produ-</strong></span> 
     </span>
     <span class='ocr_line' id='line_1_50' title="bbox 1296 3682 2306 3745; baseline -0.001 -14"><span class='ocrx_word' id='word_1_297' title='bbox 1296 3694 1549 3743; x_wconf 77' lang='lat' dir='ltr'><strong>cerentur,</strong></span> <span class='ocrx_word' id='word_1_298' title='bbox 1585 3692 1632 3729; x_wconf 89' lang='lat' dir='ltr'><strong>et</strong></span> <span class='ocrx_word' id='word_1_299' title='bbox 1668 3682 1774 3745; x_wconf 87' lang='lat' dir='ltr'><strong>ipse</strong></span> <span class='ocrx_word' id='word_1_300' title='bbox 1805 3692 2057 3740; x_wconf 74' lang='lat' dir='ltr'><strong>aecusator</strong></span> <span class='ocrx_word' id='word_1_301' title='bbox 2085 3684 2306 3744; x_wconf 62' lang='lat' dir='ltr'><strong>questio·</strong></span> 
     </span>
     <span class='ocr_line' id='line_1_51' title="bbox 1295 3757 2306 3810; baseline -0.004 0"><span class='ocrx_word' id='word_1_302' title='bbox 1295 3776 1404 3810; x_wconf 88' lang='lat' dir='ltr'><strong>nem</strong></span> <span class='ocrx_word' id='word_1_303' title='bbox 1428 3761 1645 3808; x_wconf 74' lang='lat' dir='ltr'><strong>haberet.</strong></span> <span class='ocrx_word' id='word_1_304' title='bbox 1668 3761 1898 3807; x_wconf 71' lang='lat' dir='ltr'><strong>Oratorio</strong></span> <span class='ocrx_word' id='word_1_305' title='bbox 1919 3771 2080 3807; x_wconf 73' lang='lat' dir='ltr'><strong>autem</strong></span> <span class='ocrx_word' id='word_1_306' title='bbox 2101 3757 2306 3807; x_wconf 74' lang='lat' dir='ltr'><strong>artificio</strong></span> 
     </span>
     <span class='ocr_line' id='line_1_52' title="bbox 1297 3837 2305 3903; baseline -0.004 -17"><span class='ocrx_word' id='word_1_307' title='bbox 1297 3855 1476 3886; x_wconf 84' lang='lat' dir='ltr'><strong>nomen</strong></span> <span class='ocrx_word' id='word_1_308' title='bbox 1517 3839 1670 3903; x_wconf 84' lang='lat' dir='ltr'><strong>Appii</strong></span> <span class='ocrx_word' id='word_1_309' title='bbox 1713 3837 1929 3885; x_wconf 80' lang='lat' dir='ltr'><strong>crebrius</strong></span> <span class='ocrx_word' id='word_1_310' title='bbox 1969 3837 2169 3902; x_wconf 82' lang='lat' dir='ltr'><strong>repetit,</strong></span> <span class='ocrx_word' id='word_1_311' title='bbox 2205 3853 2305 3901; x_wconf 83' lang='lat' dir='ltr'><strong>qno</strong></span> 
     </span>
     <span class='ocr_line' id='line_1_53' title="bbox 1298 3913 2309 3979; baseline -0.002 -15"><span class='ocrx_word' id='word_1_312' title='bbox 1298 3917 1468 3964; x_wconf 82' lang='lat' dir='ltr'><strong>melius</strong></span> <span class='ocrx_word' id='word_1_313' title='bbox 1484 3914 1782 3962; x_wconf 75' lang='lat' dir='ltr'><strong>audientium</strong></span> <span class='ocrx_word' id='word_1_314' title='bbox 1818 3915 1988 3962; x_wconf 72' lang='lat' dir='ltr'><strong>animis</strong></span> <span class='ocrx_word' id='word_1_315' title='bbox 2013 3913 2242 3979; x_wconf 63' lang='lat' dir='ltr'><strong>infigatur</strong></span> <span class='ocrx_word' id='word_1_316' title='bbox 2262 3928 2309 3962; x_wconf 67' lang='lat' dir='ltr'><strong>et</strong></span> 
     </span>
     <span class='ocr_line' id='line_1_54' title="bbox 1298 3997 1490 4044; baseline -0.016 0"><span class='ocrx_word' id='word_1_317' title='bbox 1298 3997 1490 4044; x_wconf 74' lang='lat' dir='ltr'><strong>haereat.</strong></span> 
     </span>
    </p>

    <p class='ocr_par' dir='ltr' id='par_1_14' title="bbox 1303 4071 2319 4219">
     <span class='ocr_line' id='line_1_55' title="bbox 1376 4071 2312 4128; baseline 0.001 -9"><span class='ocrx_word' id='word_1_318' title='bbox 1376 4088 1457 4121; x_wconf 75' lang='grc' dir='ltr'><strong>ιι.</strong></span> <span class='ocrx_word' id='word_1_319' title='bbox 1488 4072 1562 4119; x_wconf 82' lang='lat' dir='ltr'><strong>De</strong></span> <span class='ocrx_word' id='word_1_320' title='bbox 1598 4071 1797 4119; x_wconf 77' lang='lat' dir='ltr'><strong>incestu.</strong></span> <span class='ocrx_word' id='word_1_321' title='bbox 1835 4075 2050 4120; x_wconf 75' lang='lat' dir='ltr'><strong>Incestus</strong></span> <span class='ocrx_word' id='word_1_322' title='bbox 2087 4075 2312 4128; x_wconf 83' lang='lat' dir='ltr'><strong>nomine,</strong></span> 
     </span>
     <span class='ocr_line' id='line_1_56' title="bbox 1303 4151 2319 4219; baseline -0.005 -18"><span class='ocrx_word' id='word_1_323' title='bbox 1303 4163 1480 4219; x_wconf 74' lang='lat' dir='ltr'><strong>proeter</strong></span> <span class='ocrx_word' id='word_1_324' title='bbox 1520 4151 1829 4199; x_wconf 79' lang='lat' dir='ltr'><strong>concubitum</strong></span> <span class='ocrx_word' id='word_1_325' title='bbox 1859 4155 1970 4197; x_wconf 76' lang='lat' dir='ltr'><strong>enni</strong></span> <span class='ocrx_word' id='word_1_326' title='bbox 2001 4151 2286 4214; x_wconf 79' lang='lat' dir='ltr'><strong>propinquis</strong></span> <span class='ocrx_word' id='word_1_327' title='bbox 2305 4183 2319 4210; x_wconf 88' lang='lat'><strong>,</strong></span> 
     </span>
    </p>
   </div>
   <div class='ocr_carea' id='block_1_7' title="bbox 1996 4233 2081 4301">
    <p class='ocr_par' dir='ltr' id='par_1_15' title="bbox 1996 4233 2081 4301">
     <span class='ocr_line' id='line_1_57' title="bbox 1996 4233 2081 4301; baseline 0.024 -2"><span class='ocrx_word' id='word_1_328' title='bbox 1996 4233 2081 4301; x_wconf 76' lang='grc'><strong>33</strong></span> 
     </span>
    </p>
   </div>
  </div>
 </body>
</html>
