2994 4778
645 430 1021 499 ORATIO
1072 429 1274 500 PRO
1326 433 1403 499 L.
1449 434 1527 501 C.
1582 434 1938 502 BALBO.
2220 434 2360 509 333

240 565 565 622 recentes
627 551 1007 648 triumphi,
1045 554 1102 622 si
1150 576 1460 649 praesens
1516 553 1736 626 valuit
1783 554 2200 654 adspectus:
2245 586 2355 631 va-

241 662 383 732 leat
431 663 864 743 auctoritas,
906 661 1186 732 valeant
1221 687 1336 733 res
1389 679 1602 761 gestae
1628 718 1648 751 ,
1706 666 1936 736 valeat
1979 671 2356 755 memoria,

233 773 471 842 valeat
527 770 893 843 fortissimi
948 787 1022 843 et
1071 772 1435 843 clarissimi
1489 775 1622 843 viri
1673 800 1940 846 nomen
1991 792 2360 852 aeternum.

237 884 343 951 Sit
386 881 528 966 hoc
566 881 954 953 discrimen
1009 882 1197 952 inter
1239 884 1589 978 gratiosos
1627 886 1813 956 cives
1849 900 2066 984 atque
2103 887 2362 976 fortes,

238 1005 323 1059 ut
356 992 454 1062 illi
495 994 632 1063 vivi
666 990 999 1064 fruantur
1033 990 1294 1088 opibus
1332 994 1528 1080 suis;
1566 994 1868 1083 horum,
1914 999 2125 1068 etiam
2168 1024 2359 1070 mor-

235 1119 537 1175 tuorum
587 1104 703 1199 (si
748 1105 1127 1199 quisquam
1181 1101 1398 1196 hujus
1444 1105 1726 1201 imperii
1789 1104 2128 1177 defensor
2177 1114 2363 1180 mori

235 1229 482 1312 potest
510 1213 539 1308 )
564 1267 583 1298 ,
621 1214 811 1283 vivat
838 1213 1224 1283 auctoritas
1262 1214 1709 1285 immortalis.

332 1327 559 1395 XXII.
615 1321 858 1412 Quid?
917 1324 1044 1392 Cn.
1099 1326 1525 1423 Pompeius,
1585 1340 1810 1422 pater,
1857 1325 2076 1399 rebus
2124 1328 2369 1400 Italico

236 1432 436 1505 bello
465 1445 484 1477 ¹
516 1433 838 1504 maximis
865 1434 1116 1528 gestis,
1136 1436 1210 1503 P.
1237 1434 1536 1504 Caesium
1559 1488 1579 1521 ,
1603 1439 1919 1532 equitem
1955 1461 2362 1525 romanum,

238 1546 483 1615 virum
525 1542 802 1614 bonum
828 1595 847 1629 ,
885 1543 1014 1640 qui
1044 1543 1217 1612 vivit
1260 1546 1652 1633 Ravennae,
1698 1543 2049 1618 foederato
2096 1574 2186 1619 ex
2235 1573 2368 1646 po-

242 1654 462 1752 pu10,
511 1678 758 1725 nonne
794 1654 1075 1725 civitate
1113 1654 1453 1725 donavit?
1491 1655 1734 1745 Quid?
1770 1657 2160 1730 cohortes²
2189 1658 2368 1731 duas

247 1767 613 1836 universas
664 1764 1150 1836 Camertium?
1189 1763 1419 1860 quid?
1453 1765 2082 1851 Heracleensium³
2147 1768 2362 1868 legio-

244 1901 447 1963 nem,
498 1880 575 1947 P.
634 1878 967 1961 Crassus,
1022 1877 1132 1945 vir
1187 1875 1710 1973 amplissimus,
1767 1901 1850 1947 ex
1912 1902 1995 1950 ea
2047 1881 2368 1966 civitate,

243 2009 556 2083 quacum
610 2009 839 2083 prope
882 1985 1238 2082 singulare
1289 1983 1518 2056 foedus
1572 1985 1827 2082 Pyrrhi
1874 1987 2367 2085 temporibus,

246 2100 320 2167 C.
374 2094 701 2166 Fabricio
743 2094 1086 2180 consule,
1138 2095 1362 2164 ictum
1430 2094 1776 2192 putatur?
1825 2095 2063 2185 Quid?
2119 2099 2367 2169 Massi-

246 2203 542 2275 liensem
581 2205 987 2276 Aristonem
1025 2203 1261 2276 Sulla?
1297 2202 1525 2300 quid?
1566 2207 1907 2300 quoniam
1953 2205 2044 2277 de
2079 2206 2372 2278 Gadita-

250 2315 361 2384 nis
414 2316 763 2413 agimus4,
804 2313 994 2386 idem
1046 2313 1261 2384 heros
1314 2298 1579 2384 noxiem
1634 2313 2074 2387 Gaditanos?
2127 2318 2371 2410 Quid?

254 2426 359 2494 vir
418 2427 939 2513 sanctissimus,
978 2440 1052 2496 et
1108 2449 1392 2495 summa
1449 2424 1796 2522 religione
1847 2450 1927 2497 ac
1979 2428 2369 2516 modestia,

252 2535 337 2623 Q.
396 2535 730 2607 Metellus
791 2536 996 2618 Pius‘,
1035 2536 1124 2624 Q.
1185 2533 1483 2605 Fabium
1538 2538 2068 2630 Saguntinum?
2119 2539 2371 2627 Quid?

254 2644 398 2733 hic,
434 2647 566 2742 qui
603 2645 841 2743 adest,
887 2668 927 2715 a
969 2668 1120 2740 quo
1164 2643 1354 2729 haec,
1383 2669 1544 2741 quae
1577 2668 1710 2741 ego
1756 2669 1949 2715 nunc
1987 2669 2369 2741 percurrO,

250 2753 712 2826 subtiIissime
757 2768 927 2825 sunt
969 2748 1207 2824 omnia
1242 2752 1634 2852 perpolita,
1679 2757 1775 2823 M.
1829 2758 2159 2842 Crassus,
2219 2783 2369 2828 non

248 2862 816 2937 Aletrinensem⁵
840 2861 1272 2935 foederatum
1301 2865 1583 2934 civitate
1603 2863 1896 2935 donavit
1914 2919 1933 2951 ,
1964 2863 2188 2937 homo
2217 2882 2369 2938 tum

247 3056 513 3115 barbam,
547 3057 832 3123 abjectoque
856 3056 1080 3121 protinus
1101 3055 1263 3120 gladio
1352 3069 1459 3101 sum
1475 3087 1491 3112 ‚
1524 3052 1611 3102 sed
1646 3053 1829 3102 diversa
1873 3070 1948 3102 res
1964 3068 1979 3099 e
2009 3056 2207 3105 Crassus
2246 3057 2375 3107 enim

248 3153 340 3203 per
351 3136 487 3184 fores
500 3138 652 3202 erupit
664 3172 681 3196 ,
692 3137 790 3185 hoc
803 3135 959 3184 solum
979 3135 1264 3184 inclamans:
1353 3133 1744 3181 Heracleensinm
1761 3134 2018 3197 legionem,
2028 3150 2129 3183 non
2144 3136 2375 3187 cohortes

248 3219 367 3266 Non
393 3233 589 3281 poesnm
615 3219 671 3266 C.
696 3213 909 3265 Marium
932 3213 1156 3263 occidere
1172 3236 1217 3263 ιο.
1354 3213 1648 3263 Camertium
1684 3213 1877 3261 civitate
1918 3213 2121 3262 donavit
2157 3229 2171 3264 ε
2212 3216 2375 3281 itaque

316 3298 494 3345 1111.
524 3313 567 3344 1.
593 3297 751 3345 Rebus
771 3294 945 3343 Italico
966 3293 1088 3343 bello
1109 3292 1271 3341 maael'-
1356 3293 1536 3341 fnctum
1554 3293 1659 3353 ejus
1674 3291 1727 3339 in
1745 3291 1970 3340 donanda
1993 3292 2189 3342 civitate
2207 3295 2376 3345 distin-

251 3377 340 3427 au‘s
356 3375 528 3443 gestis.
555 3377 648 3425 Cu.
671 3374 929 3439 Pompeius
949 3371 1123 3423 Strabo
1137 3406 1154 3432 ,
1175 3374 1270 3422 Cn.
1357 3374 1522 3438 guitur
1537 3371 1600 3418 ab
1618 3371 1741 3420 aliis.

249 3456 473 3522 Pompeii
513 3455 684 3520 Magni
724 3465 877 3519 pater,
927 3452 1058 3501 bello
1099 3451 1272 3500 Italico
1429 3453 1483 3501 3.
1525 3454 1685 3500 Luem
1724 3448 1987 3500 admodum
2027 3452 2289 3502 mendosus
2322 3455 2376 3503 in

252 3536 421 3585 consul
438 3572 455 3598 ,
530 3534 753 3583 Picentes
805 3532 975 3597 praelio
1035 3532 1162 3581 fudit
1225 3542 1273 3579 et
1359 3547 1434 3596 pr.
1474 3529 1591 3578 edd.
1635 3529 1930 3579 Geritonius
1969 3545 2087 3578 vero
2104 3565 2121 3591 ,
2161 3532 2214 3580 in
2245 3533 2379 3584 culce

254 3615 466 3663 obsedit.
496 3616 705 3676 Propter
729 3628 874 3677 quam
894 3613 1147 3665 victoriam
1168 3612 1269 3659 Ro-
1359 3626 1583 3659 curnrum
1611 3610 1932 3659 secundarum
1954 3610 2018 3658 ad
2040 3611 2348 3662 Plancianum
2363 3648 2379 3673 ,

251 3710 341 3741 mae
379 3702 633 3759 pmtextae
677 3691 866 3755 aliaque
909 3690 1271 3755 magistratuum
1356 3690 1568 3741 restituit
1585 3706 1613 3738 ο
1633 3691 1758 3739 Μ88
1774 3724 1790 3749 ,
1817 3698 1871 3736 nt
1898 3688 1995 3748 nit,
2025 3691 2253 3754 optimis,
2278 3694 2378 3741 He·

158 3762 163 3775 ’
251 3784 535 3821 ornament·
576 3782 625 3820 et
661 3770 868 3835 insignia
914 3780 1105 3835 sumpta
1140 3779 1268 3817 snut.
1359 3769 1642 3819 radiorum
1664 3770 1897 3818 Alexam.
1923 3771 2054 3818 ΦΥ.
2078 3771 2131 3818 1..

249 3852 442 3900 Marsos
467 3852 573 3900 acie
598 3851 732 3898 vicit.
762 3849 1082 3898 Praenestinos
1106 3844 1158 3897 in
1184 3849 1272 3896 de·
1433 3856 1483 3903 Ι..
1512 3847 1728 3895 Omnino
1753 3846 1931 3895 dubins
1949 3846 2106 3896 locus.
2134 3851 2183 3898 J.
2200 3851 2266 3896 V.
2292 3851 2347 3897 1..

251 3930 493 3980 ditionem
509 3932 718 3996 accepit.
739 3929 968 3978 Vestinos
984 3940 1033 3977 et
1050 3928 1278 3993 Pelignus
1437 3926 1485 3973 5.
1515 3923 1883 3972 Alco-inensem.
1904 3926 2068 3987 Quum
2090 3936 2256 3973 orator
2271 3929 2386 3976 Ale·

251 4011 460 4059 omnino
487 4010 700 4074 subegit.
1365 4004 1446 4053 trii
1470 4001 1659 4050 incoln-
1676 4003 1969 4051 Aletrlnntes
1990 4002 2139 4067 vulgo
2167 4004 2313 4065 dicit,
2328 4007 2383 4054 J.

329 4105 378 4137 2.
421 4089 597 4154 Quid?
640 4082 871 4141 cohortes.
918 4086 1049 4136 lund
1083 4085 1148 4134 ad
1184 4086 1278 4134 Cn.
1365 4081 1722 4132 Gronovimex
1739 4080 1930 4146 aliquot
1948 4082 2074 4130 MSS
2091 4082 2178 4130 nbi
2193 4082 2387 4145 legitur,

253 4170 546 4234 Pompeium
574 4167 814 4232 pertinen
839 4166 924 4215 alii
949 4167 1015 4215 ad
1051 4168 1108 4215 Ρ.
1136 4165 1277 4214 Cres-
1368 4158 2112 4218 «Aveniensem,Avennensem‚
2129 4160 2391 4210 Avernien·
