2994 4778
633 454 765 528 582
1273 454 1368 522 M.
1419 454 1499 521 Τ.
1523 495 1530 498 Α
1551 453 2103 523 CICERONIS

628 581 750 662 sit,
790 589 876 646 ut
916 578 982 645 ei
1019 596 1269 670 pacem
1302 596 1457 644 esse
1493 572 1867 670 expediret
1883 571 1936 642 ³.
1982 570 2332 644 Profectio
2370 587 2569 644 certe
2604 577 2772 644 ani-

628 709 827 757 mum
867 699 1077 755 tuum
1109 708 1257 754 non
1305 680 1525 754 debet
1553 680 1950 754 offendere.
1996 687 2191 754 Num
2225 684 2442 777 igitur
2479 708 2773 755 reman-

630 798 783 868 sio?
817 794 1053 867 Multo
1097 794 1353 864 minus.
1400 796 1583 864 Nam
1623 791 1979 891 profectio
2018 793 2466 865 voluntatem
2508 793 2774 865 habuit

629 933 783 980 non
827 920 1115 1002 turpem
1136 905 1195 991 4,
1252 905 1613 974 remansio
1680 905 1893 974 etiarn
1967 904 2463 975 necessitatem
2537 903 2771 975 hone-

631 1012 868 1088 stam⁵.
896 1019 1084 1111 Ergo
1113 1011 1265 1083 haec
1288 1012 1437 1083 duo
1465 1026 1793 1110 tempora
1811 1011 1844 1057 ⁶
1882 1028 2135 1084 carent
2154 1014 2451 1083 crimine
2472 1039 2490 1082 ε
2512 1031 2774 1095 unum,

633 1148 860 1222 quum
906 1138 1013 1195 est
1056 1122 1330 1219 legatus
1366 1119 1775 1219 profectus;
1804 1122 2150 1215 alterum,
2189 1148 2465 1220 quum,
2508 1120 2777 1219 efflagi-

635 1250 825 1306 tatus
868 1259 909 1305 a
942 1234 1310 1331 provincia
1333 1287 1353 1319 ‚
1395 1234 1825 1330 praepositus
1858 1231 2113 1304 Africae
2153 1247 2282 1304 est.

730 1345 1052 1416 Tertium
1092 1355 1201 1414 est
1256 1357 1586 1439 tempuS‚
1641 1367 1792 1439 quo
1848 1357 2015 1441 post
2057 1341 2451 1414 adventum
2491 1343 2650 1412 Vari
2692 1343 2768 1410 in

636 1452 869 1526 Africa
904 1453 1184 1525 restitit.
1225 1449 1442 1541 Quod
1479 1456 1537 1524 si
1576 1466 1684 1523 est
1727 1454 2232 1541 criminosum,
2276 1452 2769 1524 necessitatis?

640 1568 908 1636 crimen
955 1578 1100 1649 est,
1137 1587 1289 1634 non
1324 1562 1738 1633 voluntatis,
1775 1567 1885 1633 An
1912 1562 2068 1648 ille,
2100 1569 2159 1634 si
2187 1565 2548 1661 potuisset
2577 1563 2772 1631 illinc

640 1674 796 1747 ullo
826 1674 1045 1746 modo
1079 1671 1419 1760 evadere,
1459 1673 1685 1744 Uticae
1720 1674 2005 1770 potius,
2037 1698 2253 1770 quam
2288 1679 2538 1744 Romae
2561 1699 2580 1759 ;
2606 1695 2768 1742 cum

639 1791 713 1857 P.
771 1786 1000 1873 Attio,
1052 1808 1273 1879 quam
1318 1807 1485 1854 cum
1539 1784 2119 1855 concordissimis
2173 1782 2558 1870 fratribus;
2607 1804 2770 1852 cum

641 1896 891 1967 alienis
945 1918 1139 1981 esse,
1181 1917 1400 1991 quam
1453 1918 1619 1963 cum
1673 1897 1823 1964 suis
1865 1893 2277 1966 maluisset?
2331 1896 2580 1983 Quum
2626 1893 2771 1989 ipsa

644 1997 953 2104 legatio⁸
1011 2004 1224 2103 plena
1273 2003 1604 2076 desiderii
1643 2028 1726 2074 ac
1768 2003 2266 2076 sollicitudinis
2307 2001 2568 2074 fuisset
2608 2025 2774 2100 pro·

643 2133 806 2215 pter
824 2113 1321 2190 incredibilem
1336 2112 1722 2210 quemdam
1745 2111 2042 2184 fratrum
2064 2137 2412 2199 amorem,
2430 2113 2554 2182 hic
2571 2134 2774 2207 aequo

645 2229 887 2297 animo
921 2251 1073 2298 esse
1112 2227 1350 2323 potuit
1381 2225 1553 2296 belli
1582 2223 1884 2295 discidio
1922 2224 2304 2295 distractus
2330 2248 2371 2294 a
2398 2220 2778 2293 fratribus?

745 2334 1043 2408 Nullum
1087 2335 1307 2433 igitur
1345 2333 1572 2435 habes
1588 2347 1644 2423 9,
1680 2337 1934 2424 Caesar,
1980 2333 2219 2407 adhuc
2257 2337 2331 2405 in
2368 2337 2460 2426 Q.
2503 2333 2776 2430 Ligario

647 2447 932 2543 signum
985 2444 1234 2514 alienae
1289 2469 1331 2514 a
1386 2458 1460 2515 te
1514 2443 1904 2516 voluntatis
1945 2446 2208 2539 :cujus
2256 2469 2395 2542 ego
2452 2467 2774 2524 causam,

647 2552 1173 2643 animadverte,
1200 2578 1476 2651 quaesQ
1506 2579 1650 2650 qua
1670 2550 1813 2624 fide
1840 2552 2221 2625 defendam
2239 2608 2259 2640 ‚
2287 2578 2522 2651 quum
2553 2551 2777 2652 prodo

652 2678 987 2737 meam10.
1045 2670 1111 2737 O
1156 2664 1611 2736 clementiam
1666 2662 2269 2751 admirabilem¹¹,
2316 2679 2544 2760 atque
2588 2662 2778 2732 omni

721 2845 775 2892 3.
823 2842 940 2889 Esse
981 2840 1244 2905 expediret.
1298 2841 1374 2889 Ex
1417 2840 1673 2905 praeteritla

650 2921 853 2969 omnino
877 2931 1042 2984 patet,
1072 2936 1168 2983 qua
1195 2919 1256 2967 de
1282 2935 1425 2968 eausa
1454 2920 1674 2983 Ligarius

649 3002 767 3049 belli
803 3000 960 3047 civilia
983 2999 1147 3048 studio
1173 3000 1327 3047 teneri
1352 2999 1491 3047 nullo
1519 2998 1673 3046 modo

651 3080 871 3128 debuerit
892 3113 908 3139 ,
952 3080 1038 3143 qui
1071 3079 1206 3143 pacis
1226 3078 1412 3126 artibus
1430 3080 1672 3126 sociorum

652 3169 702 3206 et
736 3160 1069 3206 Romanorum
1094 3160 1282 3205 animoa
1319 3158 1412 3205 sihi
1442 3155 1674 3206 concilia·

652 3248 803 3286 verat.

726 3321 776 3369 4.
814 3316 927 3363 Non
960 3327 1163 3379 turpem.
1196 3316 1320 3365 Nam
1351 3314 1489 3365 nullo
1523 3313 1674 3363 modo

655 3393 751 3440 fuit
775 3408 1004 3456 umquam
1033 3406 1202 3459 turpe,
1241 3395 1363 3443 velle
1387 3396 1595 3459 legatum
1619 3393 1674 3441 iu

656 3471 959 3536 provinciam
980 3471 1241 3534 proficisci.

729 3550 783 3597 5.
817 3549 1102 3598 Honestam.
1139 3553 1448 3598 Remaneerat
1474 3551 1528 3596 in
1556 3565 1676 3613 pro-

658 3628 820 3677 vincia
834 3659 850 3685 ‚
887 3641 990 3689 non
1024 3636 1200 3690 sponte
1227 3643 1310 3675 sua
1324 3661 1340 3685 ‚
1367 3628 1454 3676 aed
1476 3627 1678 3688 jubente

659 3706 897 3757 Considio
909 3739 925 3765 ‚
943 3715 992 3753 et
1010 3721 1159 3770 quum
1179 3720 1403 3754 recusans
1420 3706 1541 3754 nihil
1565 3722 1680 3769 pro·

659 3788 879 3848 fecissen
903 3796 1049 3849 atque
1071 3785 1330 3832 honestum
1353 3799 1468 3834 eane
1494 3785 1566 3834 illi
1587 3784 1682 3833 fuit

658 3865 876 3912 omnium
896 3864 1024 3912 votis
1044 3861 1308 3927 efflagitari.

730 3944 783 3990 6.
820 3944 945 3990 Haec
970 3943 1070 3991 duo
1095 3953 1328 4006 tempora.
1368 3943 1582 3992 Primum
1608 3954 1680 3991 eet

658 4038 759 4087 quo
800 4024 957 4070 Roma
994 4021 1244 4085 profectus
1277 4033 1380 4080 αις
1414 4022 1678 4072 seeundum

660 4102 832 4167 quoin
854 4100 1018 4147 Africa
1036 4101 1281 4148 remansit.

735 4197 781 4241 7.
814 4177 1143 4230 necessitatis.
1183 4179 1310 4244 Quia
1335 4181 1405 4228 sic
1432 4180 1563 4228 bello
1590 4180 1677 4228 de·

1758 2842 2024 2905 prehensus
2036 2852 2112 2890 eat
2123 2853 2173 2890 et
2190 2843 2553 2890 circumventus
2565 2877 2581 2902 ,
2603 2853 2660 2890 ut
2680 2850 2777 2888 tuto

1757 2937 1783 2968 a
1803 2920 2024 2984 partibus
2044 2920 2293 2969 discedere
2313 2922 2614 2984 nequiverit-

1832 3000 1881 3047 8.
1917 3001 2076 3062 Quum
2100 2999 2207 3063 ipsa
2235 2999 2441 3066 legatio.
2479 3001 2655 3060 Quum
2682 3013 2776 3045 mo·

1760 3077 1874 3125 leata
1889 3089 1936 3125 et
1953 3080 2165 3141 gravisei
2180 3079 2346 3127 fuisset
2359 3078 2509 3138 hujus
2524 3077 2778 3142 provincia.-

1759 3156 2110 3205 administratio
2126 3192 2141 3215 ,
2188 3158 2301 3220 quia
2345 3158 2554 3205 fratrum
2590 3171 2772 3204 suorum

1761 3250 2023 3299 congressu
2064 3247 2264 3284 caneret.
2324 3238 2446 3283 Tres
2488 3238 2645 3284 erant
2679 3250 2774 3282 cum

1760 3315 1950 3376 Quinto
1976 3315 2169 3379 Ligarii.

1833 3409 1887 3456 9.
1909 3393 2110 3442 Nullum
2122 3393 2277 3458 igitur
2292 3393 2461 3442 habes.
2475 3393 2778 3454 Coniunctim

1764 3473 1925 3521 verbis
1960 3473 2057 3520 iuis
2098 3472 2188 3520 tria
2235 3482 2460 3535 tempora
2507 3471 2778 3527 concludit,

1765 3551 1943 3614 quibua
1960 3550 2085 3599 nihil
2106 3566 2132 3597 a
2153 3551 2346 3613 Ligario
2363 3560 2536 3597 eontra
2555 3552 2780 3600 caesarem

1765 3629 1859 3678 fuit
1877 3630 2156 3678 admissum.

1845 3724 1928 3757 ιο.
1974 3708 2137 3755 Prode
2181 3724 2362 3755 meam.
2411 3708 2624 3757 Causam
2668 3707 2782 3755 enim

1765 3787 1971 3851 prodere
1989 3786 2160 3835 videor
2178 3786 2424 3852 propriam
2440 3821 2457 3843 ,
2482 3803 2640 3851 quum
2666 3789 2715 3835 iu
2736 3800 2782 3831 ea

1767 3865 2017 3913 voluntate
2044 3881 2122 3913 me
2150 3866 2297 3913 fuine
2321 3865 2498 3922 fateor,
2529 3881 2628 3927 qua
2655 3866 2783 3928 Liga-

1769 3944 1896 3992 rium
1919 3943 2066 3992 suisae
2084 3959 2232 4007 nego.
2629 3982 2634 3987 .

1843 4038 1864 4069 ι
1880 4039 1924 4072 1.
1983 4024 2027 4069 Ο
2066 4022 2367 4071 elementiam
2425 4020 2780 4070 adeuirabilm.

1767 4101 1904 4150 Nihil
1930 4112 2002 4149 eat
2028 4100 2325 4159 mirabilius,
2358 4117 2505 4164 quam
2530 4117 2687 4164 quum
2711 4099 2782 4149 Ci-

1767 4195 1880 4229 cero
1913 4192 2059 4244 negat
2087 4180 2328 4244 Ligarium
2360 4180 2532 4228 contra
2556 4181 2778 4230 Cea-rm
