2994 4778
659 371 792 471 ¹74
1242 442 1248 451 ,
1282 369 1381 438 Μ.
1429 371 1509 438 T.
1563 370 2146 442 mennoms

641 504 967 564 versetur
1017 491 1094 560 in
1145 487 1421 585 judicio
1446 544 1467 579 ,
1521 491 1860 587 requirat.
1913 494 2158 583 Quum
2207 490 2451 564 audiat
2491 492 2773 566 nullum

643 605 963 690 facinuS,
1006 599 1277 683 nullam
1332 600 1738 690 audaciam,
1788 602 2061 674 nullam
2109 604 2256 673 vim
2303 603 2378 673 in
2419 603 2773 698 judicium

640 713 922 801 vocari3
957 709 1086 782 sed
1122 710 1654 781 adolescentem
1693 710 1948 784 illustri
1983 709 2278 808 ingenio
2296 709 2353 801 ⁵,
2389 712 2775 799 industria,

640 823 904 921 gratia,
948 820 1265 891 accusari
1300 818 1392 890 ab
1437 819 1595 915 ejus
1631 819 1823 909 filio,
1864 844 2084 918 quem
2124 824 2280 921 ipse
2314 824 2391 892 in
2423 822 2777 975 jsudicium

642 947 718 1004 et
749 945 993 1019 vocet,
1029 944 1103 1001 et
1137 930 1445 1001 vocarit·
1429 936 1892 1057 ,oppugnari
1929 946 2170 1003 autem
2220 928 2474 1003 hunc⁶
2478 932 2774 1031 ·opibus

642 1043 1148 1127 meretriciis‘73
1203 1043 1510 1112 Atratini
1556 1040 1747 1113 illius
1796 1043 2136 1140 pietatem
2192 1067 2342 1113 non
2390 1042 2777 1140 reprehen-

645 1152 806 1243 dat,
843 1150 1274 1223 muliebrem
1308 1150 1682 1224 libidinem
1714 1151 2327 1251 comprimendam
2367 1168 2620 1251 putet;
2655 1179 2776 1225 vos

644 1256 1095 1336 laboriosos⁸
1134 1263 1491 1333 existimet
1517 1316 1538 1350 ,
1575 1262 1846 1360 quibus
1878 1265 2127 1335 otiosis
2165 1287 2258 1333 ne
2291 1266 2366 1333 in
2405 1267 2777 1335 communi

649 1373 945 1472 quidem
983 1373 1135 1444 otio
1169 1370 1381 1443 liceat
1417 1394 1589 1443 esse.
1624 1373 1909 1443 Etenim
1932 1425 1953 1460 ‚
1985 1373 2043 1443 si
2078 1370 2449 1442 attendere
2484 1370 2780 1468 diligen·

650 1500 783 1565 ter,
832 1497 1050 1580 atque
1088 1482 1490 1552 existimare
1526 1505 1694 1553 vere
1731 1480 1824 1553 de
1863 1481 2068 1553 omni
2110 1479 2246 1552 hac
2291 1505 2505 1552 causa
2538 1480 2779 1553 volue-

649 1595 834 1678 ritis»,
873 1593 973 1662 sic
1000 1591 1479 1676 constituetis,
1499 1589 1810 1686 judices,
1837 1614 1970 1663 nec
1991 1591 2508 1664 descensurum
2537 1616 2780 1690 quem-

649 1726 869 1800 quam
896 1699 986 1771 ad
1010 1699 1198 1797 hanc
1220 1702 1791 1773 accusationem9
1820 1702 2036 1773 fuisse
2054 1755 2074 1790 ,
2099 1703 2217 1772 cui
2234 1755 2254 1790 ,
2281 1715 2528 1772 utrum
2545 1701 2780 1788 vellet,

651 1813 942 1899 liceret;
981 1835 1155 1898 nec,
1196 1835 1427 1907 quum
1477 1809 2003 1899 descendisset,
2048 1810 2446 1909 quidquam
2495 1811 2779 1883 habitu-

651 1946 815 1994 rum
858 1923 1012 2020 spei
1052 1919 1270 1992 fuisse
1296 1974 1317 2009 ,
1360 1922 1499 1991 nisi
1532 1921 1916 2016 alicujus¹⁰
1962 1920 2403 1992 intolerabili
2439 1919 2778 2011 libidine,

653 2046 727 2103 et
781 2033 995 2101 nimis
1058 2028 1321 2101 acerbo
1376 2029 1547 2101 odio
1614 2031 1985 2102 niteretur.
2041 2029 2181 2101 Sed
2232 2055 2366 2128 ego
2414 2034 2780 2121 Ati-atine,

651 2142 1172 2213 humanissimo
1216 2155 1436 2238 atque
1480 2142 1757 2238 optimo
1802 2140 2280 2227 adolescenti,
2323 2164 2494 2213 meo
2531 2164 2783 2214 neces-

650 2254 871 2340 sario,
919 2255 1249 2349 ignosc0,
1293 2252 1422 2349 qui
1459 2250 1679 2323 habet
1714 2253 2256 2325 excusationem
2296 2250 2412 2322 vel
2456 2250 2782 2350 pietatis,

616 2362 767 2456 'vel
804 2363 1279 2450 necessitatiS,
1317 2360 1429 2434 vel
1470 2363 1712 2435 aetatis.
1765 2363 1838 2433 Si
1877 2361 2105 2448 voluit
2137 2384 2505 2450 accusare,
2537 2362 2784 2459 pietati

646 2471 896 2556 tribuo
918 2481 973 2516 ¹¹
1001 2499 1022 2560 3
1050 2473 1108 2544 si
1129 2473 1371 2567 jussus
1399 2487 1507 2543 est
1529 2525 1550 2560 ,
1580 2474 2019 2561 necessitati3
2055 2473 2113 2544 si
2141 2473 2452 2571 speravit
2477 2470 2785 2570 aliquid,

649 2668 878 2727 videbat,
900 2668 939 2715 si
968 2665 1377 2714 extraordinarius
1394 2683 1540 2714 nemo
1562 2684 1674 2716 rens
1832 2669 1880 2718 8.
1920 2670 2016 2716 Vos
2052 2665 2332 2717 labon‘osos.
2379 2669 2439 2717 Id
2474 2681 2583 2730 est,
2628 2671 2786 2720 multis

649 2748 926 2795 accessisset
942 2781 961 2808 ,
986 2744 1080 2793 sibi
1104 2760 1165 2793 eo
1196 2760 1326 2793 anno
1353 2761 1545 2793 eausam
1569 2762 1673 2794 esse
1757 2747 1992 2797 molestiis
2011 2748 2248 2797 exercitos
2265 2759 2316 2796 et
2332 2760 2552 2800 ventos.

653 2825 926 2876 dicendam.
1827 2845 1880 2893 9.
1912 2832 2289 2878 Ducentur-um.
2310 2863 2326 2879 .
2346 2865 2360 2877 .
2396 2831 2472 2877 ad
2490 2830 2625 2879 hane
2648 2847 2790 2879 oeen-

725 2907 778 2954 5.
814 2900 1001 2951 mauri
1030 2899 1245 2966 ingenio.
1292 2902 1445 2964 Cujus
1478 2902 1674 2966 cognitu
1760 2908 2020 2958 sationem.
2063 2909 2274 2957 Romani
2310 2910 2615 2958 honestiores
2656 2912 2790 2959 sole-

646 2987 746 3046 jam
772 2981 1046 3047 eloquentia
1073 2992 1176 3028 erat
1206 2997 1269 3028 ex
1296 2981 1601 3029 accusatione
1626 2992 1679 3031 et
1759 2985 1880 3035 bant
1909 2989 1959 3035 iu
1986 2987 2238 3036 montibus
2262 2988 2511 3049 habitare,
2546 2991 2681 3038 nude
2705 2990 2790 3037 de-

648 3061 1059 3113 condemnatione
1099 3061 1158 3109 C.
1197 3061 1434 3124 Antonii,
1478 3061 1677 3139 collega

650 3141 901 3194 Ciceronis
922 3141 975 3189 in
1002 3140 1271 3189 consulatu.

724 3224 774 3269 6.
797 3222 876 3270 Al.
903 3220 1085 3267 hubent
1100 3219 1192 3267 Ιιοσ
1208 3238 1228 3277 ,·
1253 3219 1316 3267 al.
1342 3236 1502 3284 neque
1523 3220 1675 3278 banc,

652 3315 809 3363 neque
829 3300 961 3346 illam
980 3314 1151 3347 vocem
1171 3310 1459 3362 agnoscunt.
1483 3301 1601 3354 LV.
1618 3301 1673 3364 1⁴·
1705 3323 1706 3326 ¹

654 3404 726 3415 --
745 3378 923 3425 Maluit
944 3378 1072 3425 hunc
1097 3379 1213 3424 Ern.
1235 3394 1297 3425 ex
1321 3378 1433 3426 edd.
1455 3379 1670 3441 Angelii,

655 3454 818 3517 Naug.
845 3456 1033 3503 eumer.
1071 3457 1127 3503 Ρ.
1153 3456 1346 3504 Manut-
1382 3472 1423 3504 s.
1464 3457 1677 3522 Grypbii

661 3534 888 3582 retinere.

728 3629 778 3674 7.
808 3611 987 3676 Opibus
1014 3611 1311 3659 meren-icus.
1338 3612 1560 3662 Clodiam
1589 3615 1675 3664 ‹le-

656 3692 833 3755 signnt,
847 3691 905 3740 Ρ.
921 3683 1084 3739 Clodii
1096 3705 1313 3739 sororem
1333 3704 1383 3741 et
1400 3694 1466 3754 Q.
1487 3695 1677 3746 Metelli

653 3770 835 3820 Celeris
861 3770 1091 3831 viduatu,
1120 3786 1230 3834 qno
1254 3769 1379 3819 banc
1407 3772 1566 3822 Coelio
1588 3791 1675 3824 se-

652 3851 952 3900 cusationem
981 3849 1241 3910 conflsnt,
1268 3863 1324 3899 ut
1353 3867 1489 3900 suam
1515 3854 1678 3903 vindi-

651 3939 785 3980 caret
803 3930 1045 3992 iniuriam.
1067 3931 1273 3980 Coelium
1289 3933 1418 3980 enim
1435 3933 1676 3983 illecebris
1751 3959 1754 3962 1

649 4021 873 4078 ‹tepet-⁸13
903 4010 988 4059 sed
1014 4027 1134 4058 mox
1165 4011 1309 4073 hujus
1330 4013 1469 4061 illum
1497 4016 1676 4080 puduit

650 4090 892 4150 inu-nim
910 4101 960 4140 et
976 4089 1135 4155 palm
1156 4104 1259 4138 eam
1282 4091 1504 4156 respuit„

1761 3066 2054 3115 “madebunt
2067 3067 2121 3114 in
2136 3067 2314 3125 sorum,
2328 3070 2531 3127 cni-isin,
2543 3084 2788 3133 eampum.

1762 3160 1873 3209 quae
1917 3145 2027 3194 locs
2076 3145 2127 3193 in
2171 3146 2380 3194 vallibus
2420 3148 2549 3194 inter
2599 3159 2790 3195 montes

1764 3223 2009 3287 patebant.
2051 3224 2132 3271 Sic
2175 3226 2407 3272 usitatum
2451 3224 2544 3272 suit
2590 3224 2751 3271 dicere
2773 3237 2789 3270 :

1765 3301 2054 3350 descendere
2087 3303 2142 3350 in
2183 3304 2374 3364 sorum,
2403 3304 2456 3350 in
2492 3315 2682 3362 rostra,
2713 3304 2796 3352 vel

1761 3383 1814 3429 in
1840 3381 1945 3428 aliis
1973 3381 2201 3439 urbibus,
2229 3382 2313 3430 nbi
2341 3383 2511 3430 similis
2533 3386 2660 3432 ratio
2688 3399 2796 3431 non

1760 3460 1971 3510 suberat.
1986 3462 2117 3510 Hinc
2133 3462 2276 3510 etiam
2292 3462 2438 3510 ducta
2449 3463 2576 3522 hac,
2595 3463 2798 3512 descen·

1762 3539 1876 3588 dere
1897 3538 1962 3588 sd
1976 3541 2354 3592 accusationem.

1838 3634 1920 3668 ιο.
1983 3619 2094 3667 Nisi
2148 3618 2378 3685 alicujus.
2428 3620 2512 3670 Ad
2565 3621 2799 3671 Clodiam

1760 3707 1946 3761 spectat
1963 3727 1981 3758 ,
2008 3713 2119 3761 qun
2143 3701 2310 3749 furens
2335 3712 2388 3750 et
2417 3701 2587 3752 rabida
2602 3736 2619 3762 ,
2649 3719 2707 3751 se
2733 3701 2800 3749 nd

1761 3776 2014 3825 libidinem
2031 3791 2166 3829 sunm
2176 3779 2363 3841 judicis
2382 3782 2630 3831 moderari
2648 3798 2803 3847 poue

1762 3856 2085 3906 existimabat.

1839 3949 1919 3985 ιι.
1942 3936 2125 3986 Pietati
2141 3938 2316 3988 en’buo.
2338 3941 2437 4003 Qui
2456 3950 2646 4004 putrem
2669 3942 2804 4005 peri-

1761 4015 1874 4062 culo
1900 4017 2107 4066 eximere
2138 4019 2309 4068 voluit.
2334 4045 2408 4058 -
2437 4020 2493 4071 ω’
2509 4021 2674 4086 jussus
2701 4034 2798 4072 esc.

1762 4094 1877 4143 Seii.
1896 4111 1924 4142 a
1942 4106 2093 4158 patre.
