2994 4778
572 413 716 483 270
1211 384 1307 451 Μ.
1362 385 1439 451 Τ.
1492 381 2066 459 CICERONIS

568 498 890 586 sus¹4,M.
931 500 1275 566 Scaurus:
1306 493 1520 566 aliine
1555 494 1865 564 inimici?
1892 516 2145 563 omnes
2179 489 2473 561 Metelli.
2503 494 2612 561 At
2649 490 2744 563 hi

568 637 723 683 non
757 606 974 680 modo
1005 605 1207 677 illum
1234 606 1603 674 inimicum
1625 629 1714 673 ex
1740 603 1967 675 Gallia
1994 602 2367 674 ‘sententiis
2384 603 2535 673 suis
2555 626 2739 673 uon

568 717 1081 804 detrahebant,
1114 714 1238 786 sed
1283 729 1356 784 et
1403 727 1699 811 propter
1735 713 2088 783 rationem
2126 711 2377 783 Gallici
2412 709 2600 783 belli
2636 709 2741 799 ¹⁵,

565 810 1016 929 provinciam
1065 841 1263 899 extra
1301 823 1630 894 ordinem
1675 818 2266 894 decernebantffi.
2307 821 2593 893 Bellum
2645 827 2743 893 in

571 940 798 1011 Gallia
846 938 1237 1008 maximum
1294 948 1577 1029 gestum
1624 947 1770 1019 est;
1815 931 2101 1002 domitae
2140 946 2310 1003 sunt
2345 956 2387 1001 a
2428 936 2740 1003 Caesare

571 1052 892 1122 maximae
921 1048 1250 1117 nationes
1268 1097 1287 1130 ,
1323 1042 1449 1114 sed
1476 1042 1806 1113 nondum
1836 1042 2152 1139 legibuS,
2180 1040 2515 1112 nondum
2536 1041 2736 1136 jure

568 1174 800 1243 cerm,
845 1154 1175 1228 nondum
1217 1157 1383 1225 satis
1418 1152 1628 1223 firma
1662 1177 1836 1250 pace
1875 1157 2258 1237 devinctae;
2302 1150 2576 1223 bellum
2609 1150 2732 1223 af·

568 1268 840 1343 fectum
889 1265 1316 1349 videmus¹⁷‚
1375 1277 1490 1348 et,
1547 1287 1713 1332 vere
1764 1276 1845 1332 ut
1892 1260 2163 1347 dicam,
2216 1287 2418 1359 paene
2454 1260 2728 1333 confe-

565 1394 816 1451 ctum:
856 1376 981 1448 sed
1019 1379 1156 1462 ita,
1204 1388 1322 1457 ut,
1358 1374 1417 1443 si
1455 1371 1647 1442 idem
1686 1387 2005 1443 extrema
2043 1374 2533 1469 persequitur,
2576 1371 2731 1469 qui

567 1487 969 1569 inchoavit,
1010 1485 1158 1578 jam
1196 1483 1437 1554 omnia
1485 1480 1806 1580 perfecta
1845 1480 2247 1568 videamus3
2284 1485 2344 1551 si
2381 1481 2730 1553 succedi·-

572 1616 720 1684 tur‚
771 1594 1170 1695 periculum
1214 1596 1338 1680 sit,
1388 1618 1482 1663 ne
1525 1595 1948 1687 instauratas
1992 1595 2279 1663 maximi
2325 1592 2496 1664 belli
2537 1593 2727 1664 reli-

572 1709 778 1805 quias
822 1730 904 1777 ac
948 1718 1327 1776 renovatas
1374 1701 1768 1775 audiamus.
1821 1709 2010 1800 Ergo
2060 1729 2194 1800 ego
2235 1719 2527 1775 senator
2570 1703 2728 1777 ini-

577 1818 840 1902 micus»,
881 1816 940 1886 si
978 1818 1075 1885 ita
1118 1815 1368 1902 vultiS,
1409 1815 1726 1901 homini,
1762 1818 2032 1885 amicus
2069 1839 2260 1901 esse,
2301 1815 2488 1884 sicut
2521 1838 2724 1883 sem·

573 1950 706 2024 per
743 1922 887 2011 fui,
928 1922 1342 2020 reipublicae
1388 1921 1644 1994 debeo.
1684 1923 1932 2012 Quid?
1974 1928 2033 1995 si
2069 1927 2257 2021 ipsas
2296 1925 2724 1994 inimicitias

576 2034 867 2132 depono
920 2032 1334 2131 reipublicae
1386 2057 1638 2123 causa,
1693 2036 1857 2130 quis
1901 2059 2023 2105 me
2067 2033 2363 2106 tandem
2398 2035 2559 2128 jure
2597 2058 2722 2105 re·

577 2283 674 2332 fide
688 2281 972 2345 justitiaque
993 2280 1208 2328 discessit
1221 2315 1236 2337 ‚
1254 2280 1339 2343 qui
1358 2279 1599 2344 optimum

576 2374 627 2412 et
649 2360 982 2426 gravissimum
1010 2360 1195 2423 civem,
1223 2362 1361 2422 cnjus
1387 2359 1598 2423 legatus,

578 2453 626 2491 et
665 2458 694 2489 a
731 2456 831 2504 quo
868 2440 1039 2488 missus
1079 2449 1236 2500 esset,
1275 2440 1325 2486 in
1364 2439 1598 2487 invidiam

580 2522 700 2570 salso
727 2519 928 2566 crimine
959 2518 1233 2568 adduxerit.
1272 2521 1388 2582 Quo
1421 2520 1600 2567 scelere

578 2600 795 2648 omnium
815 2598 868 2645 in
888 2615 938 2644 se
962 2598 1271 2645 Metellorum
1299 2596 1467 2646 odium
1489 2615 1601 2646 eon-

579 2679 746 2727 citavit
765 2711 781 2738 ‚
854 2677 982 2725 idem
1038 2677 1342 2724 consulatum
1395 2676 1601 2740 adeptus

577 2770 790 2807 atrocem
810 2756 984 2804 habuit
1000 2767 1168 2803 contra
1190 2754 1380 2802 nobiles
1403 2756 1602 2802 concio·

580 2853 691 2885 nem
707 2870 724 2895 ,
751 2851 896 2899 quam
924 2833 1113 2881 videbis
1141 2832 1273 2897 apud
1298 2832 1598 2885 Sallustium.

581 2915 711 2962 Hine
731 2914 784 2962 in
809 2930 921 2961 eum
944 2913 1165 2960 universa
1189 2928 1345 2978 prope
1371 2911 1603 2962 nobilitas

582 2994 775 3044 exarsit.

657 3083 736 3131 14.
788 3074 846 3120 L.
898 3070 1113 3124 Crassus.
1149 3069 1337 3124 Paucos
1372 3088 1399 3118 e
1433 3070 1601 3119 multis

581 3153 746 3217 elegit,
774 3167 982 3218 quorum
999 3154 1057 3201 L.
1080 3151 1282 3202 Crassus
1300 3151 1603 3214 eloquentia,

580 3234 654 3280 Μ.
678 3229 905 3279 AEmilius
929 3231 1136 3277 Scaurus
1158 3232 1470 3284 auctoritate.
1494 3230 1606 3277 Me·

580 3310 684 3358 telli
710 3310 902 3357 familia
921 3308 1240 3372 amplitudine
1264 3308 1403 3357 facile
1422 3309 1605 3373 prima·

579 3389 876 3437 obtinerent.
910 3388 983 3434 De
1012 3386 1168 3434 Crassi
1193 3386 1468 3450 eloquentia
1490 3385 1604 3451 ,ple-

572 3483 671 3528 nus
706 3475 779 3512 est
820 3467 1001 3512 Brutus
1020 3499 1036 3525 ,
1078 3463 1212 3528 pleni
1255 3474 1350 3510 tres
1388 3464 1506 3510 libri
1544 3463 1605 3511 de

580 3547 801 3593 Oratore.
851 3544 928 3589 De
975 3542 1071 3589 boc
1120 3540 1289 3590 eodem
1339 3552 1387 3589 et
1438 3543 1606 3590 Scauri

562 3624 865 3672 tauctoritate
882 3619 1130 3673 Valerius,
1151 3618 1239 3665 lib.
1257 3619 1383 3666 vm
1392 3655 1406 3677 ,
1419 3636 1528 3684 cap.
1554 3619 1604 3680 5,

577 3701 805 3751 Aurelius
819 3699 1009 3747 Victor.
1025 3721 1049 3742 κ
1066 3699 1275 3753 Scaurus
1292 3715 1438 3745 senex
1450 3715 1603 3763 quum

577 3781 759 3830 avario
781 3778 978 3828 tribuno
997 3775 1153 3842 plebis
1171 3789 1451 3843 argueretur
1466 3780 1604 3843 quasi

580 3861 741 3907 socios
766 3860 828 3907 ad
845 3867 979 3906 arma·
995 3858 1259 3921 coegisset,
1281 3856 1343 3904 ad
1361 3858 1604 3922 populum
1635 3853 1636 3856 Ἴ

580 3939 645 3986 ait
683 3953 696 3985 ε
751 3937 928 3984 Varius
985 3935 1300 3986 Sucronensis
1326 3938 1330 3942 '
1355 3938 1602 3985 AEmilium

576 4018 812 4088 'Scaurum
831 4015 897 4062 ait
912 4050 926 4073 ,
948 4015 1108 4062 socios
1127 4014 1189 4063 ad
1209 4032 1337 4063 arma
1357 4015 1599 4082 coegisse:

583 4098 789 4145 Scaurus
816 4106 985 4161 negat;
1006 4095 1102 4142 utri
1118 4096 1283 4158 potius
1303 4094 1602 4143 credendum

1685 2281 1903 2345 putatis?
1928 2304 1953 2324 κ
1992 2285 2146 2331 Tanta
2183 2284 2474 2332 anctoritate
2516 2284 2689 2348 potuit
2707 2320 2724 2343 ,

1685 2371 1740 2408 nt
1771 2361 1862 2409 hac
1890 2378 1985 2410 uua
2015 2379 2136 2410 voce
2161 2365 2436 2413 accusatori
2464 2363 2725 2416 silentium

1686 2440 1934 2490 indixerit.
1970 2445 2045 2490 De
2071 2444 2387 2493 Metellorum
2415 2445 2600 2492 familia
2627 2461 2723 2494 no·

1689 2521 1888 2569 tandum
1908 2522 2031 2571 illud
2056 2541 2119 2571 ex
2138 2524 2326 2572 Velleio
2345 2539 2360 2572 :
2387 2546 2412 2566 a
2429 2528 2571 2572 Intra
2592 2524 2725 2573 duo-

1688 2596 1845 2646 decim
1875 2601 1971 2648 sere
2004 2618 2157 2649 annos
2187 2602 2414 2650 consules
2439 2604 2578 2654 fuere
2605 2606 2720 2651 Me·

1687 2678 1790 2726 telli
1806 2715 1820 2739 ,
1849 2692 1936 2728 ant
1961 2697 2184 2729 censores
2200 2715 2215 2740 ,
2243 2693 2325 2729 aut
2348 2683 2723 2746 triumpharunt

1686 2758 1893 2822 amplius
1919 2760 2179 2808 duodecim
2200 2783 2244 2808 n.
2519 2803 2522 2806 ,

1768 2839 1847 2885 15.
1863 2839 1963 2887 Sed
1978 2851 2028 2887 ec
2045 2852 2250 2905 propter
2272 2839 2512 2887 rationem
2536 2840 2728 2889 Gallici

1687 2914 1816 2964 belli.
1842 2917 1950 2965 Hoc
1969 2928 2065 2975 est,
2096 2917 2344 2966 Cimbrici.
2372 2918 2620 2966 Gallicum
2643 2919 2723 2966 di-

1689 2993 1758 3042 cit
1800 3006 1998 3055 orator,
2047 2996 2161 3060 qnia
2205 3008 2375 3044 contra
2412 2996 2640 3045 Cimbms
2664 3009 2720 3045 et

1688 3074 1930 3121 Teutones
1949 3075 1999 3121 in
2016 3074 2170 3122 Gallia
2188 3076 2401 3141 primum
2419 3087 2606 3140 gestum
2623 3086 2720 3131 est,

1689 3169 1980 3217 quamquam
2016 3165 2183 3218 postea
2216 3154 2406 3204 flexerit
2429 3155 2481 3201 in
2509 3155 2715 3204 Italiam.

1690 3233 1774 3279 Al.
1801 3243 1971 3282 contra
1997 3233 2249 3283 Ciceronis
2273 3234 2526 3283 consilinm
2566 3250 2717 3298 repo-

1690 3322 1813 3358 nunt
1835 3310 2072 3359 Cimbrici.

1765 3390 1852 3439 ιθ.
1893 3391 2056 3438 Extra
2100 3389 2319 3438 ordinem
2369 3390 2716 3440 decernebant.

1679 3457 1845 3530 ¹Quod
1873 3469 1916 3515 ei
1944 3469 2227 3516 nominatim
2262 3468 2542 3517 mandatum
2569 3470 2723 3519 fuerit

1689 3545 1873 3593 bellum
1916 3547 2213 3600 Citnbricnm
2255 3547 2305 3594 in
2342 3548 2499 3600 Gallia
2541 3566 2718 3613 geren-

1692 3625 1839 3686 dum,
1885 3643 2037 3691 quum
2083 3626 2143 3676 de
2188 3644 2326 3676 more
2365 3627 2592 3674 consules
2632 3627 2720 3676 alii

1689 3704 1966 3769 provincias
2007 3707 2309 3765 sortirentur,
2357 3718 2443 3754 ant
2486 3708 2620 3754 inter
2666 3723 2724 3753 se

1677 3779 1682 3786 ’
1695 3796 2043 3847 compararent.

1768 3878 1848 3922 17.
1899 3860 2154 3927 Affectum
2199 3861 2438 3910 videmus.
2495 3863 2557 3911 Id
2605 3874 2680 3911 est
2703 3898 2720 3922 ,

1688 3956 1845 4004 prope
1869 3940 1967 4001 jam
2002 3939 2064 3987 ad
2094 3939 2278 3986 exitum
2311 3942 2624 4005 perductum.
2648 3969 2720 3977 —

1693 4015 2003 4081 Confectum,
2032 4017 2256 4068 hostibus
2283 4018 2484 4067 domitis
2510 4031 2562 4068 et
2596 4020 2725 4069 sub-

1689 4094 1825 4142 actis.
