2994 4778
534 417 920 485 ORATIO
969 420 1172 488 RRO
1223 421 1322 487 M.
1375 420 1964 491 MARCELLO.
2172 420 2310 493 563

173 560 436 608 rerum
488 537 927 607 existimator
948 547 1032 621 ¹⁰,
1082 540 1209 634 qui
1266 536 1552 610 dubitet
1572 592 1591 624 ,
1636 562 1796 635 quae
1851 544 2138 615 Caesaris
2190 570 2312 616 vo-

174 645 562 717 luntasde
597 644 790 716 bello
840 644 1099 734 fuerit,
1147 673 1377 745 quum
1415 651 1607 744 pacis
1652 664 1981 721 auctores
2019 676 2309 725 conser-

173 756 464 827 vandos
489 757 735 826 statim
774 759 1173 841 censuerit,
1217 758 1472 827 ceteris
1510 755 1725 829 fuerit
1770 760 2037 829 iratior.
2074 768 2310 858 Atque

177 866 268 937 id-
302 869 544 937 minus
591 868 852 935 mirum
905 863 1204 937 fortasse
1245 880 1439 949 tum,
1479 891 1706 962 quum
1758 882 1943 937 esset
1997 870 2310 943 incertus

178 977 459 1061 exitus,
497 990 571 1045 et
615 998 875 1071 auceps
914 973 1204 1046 fortuna
1236 974 1458 1047 belli:
1490 978 1617 1073 qui
1656 1002 1826 1047 vero
1859 981 2086 1050 victor
2117 984 2311 1078 pacis

178 1102 518 1156 auctores
552 1083 818 1180 diligit,
851 1086 909 1155 is
946 1083 1274 1182 profecto
1317 1084 1664 1174 declarat,
1698 1110 1774 1157 se
1804 1087 2131 1160 maluisse
2162 1116 2309 1161 non

181 1194 569 1279 dimicare,
608 1218 828 1290 quam
863 1198 1170 1267 vincere.

286 1310 405 1374 VI.
445 1310 679 1401 Atque
710 1304 926 1399 hujus
953 1305 1246 1401 quidem
1276 1307 1377 1375 rei
1404 1310 1504 1375 Μ.
1536 1306 1873 1377 Marcello
1904 1332 2063 1378 sum
2091 1313 2311 1381 testiS.

181 1416 434 1484 Nostri
470 1415 662 1484 enim
698 1438 985 1502 sensuS,
1013 1430 1096 1485 ut
1133 1415 1208 1484 iu
1240 1438 1414 1512 pace
1442 1440 1761 1513 semper,
1788 1419 1889 1488 sic
1914 1433 2067 1488 tum
2099 1422 2309 1490 etiam

181 1525 266 1592 in
308 1522 506 1594 bello
547 1521 1067 1619 congruebant.
1120 1524 1424 1614 Quoties
1473 1548 1609 1619 ego
1662 1550 1865 1609 eum,
1922 1541 1995 1597 et
2036 1544 2312 1623 quanto

181 1658 358 1704 cum
396 1633 647 1704 dolore
677 1631 856 1720 vidi,
886 1656 1110 1729 quum
1142 1632 1595 1703 insolentiam
1625 1645 1641 1675 ¹
1687 1649 2051 1705 certorum
2088 1636 2316 1706 homi·-

183 1768 404 1828 num,
458 1757 615 1812 tum
662 1744 873 1813 etiam
918 1742 1139 1839 ipsius
1194 1743 1505 1812 victoriae
1541 1740 1984 1815 ferocitatem
2021 1748 2318 1816 extime-

180 1853 555 1924 scentem?
588 1856 754 1943 Quo
780 1852 1045 1949 gratior
1076 1867 1198 1923 tua
1226 1850 1639 1937 liberalitas,
1673 1857 1749 1924 C.
1786 1857 2037 1939 Caesar,
2071 1854 2314 1939 nobis,

179 1966 318 2059 qui
361 1961 483 2033 illa
519 1961 870 2049 vidimus,
913 1960 1130 2032 debet
1188 1985 1360 2032 esse.
1398 1964 1561 2033 Non
1600 1964 1789 2031 enim
1827 1962 2021 2055 jam²
2079 1987 2306 2035 causae

180 2086 364 2142 sunt
413 2073 606 2141 inter
652 2095 764 2155 se,
814 2071 938 2141 sed
993 2071 1305 2140 victoriae
1357 2069 1857 2167 comparandae
1874 2066 1926 2139 ³.
1985 2072 2316 2144 Vidimus

180 2197 388 2252 tuam
433 2181 805 2251 victoriam
856 2181 1262 2278 praeliorum
1314 2178 1569 2251 exitu⁴
1619 2181 2314 2280 terminatam;,gla-

179 2290 390 2361 dium
426 2292 679 2386 vagina
706 2314 1011 2361 vacuum
1045 2291 1117 2377 in
1148 2288 1329 2360 urbe
1366 2312 1514 2359 non
1542 2287 1882 2381 ,vidimus
1919 2294 2122 2381 Quos
2146 2294 2316 2362 ami-

181 2403 415 2472 simus
449 2402 670 2486 civeS,
697 2425 820 2471 eos
852 2401 1100 2471 Martis
1124 2401 1230 2470 vis
1256 2400 1599 2497 perculit,
1635 2424 1782 2468 non
1815 2401 1920 2472 ira
1946 2404 2261 2473 victoriae
2295 2431 2311 2472 ε

179 2524 270 2580 ut
309 2506 635 2580 dubitare
689 2509 948 2581 debeat
993 2534 1209 2580 nemo
1232 2562 1252 2596 ,
1289 2511 1465 2605 quin
1506 2508 1812 2595 multos,
1847 2511 1908 2580 si
1942 2508 2099 2581 fieri
2143 2533 2314 2607 pos-

179 2634 333 2702 set,
379 2622 455 2689 C.
494 2624 724 2692 Caesar
749 2619 840 2690 ab
872 2618 1116 2691 inferis
1153 2621 1530 2705 excitaret,
1565 2619 1910 2715 quoniam
1944 2644 2032 2691 ex
2059 2618 2311 2691 eadem

179 2729 342 2802 acie
369 2744 776 2815 conservat,
804 2753 987 2824 quos
1023 2743 1279 2826 potest.
1310 2728 1624 2800 Alterius
1655 2752 1825 2799 vero
1856 2731 2099 2825 parti3‚
2128 2727 2312 2798 nihil

179 2839 499 2936 amplius
548 2839 816 2925 dicam,
869 2864 1090 2936 quam
1135 2838 1246 2925 id,
1293 2839 1491 2935 quod
1549 2862 1798 2910 omnes
1849 2838 2309 2922 verebamur,

176 3099 355 3150 amicis
372 3099 852 3164 enmnppeliantibm
875 3099 1203 3164 proditorem,
1293 3114 1417 3162 opus
1444 3109 1517 3145 est
1547 3108 1602 3145 ut
1637 3113 1800 3146 etum
1835 3099 1964 3146 inter
2003 3116 2054 3148 se
2089 3099 2308 3152 confera-
2360 3105 2365 3112 '

178 3190 232 3228 et
261 3178 451 3242 gladios
476 3179 820 3238 educentibus,
846 3179 937 3227 uisi
962 3181 1086 3230 Cato
1113 3179 1204 3227 ob·
1289 3193 1426 3236 mus,
1454 3191 1657 3240 quarum
1674 3187 1782 3224 utra
1800 3178 1971 3226 melior
1990 3189 2142 3241 estet,
2171 3178 2304 3230 diffi-

175 3259 359 3305 sintom
382 3259 468 3305 vix
484 3274 594 3307 eum
619 3258 895 3323 eripuisuen
920 3268 969 3306 et
987 3276 1015 3306 e
1037 3256 1202 3305 casu-is
1290 3255 1392 3303 cilo.
1421 3265 1523 3304 erat
1554 3254 1797 3316 iudicat-03
1835 3254 2020 3304 sufficit
2053 3258 2308 3323 utrimque

178 3335 510 3385 mustulioeet
528 3358 570 3385 n.
1289 3334 1439 3398 partin
1479 3335 1532 3381 in
1563 3334 1765 3381 victoria
1802 3336 1927 3384 ratio
1942 3369 1959 3396 ,
1994 3352 2147 3400 quum
2186 3337 2310 3387 alter

262 3430 343 3463 io.
369 3414 712 3463 Existimant.
746 3415 828 3464 Al.
853 3414 1129 3463 animator.
1289 3412 1390 3461 dux
1414 3411 1641 3460 omnibus
1664 3414 2099 3477 pepercerit,'tlter
2118 3418 2169 3464 in
2193 3418 2314 3482 ipso

252 3496 343 3542 VI.
381 3510 426 3543 ι.
467 3495 622 3557 Quum
660 3493 988 3542 insolentiam.
1015 3495 1205 3542 Durum
1286 3491 1418 3539 bello
1451 3490 1664 3540 crudeli·
1701 3493 1922 3542 victoria
1962 3506 2144 3544 metum
2184 3497 2304 3558 inje-

174 3572 442 3635 imperium
484 3589 543 3620 ac
581 3584 788 3622 terrores
828 3574 877 3622 iu
929 3572 1080 3622 bello.
1126 3575 1199 3622 De
1289 3572 1422 3620 ecrit.

173 3652 276 3699 hnc
324 3661 564 3699 certorum
608 3652 862 3700 hominum
909 3652 1163 3726 insoleqtia
1182 3690 1195 3712 ,
1356 3659 1405 3707 4.
1425 3650 1709 3699 Praeliorum
1734 3651 1884 3699 exim.
1907 3655 2128 3702 Incertus
2148 3670 2295 3718 paue-

175 3728 297 3777 vide
320 3729 627 3779 Plutarchum
645 3731 698 3780 iu
722 3734 894 3797 Pomp.
919 3744 969 3782 et
991 3732 1112 3781 Caen.
1138 3732 1198 3781 do
1285 3730 1462 3793 gyrim
1502 3731 1810 3780 Constantini
1852 3732 1984 3781 hunc
2012 3733 2176 3782 locum
2201 3750 2303 3798 prae

175 3807 303 3857 Bell.
322 3808 425 3858 Civ.
446 3811 537 3857 111.
552 3836 621 3846 —
639 3810 969 3858 Fer-ocientem.
987 3812 1201 3858 Prosci-i·
1289 3808 1443 3855 oculis
1476 3809 1672 3857 videtur
1701 3809 1924 3859 habuisse
1957 3828 1971 3859 ε
2017 3833 2044 3854 α
2066 3812 2306 3860 Comun-

175 3887 406 3950 ρῑίοιια,
428 3887 586 3936 cades
608 3899 720 3951 pon
742 3889 1013 3937 victoriam.
1288 3885 1419 3933 tinus
1462 3886 1679 3934 victorin
1719 3888 1962 3937 licentiam
2006 3887 2103 3937 fine
2145 3891 2300 3955 prelii

253 3968 314 4014 a.
331 3965 463 4014 Male
499 3966 710 4015 deletum
743 3967 857 4030 jam
900 3984 928 4014 a
971 3969 1166 4016 Groevio
1187 4000 1201 4023 ‚
1295 3964 1593 4024 ωπιιῖυινίῑς
1618 3965 1809 4029 gladios
1834 3984 1896 4015 ne
1921 3968 1974 4014 in
2002 3983 2169 4017 eorum
2196 3971 2304 4034 qui-

174 4055 349 4092 monet
377 4046 545 4095 Garat.
566 4046 630 4093 ad
657 4043 873 4109 Philipp.
895 4048 969 4104 11,
996 4047 1085 4109 37.
1295 4043 1404 4090 dem
1453 4044 1684 4108 sanguine
1722 4044 1943 4109 distringi
1987 4063 2153 4111 passus
2198 4061 2305 4106 est,

253 4120 305 4171 3.
365 4123 599 4172 Victorioe
655 4123 1022 4187 comparandoe.
1092 4123 1208 4172 Non
1295 4137 1420 4186 qno·
1452 4121 1514 4170 ad
1539 4123 1780 4187 supplicia
1802 4127 1955 4173 Roma
1982 4127 2267 4188 ponebat».

1905 4210 2015 4279 36.
