2994 4778
638 468 1016 540 ORATIO
1066 469 1270 538 PRO
1319 470 1395 536 P.
1449 469 1892 541 SEXTIO..
2207 499 2297 571 97

284 597 529 665 XLIX.
591 591 820 662 Multa
881 590 1094 661 etiam
1147 603 1392 668 nostra
1445 594 1865 679 memoria¹,
1916 621 2075 693 qua».
2127 622 2305 669 con-

201 703 367 775 sulto
403 716 803 801 praetereo,
839 699 1133 771 fuerunt
1180 701 1254 769 in
1291 725 1373 771 ea
1411 704 1882 773 contentione
1910 756 1930 790 ,
1961 720 2044 775 ut
2076 731 2311 806 popu-

199 815 340 885 laris
376 809 744 910 cupiditas
778 835 818 881 a
856 810 1155 881 consilio
1194 810 1651 909 principum²
1683 810 2074 885 dissideret.
2100 822 2312 890 Nunc

187 927 315 1019 jam
354 923 548 994 nihil
587 935 731 1006 est,
783 920 984 1017 quod
1021 920 1336 1018 populus
1371 945 1413 991 a
1451 919 1792 993 delectis-’⁹
1830 924 2308 1022 principibus-

189 1059 320 1131 que
367 1034 792 1116 dissentiat3
834 1055 970 1102 nec
1004 1029 1276 1126 flagitat
1313 1054 1464 1101 rem
1513 1030 1769 1121 ullam3
1816 1057 2059 1130 neque
2103 1059 2315 1107 nova-

187 1168 336 1214 mm
403 1166 659 1213 rerum
724 1154 834 1211 est
885 1139 1226 1237 cupidus3
1288 1154 1361 1211 et
1420 1140 1573 1212 otio
1632 1164 1809 1229 su0,
1854 1156 1926 1213 et
1969 1142 2315 1240 dignitate

185 1254 442 1351 optimi
505 1250 899 1347 cujusque,
946 1264 1021 1321 et
1074 1251 1419 1320 universae
1469 1249 1880 1347 reipublicae
1921 1251 2146 1348 gloria
2194 1252 2317 1325 de-

184 1362 513 1434 lectatur.
560 1367 817 1456 Itaque
857 1359 1187 1429 homines
1218 1358 1534 1431 seditiosi
1566 1383 1648 1431 ac
1676 1358 2070 1432 turbulenti
2092 1413 2113 1449 ,
2143 1362 2313 1458 quia

184 1473 379 1545 nulla
438 1472 593 1567 jam
652 1470 1028 1565 largitione
1090 1468 1448 1566 populum
1514 1491 1894 1539 romanum
1954 1472 2315 1541 concitare

183 1596 529 1681 possunt,
573 1578 776 1676 quod
812 1576 1016 1675 plebs
1052 1575 1429 1675 perfuncta
1473 1578 1900 1674 gravissimis
1942 1577 2313 1649 seditioni-

183 1691 319 1762 bus
364 1715 451 1762 ac
509 1686 885 1758 discordiis
938 1688 1170 1758 otium
1223 1686 1434 1757 malle
1475 1686 1825 1777 videatur,
1868 1687 2316 1759 conductas⁴

186 1800 461 1871 habent
504 1800 939 1869 conciones:
982 1820 1222 1892 neque
1249 1794 1323 1865 id
1359 1810 1620 1893 agunt,
1656 1811 1739 1867 ut
1772 1820 1858 1868 ea
1886 1796 2161 1885 dicant,
2189 1813 2317 1869 aut

186 1907 453 1997 ferant,
500 1930 665 2004 quae
709 1904 811 1974 illi
846 1904 1070 1975 velint
1103 1904 1387 1993 audire,
1425 1907 1664 2002 quiin
1706 1909 2057 1979 concione
2107 1922 2312 1995 sunt3

190 2018 309 2090 sed
354 2019 602 2116 pretio
661 2039 747 2086 ac
796 2013 1129 2086 mercede
1174 2012 1596 2111 perficiunt,
1632 2028 1756 2103 ut,
1800 2014 2157 2113 quidquid
2199 2016 2311 2090 di-

189 2142 382 2213 cant,
436 2124 517 2195 id
561 2123 663 2193 illi
705 2122 887 2193 velle
928 2122 1175 2193 audire
1216 2122 1614 2195 videantur.
1673 2126 1863 2196 Num
1908 2150 2037 2196 vos
2076 2129 2315 2197 existi-

191 2239 414 2322 matis,
462 2231 870 2320 GraccbOS‚
900 2246 1026 2302 aut
1058 2235 1562 2319 Saturninum,
1598 2248 1722 2303 aut
1761 2258 2199 2332 quemquam
2229 2236 2319 2307 il-

194 2346 418 2419 lorum
478 2358 813 2418 veterum
839 2398 859 2431 ,
922 2343 1049 2440 qui
1101 2342 1488 2440 populares
1544 2340 2027 2433 habebantur,
2077 2345 2311 2418 ullum

195 2482 534 2553 umquam
603 2457 681 2526 in
745 2454 1095 2525 concione
1149 2452 1483 2523 babuisse
1537 2451 2033 2525 conductum?
2093 2481 2312 2528 nemo

195 2566 467 2638 habuit.
491 2572 654 2664 Ipsa
679 2565 875 2635 enim
898 2562 1217 2660 largitio,
1251 2578 1323 2635 et
1350 2586 1515 2660 spes
1543 2562 1903 2634 commodi
1931 2567 2310 2660 propositi,

193 2679 344 2750 sine
403 2673 737 2747 mercede
797 2673 939 2744 ulla
992 2672 1524 2744 multitudinem
1578 2671 2007 2744 concitabat.
2060 2677 2313 2769 Itaque

192 2784 643 2885 temporibus
683 2782 857 2869 illis,
902 2783 1031 2880 qui
1071 2781 1451 2880 populares
1496 2797 1738 2870 erant,
1786 2779 2311 2855 offendebant⁵

188 2896 283 2967 illi
342 2895 645 2993 quidem
699 2893 892 2989 apud
946 2917 1192 2990 graves
1245 2907 1316 2965 et
1376 2892 1721 2965 honestos
1773 2892 2138 2978 homines,
2183 2894 2312 2966 sed

189 3008 443 3106 populi
476 3001 807 3100 judiciis⁶
843 3018 1059 3101 atque
1090 3005 1289 3076 omni
1325 3002 1886 3102 significatione⁷
1924 3002 2307 3076 florebant.

190 3170 403 3207 mentum
444 3157 692 3222 publicum
708 3192 722 3213 ,
759 3157 897 3218 enjus
927 3156 1206 3206 venditione
1364 3165 1414 3213 4.
1470 3156 1759 3204 Conductas.
1806 3156 2032 3205 Mercede
2079 3167 2314 3207 eoaetaa:

189 3238 446 3300 quotannis
468 3237 522 3283 in
547 3238 764 3284 aerarinm
787 3251 969 3299 magne
988 3238 1206 3300 pecuniae
1295 3235 1493 3300 qnando
1517 3249 1600 3282 ena
1630 3245 1807 3299 sponte
1836 3234 1974 3298 plebe
1998 3234 2062 3283 ad
2086 3251 2167 3283 eae
2192 3251 2315 3284 eon-

193 3315 532 3378 intuebantur,
545 3316 678 3380 plebi
692 3317 839 3381 gratie
854 3315 957 3364 dari
970 3315 1051 3363 lex
1064 3317 1210 3364 Grae
1294 3315 1462 3364 eionea
1472 3348 1489 3370 ,
1509 3331 1619 3379 qnae
1637 3331 1664 3361 a
1686 3314 1977 3363 turbulentis
1996 3331 2053 3364 ae
2074 3316 2316 3366 seditiosi·

196 3395 264 3443 ehi
275 3398 491 3457 juberet.
1295 3395 1504 3443 uibnnie
1520 3394 1588 3459 pl.
1607 3393 1862 3452 habentur,
1889 3395 2021 3442 coire
2035 3411 2138 3444 non
2156 3396 2277 3446 vult.

254 3478 436 3525 xux.
485 3491 532 3524 ι.
569 3475 754 3523 Nostra
780 3470 1025 3521 memoria.
1059 3471 1203 3521 Marii
1362 3471 1413 3523 5.
1458 3472 1805 3539 Offindebant.
1848 3476 1908 3522 In
1944 3473 2113 3523 odium
2151 3476 2317 3524 venie-

198 3564 241 3600 et
280 3555 424 3603 snllae
467 3554 774 3617 temporibus
809 3566 823 3602 ε
874 3569 985 3600 nam
1031 3551 1204 3599 deinde
1289 3552 1425 3601 bant.
1469 3579 1542 3590 —
1585 3553 1732 3617 Apud
1770 3568 1963 3617 graves.
2011 3555 2111 3616 Qui
2153 3565 2314 3619 spreta

198 3631 361 3692 phebea
379 3634 609 3698 patribus
628 3642 713 3680 ant
732 3648 836 3680 non
853 3631 1101 3692 dissensit,
1120 3642 1206 3678 ant
1292 3632 1555 3696 plebeculae
1582 3632 1732 3696 gratia
1763 3633 1908 3680 unius
1940 3635 2060 3698 reip.
2089 3634 2313 3681 utilitati-

204 3708 292 3756 aine
309 3712 546 3760 seditione
572 3711 819 3759 dissensit.
1292 3712 1384 3760 bus
1434 3713 1774 3760 inserviebant.
1825 3737 1897 3749 —
1949 3714 2202 3760 Honeseos.
2257 3716 2316 3759 In

270 3802 313 3834 a.
330 3795 369 3837 A
393 3790 601 3837 consilio
620 3789 915 3853 principum.
943 3790 989 3837 A
1014 3798 1205 3847 senatu,
1292 3808 1503 3855 qnorum
1528 3790 1868 3838 detrimentum
1891 3789 2224 3840 redundabant
2245 3790 2315 3838 le-

204 3863 265 3911 ab
289 3869 613 3931 optimatibus.
1295 3886 1377 3934 ges
1399 3872 1496 3918 illae
1520 3870 1736 3932 agraria.

273 3941 322 3994 3-
343 3953 382 3993 A
393 3951 606 3999 delectis.
626 3951 673 3998 A
689 3946 888 3996 delectis
905 3948 957 3994 in
970 3962 1206 3995 summum
1364 3950 1415 3997 6.
1456 3948 1635 4012 Populi
1645 3943 1862 4010 judiciis.
1895 3946 2146 3997 Judieinm
2177 3965 2317 3996 snum

203 4023 428 4086 ordinem,
461 4047 491 4077 a
529 4039 701 4076 aenatn
723 4061 740 4084 ,
774 4027 859 4090 qni
898 4027 959 4073 de
991 4028 1208 4074 universa
1296 4029 1348 4077 in
1408 4027 1691 4094 magistratu
1763 4027 2038 4076 mandando
2103 4029 2318 4094 populns

204 4103 380 4154 civitate
404 4124 499 4172 pro
528 4108 771 4168 cujusque
797 4107 975 4153 virtute
994 4121 1052 4152 ac
1073 4106 1212 4154 meri·
1300 4108 1530 4157 ostendit.

206 4181 261 4228 tis
274 4199 299 4230 a
318 4185 599 4234 censoribus
618 4184 712 4248 legi
730 4182 904 4232 solitus
922 4195 1040 4234 erat.
1374 4205 1422 4250 7.
1440 4185 1821 4252 Significatione.
1840 4189 2004 4249 Quum
2021 4187 2072 4233 in
2087 4185 2324 4233 theatrum

332 4274 416 4340 v.
476 4291 568 4340 cic.
590 4304 705 4351 pars
732 4288 942 4335 secunda.
2041 4293 2080 4364 7
