2994 4778
538 395 912 464 ORATIO
967 397 1169 490 PRO
1223 396 1298 463 C.
1335 397 1417 461 R.
1470 397 1985 467 POSTUMO.
2175 403 2315 498 [147

207 524 350 607 vis,
391 517 915 602 avarissimum,
950 530 1314 602 exoraret,
1356 518 1765 587 sestertium
1801 517 1913 590 bis
1954 520 2208 595 millies
2252 536 2323 595 et

206 628 792 728 quadringenties
821 651 914 697 ne
947 650 1381 724 magnopere
1417 641 1933 700 contemneret.
1977 631 2326 707 Gabinius

203 739 385 813 illud
404 795 423 825 ,
461 762 764 836 quoquo
790 736 1089 807 consilio
1115 734 1281 807 tecit
1298 790 1318 823 ‚
1353 734 1523 807 fecit
1551 751 1744 807 certe
1772 761 1926 808 suo.
1961 741 2331 828 Quaecum-

207 876 357 948 que
384 874 591 921 mens
612 848 730 918 illa
756 846 925 934 fuit,
951 845 1238 918 Gabinii
1271 844 1446 917 fuit:
1480 847 1627 917 sive
1665 847 1808 934 ille,
1841 864 1923 919 ut
1957 852 2108 948 ipse
2146 852 2331 924 dice·

209 960 377 1046 hat,
435 959 773 1056 gloriam;
826 958 1007 1044 sive,
1064 970 1147 1026 ut
1200 968 1281 1025 tu
1331 957 1478 1044 viS‚
1538 959 1914 1053 pecuniam
1971 964 2333 1056 quaesivit3

211 1068 537 1169 quaesivit
589 1065 745 1138 sibi.
799 1069 988 1136 Num
1059 1064 1343 1137 Gabinii
1401 1078 1750 1153 comesfl,
1809 1067 1920 1139 vel
1980 1073 2338 1142 sectator?

212 1173 541 1275 negatffi.
595 1179 762 1246 Non
813 1176 1006 1245 enim
1055 1173 1144 1245 ad
1198 1173 1521 1263 Gabinii,
1575 1177 1782 1270 cujus
1838 1178 1909 1248 id
1963 1183 2335 1276 negotium

212 1312 366 1357 non
403 1299 593 1371 erat,
633 1283 753 1355 sed
793 1283 880 1354 ad
925 1287 999 1353 P.
1044 1284 1327 1355 Lentuli
1351 1287 1440 1372 ¹⁴,
1478 1286 1842 1357 clarissimi
1882 1289 2051 1377 viri,
2091 1306 2335 1363 aucto·

212 1399 503 1468 ritatem
525 1452 544 1482 ,
584 1420 626 1465 a
663 1410 917 1466 senatu
951 1393 1341 1492 profectam
1362 1450 1382 1482 ,
1417 1410 1486 1466 et
1516 1397 1815 1469 consilio
1844 1414 2039 1470 certo
2063 1454 2082 1487 ,
2117 1416 2190 1471 et
2214 1426 2338 1499 spe

216 1531 366 1577 non
407 1504 663 1590 dubia,
703 1509 930 1576 Roma
967 1503 1458 1576 contenderat.

311 1619 402 1684 At
417 1612 786 1684 dioecetes¹
798 1606 827 1655 ⁵
844 1611 976 1683 fuit
996 1615 1256 1710 regius.
1283 1618 1369 1683 Et
1384 1613 1677 1712 quidem
1694 1618 1767 1686 in
1783 1617 2111 1689 custodia
2124 1623 2336 1691 etiam

219 1724 359 1796 fuit
392 1728 619 1820 regia3
656 1737 728 1794 et
764 1724 906 1794 vita
935 1725 1091 1819 ejus
1125 1722 1359 1795 ablata
1400 1749 1601 1822 paene
1637 1741 1773 1813 est;
1809 1729 2034 1799 multa
2066 1746 2348 1827 praeter-

221 1862 303 1907 ea
324 1888 344 1921 ‚
383 1859 547 1931 quae
573 1831 797 1904 libido
822 1836 1037 1930 regis,
1074 1854 1236 1932 quae
1262 1836 1645 1905 necessitas
1673 1839 1906 1932 coegit
1935 1836 2155 1925 ferre,
2190 1865 2349 1938 per-

219 1945 386 2017 tulit
432 1971 449 2014 :
498 1969 804 2041 quarum
846 1946 1174 2014 omnium
1220 1969 1464 2016 rerum
1502 1970 1647 2015 una
1700 1947 2168 2042 reprehensio
2209 1966 2352 2036 est,

220 2056 425 2154 quod
468 2052 1189 2154 reg11umintrarit16‚
1228 2055 1422 2151 quod
1455 2059 1790 2154 potestati
1828 2081 1903 2127 se
1939 2061 2124 2154 regis
2152 2084 2351 2131 com-

220 2236 409 2291 konto,·
447 2233 562 2295 alii,
607 2231 726 2281 hui!
775 2235 1002 2282 Hottom.
1049 2249 1076 2281 e
1120 2234 1246 2282 MSS

217 2328 486 2379 persuasor
513 2313 748 2372 blandus,
785 2310 918 2376 quod
948 2309 1142 2361 Schiitz.
1171 2329 1247 2359 re-
1334 2313 1475 2377 copia
1494 2327 1597 2359 non
1618 2312 1711 2361 fuit
1731 2313 1813 2360 illa
1834 2312 2148 2377 perficiendi,
2178 2334 2350 2383 nempe

225 2396 375 2458 cepit.
389 2392 581 2441 Weisk.
598 2392 760 2441 mallet
777 2391 886 2442 Hic.
905 2392 1101 2441 Lalletn.
1123 2392 1248 2440 nihil
1333 2392 1588 2456 provincia
1610 2409 1697 2440 sua
1717 2410 1745 2440 a
1766 2392 1978 2442 Gabinio
1996 2397 2234 2460 spoliatus
2250 2411 2353 2458 est,

223 2474 451 2521 mutavit.
1336 2481 1393 2518 ut
1409 2481 1572 2519 narrat
1596 2472 1806 2520 Cicero’
1790 2487 1912 2544 ipse,
1928 2474 1981 2521 in
1999 2477 2218 2523 Pisonem
2239 2494 2347 2540 cap.

305 2568 390 2601 ια.
421 2552 553 2599 Num
574 2550 775 2598 Gabinii
787 2566 964 2598 comes.
990 2551 1083 2597 Hic
1107 2549 1250 2598 multi
1341 2564 1446 2598 αις

224 2634 454 2681 lacunam
488 2630 675 2678 vident.
715 2632 823 2693 Qua
871 2628 933 2675 de
969 2645 1108 2676 causa
1135 2644 1249 2676 -non

227 2712 413 2760 video:
437 2711 598 2757 omnia
624 2709 752 2756 enim
772 2718 885 2771 apte
907 2708 1107 2756 herent.

1335 2246 1475 2282 natus
1513 2234 1656 2282 initio
1698 2235 1887 2282 censuit
1913 2257 1955 2283 a.
2003 2237 2099 2287 sed
2146 2240 2354 2290 Lentulo

1500 2550 1631 2597 -Ille
1665 2548 1967 2614 (Gabinius)
1993 2554 2037 2600 si
2062 2570 2161 2601 non
2185 2556 2358 2601 acet-ri-

1340 2645 1417 2676 me
1435 2629 1639 2687 fureret,
1662 2629 1859 2677 auderet
1884 2646 2029 2692 quam
2055 2633 2356 2694 provinciam

1340 2711 1395 2758 P.
1423 2708 1657 2756 Lentulus
1683 2709 1999 2757 amicissimus
2025 2710 2139 2759 huic
2166 2711 2327 2760 ordini
2346 2748 2362 2768 ‚

307 2790 592 2854 13.1vegae.
617 2787 730 2836 Scil.
754 2796 1020 2834 accusator.

307 2878 392 2925 ιι..
438 2867 537 2915 Sed
558 2863 635 2914 ad
667 2870 724 2914 P.
765 2865 974 2913 Lentuli.
1002 2861 1082 2913 Ad
1110 2880 1254 2950 quem

229 2948 421 2997 Cilicia.-
439 2946 805 3011 proconsulem'
791 2957 857 2993 ita
876 2944 1045 2992 scribit
1061 2923 1253 3000 Cicero,

233 3029 385 3094 epist.
406 3026 466 3073 ad
485 3028 651 3076 Div.-
627 3026 918 3089 uQuoniain
940 3037 1255 3073 senatuscon-

231 3107 423 3157 sultum
458 3106 645 3154 nullum
681 3116 867 3166 exstat,
904 3121 1005 3169 quo
1037 3103 1258 3152 reductio

232 3187 368 3251 regis
385 3183 708 3232 Alexandrini
727 3183 817 3232 tibi
839 3183 1064 3246 adempta
1091 3183 1174 3230 sit.
1197 3216 1209 3228 .
1231 3217 1244 3228 .

234 3278 285 3315 te
303 3281 454 3330 posse
473 3264 774 3327 perspicere,
798 3262 882 3325 qui
907 3259 1128 3310 Ciliciam
1154 3262 1256 3325 Cy-

235 3359 482 3411 prumque
502 3353 661 3390 teneas
673 3376 687 3400 ,
703 3340 823 3405 quid
841 3338 1032 3388 efficere
1044 3374 1059 3398 ,
1073 3350 1121 3387 et
1138 3338 1260 3403 quid

236 3423 479 3486 consequi
511 3421 695 3485 possis3
733 3430 783 3467 et
811 3422 853 3467 si
883 3436 959 3466 res
986 3419 1261 3467 facultatem

234 3502 465 3551 habitura
495 3500 731 3557 videatur,
763 3509 820 3547 ut
845 3496 1187 3545 Alexandriam
1212 3509 1262 3547 et

239 3586 507 3646 AEgyptum
536 3590 697 3628 tenere
726 3578 911 3641 possis,
947 3593 1049 3624 esse
1085 3589 1135 3626 et
1164 3588 1261 3625 tuae

238 3672 291 3710 et
314 3660 471 3709 nostri
497 3658 687 3721 imperii
710 3656 959 3720 dignitatis
973 3690 988 3714 ,
1008 3656 1262 3705 Ptolemai-

242 3740 307 3788 de
344 3750 430 3786 aut
471 3737 638 3802 aliquo
673 3737 956 3800 propinquo
1002 3735 1116 3783 loco
1154 3751 1263 3799 rege

242 3818 486 3867 collocato
500 3849 516 3873 ,
553 3825 600 3863 te
627 3831 738 3863 cnm
768 3814 918 3862 classe
950 3825 1093 3877 atque
1127 3830 1266 3862 exer·

241 3899 347 3947 citu
368 3895 618 3964 proficisci
641 3893 988 3942 Alexandriam
1001 3928 1016 3953 ,
1043 3904 1098 3941 nt
1116 3907 1266 3956 quum

244 3994 349 4026 eam
373 3993 496 4043 pace
525 3973 862 4040 presidiisque
887 3970 1119 4030 firmatis,
1147 3973 1268 4019 Pto-

246 4057 441 4105 lemaeus
459 4055 628 4104 redeat
649 4054 702 4101 in
721 4068 947 4117 regnum;
972 4054 1038 4099 ita
1060 4052 1192 4106 fore,
1215 4060 1272 4097 ut

250 4153 335 4201 per
364 4150 410 4186 te
438 4136 737 4191 restituatur,
765 4129 1170 4197 quemadmodum
1199 4145 1274 4177 se·

1339 2804 1490 2853 quum
1517 2798 1565 2835 et
1594 2790 1881 2836 auctoritate
1908 2802 2127 2848 senatus,
2155 2800 2203 2837 et
2230 2802 2360 2841 sorte

1341 2866 1565 2922 haberet,
1617 2866 1900 2931 interposita
1947 2868 2181 2931 religione
2199 2904 2215 2929 ,
2258 2869 2361 2917 sine

1342 2946 1441 2994 ulla
1462 2945 1766 2994 dubitatione
1785 2946 2088 3010 deposuisset
2102 2984 2118 3010 ‚
2143 2963 2246 2994 eam
2270 2948 2364 2995 sibi

1345 3035 1446 3072 tum
1463 3025 1731 3075 adsciscere
1748 3059 1763 3083 ,
1787 3042 1937 3089 quum
1961 3027 2107 3073 etiam
2135 3027 2177 3074 si
2191 3026 2361 3090 religio

1344 3120 1445 3151 non
1466 3103 1723 3167 impediret
1743 3136 1757 3161 ,
1780 3119 1885 3151 mos
1911 3106 2147 3165 majorum
2174 3115 2358 3160 tamen,

1344 3193 1393 3230 et
1417 3182 1663 3245 exempla,
1686 3194 1737 3230 et
1758 3182 2045 3244 gravissima:
2068 3182 2230 3247 legum
2256 3201 2363 3248 poe-

1347 3275 1421 3308 nae
1447 3269 1661 3307 vetarent
1678 3262 1700 3307 ?
1717 3281 1744 3300 ι·

1423 3339 1503 3386 15.
1541 3339 1610 3385 Ae
1631 3335 1866 3386 dioeceees.
1917 3335 2160 3397 objectio.
2197 3366 2266 3377 —-
2303 3342 2370 3388 Ee

1348 3416 1564 3482 quidem.
1605 3416 1883 3465 Concessio.
1914 3442 1984 3452 --
2016 3418 2082 3462 Ee
2108 3418 2216 3464 vita
2243 3418 2369 3484 ejus.

1348 3498 1425 3545 Ex
1439 3496 1621 3544 Mureti
1645 3497 1793 3550 MSS,
1816 3505 1867 3543 ee
1878 3493 1992 3542 vita
2009 3494 2067 3543 ei.

1426 3576 1505 3623 16.
1538 3576 1687 3640 Quod
1704 3590 1912 3640 regnum
1932 3573 2148 3624 intrarit.
2183 3577 2368 3625 Notum

1349 3655 1476 3703 illud
1523 3655 1848 3721 Sophocleum
1868 3690 1883 3714 ,
1935 3655 2071 3719 quod
2117 3656 2373 3719 Pompeius

1350 3750 1512 3800 pugna
1538 3736 1805 3783 Pharsalica
1829 3736 2004 3793 victus,
2018 3750 2169 3797 quum
2190 3734 2253 3781 ad
2276 3735 2374 3782 hoc

1352 3814 1512 3875 ipsum
1565 3812 1767 3876 AEgypti
1820 3827 2049 3875 regnum,
2108 3810 2170 3858 ad
2229 3811 2374 3872 hujus

1354 3890 1508 3954 ipsius
1533 3887 1686 3938 filium
1714 3907 1765 3937 se
1793 3892 2064 3951 conferret,
2094 3893 2377 3957 usurpavit:

1356 3991 1383 4011 .-
1403 3969 1595 4016 Etenim
1624 3970 1819 4033 tyranni
1854 3969 2075 4034 quisquis
2110 3969 2381 4034 ingreditur

1358 4048 1480 4096 lares
1505 4047 1591 4094 Est
1612 4063 1777 4097 servus
1798 4048 1929 4113 ejus,
1957 4046 2081 4095 liber
2102 4050 2193 4096 etsi
2218 4064 2380 4096 acces·

1363 4126 1480 4177 serit
1505 4147 1547 4174 ι.
