2994 4778
649 386 1033 543 ordino
1087 478 1193 544 IN
1243 477 1319 543 L.
1363 479 1441 543 c.
1500 476 1985 545 PISONEM,
2214 481 2373 574 -419

242 611 468 692 atque
506 595 788 693 plenas,
829 594 1070 665 fateris
1109 594 1199 665 ab
1237 593 1571 665 hostibus
1611 618 1762 665 esse
1800 610 2059 691 captas.
2092 597 2373 686 Quibus

237 722 492 776 autem
517 705 892 775 hostibus?
918 729 1182 802 nempe
1207 706 1313 791 iis,
1338 729 1525 801 quos
1552 719 1653 791 tu,
1681 703 2069 775 Ambraciae
2093 705 2373 791 sedenS,

236 817 486 912 primo
552 830 681 885 tuo
740 814 1053 893 adventu
1107 841 1196 885 ex
1249 814 1537 912 oppidis
1592 818 2020 911 Agrinarum
2042 822 2105 858 ¹⁰
2158 831 2375 913 atque

238 925 616 1022 Dolopum
655 924 1089 1020 demigrare,
1127 939 1199 995 et
1235 949 1390 995 aras
1423 938 1495 995 et
1531 921 1731 995 focos
1767 925 2178 1021 relinquere
2217 950 2379 998 coe-

240 1034 434 1129 gisti.
470 1039 623 1103 Hoc
656 1034 839 1103 tuin
887 1034 1117 1121 exitu,
1158 1034 1490 1131 praeclare
1530 1034 1940 1130 imperator,
1986 1060 2215 1130 quum
2244 1036 2378 1105 tibi

237 1141 334 1212 ad
391 1144 724 1240 pristinas
778 1141 1012 1212 clades
1034 1151 1089 1186 ¹¹
1144 1144 1456 1214 accessio
1512 1140 1764 1213 fuisset
1799 1143 2074 1214 AEtoliae
2114 1168 2376 1242 repen-

239 1257 445 1322 tinus
478 1254 844 1339 interitus,
883 1257 1277 1323 exercitum
1310 1252 1674 1340 dimisisti;
1709 1277 1949 1348 neque
1977 1253 2198 1323 ullam
2228 1278 2380 1351 poe-

239 1385 417 1430 nam
440 1414 460 1447 ,
515 1385 674 1457 quae
734 1376 935 1431 tanto
992 1359 1288 1432 facinori
1345 1361 1771 1448 deberetur,
1855 1386 2007 1431 non
2063 1363 2377 1435 maluisti

241 1469 524 1559 subire,
552 1495 770 1567 quam
795 1495 1178 1542 numerum
1205 1487 1501 1542 tuorum
1541 1472 1851 1542 militum
1887 1472 2377 1570 reliquiasque

244 1606 714 1678 cognoscere.

344 1695 733 1762 XXXVIII.
768 1696 1034 1788 Atque,
1067 1707 1148 1762 ut
1176 1691 1484 1763 duorum
1518 1696 2033 1790 Epicureorum
2059 1705 2078 1734 ¹
2126 1693 2380 1763 simili-

241 1800 573 1871 tudinem
604 1804 677 1870 in
708 1827 785 1872 re
816 1801 1101 1872 militari
1128 1805 1579 1902 imperioque
1608 1801 1934 1888 videatis,
1969 1801 2378 1887 Albucius²‚

239 1936 479 2007 quum
511 1912 585 1981 in
612 1911 930 1982 Sardinia
959 1912 1505 2009 triumphasset,
1542 1917 1784 1982 Romoe
1815 1912 2194 1984 damnatus
2226 1928 2374 1999 est3

239 2019 398 2105 hic,
439 2044 666 2116 quum
701 2020 1004 2117 similem
1047 2015 1366 2092 exitum3
1404 2037 1800 2119 spectaret,
1846 2025 1921 2091 in
1955 2024 2381 2094 Macedonia

244 2128 571 2228 tropaea4
609 2132 885 2227 posuit,
934 2156 1200 2226 eaque,
1242 2157 1404 2229 quae
1439 2131 1712 2203 bellicae
1766 2130 1993 2201 laudis
2030 2136 2380 2204 victoriae-

247 2265 397 2338 que
433 2265 686 2311 omnes
724 2256 975 2338 gentes
1006 2243 1310 2338 insignia
1354 2257 1428 2311 et
1463 2255 1934 2312 monumenta
1964 2266 2117 2312 esse
2142 2242 2386 2313 volue-

241 2364 458 2436 runt,
505 2364 750 2422 noster
783 2350 900 2422 hic
943 2366 1419 2450 praeposterus
1449 2353 1841 2449 imperator
1857 2346 1910 2435 ⁵,
1950 2352 2378 2423 amissorum

238 2460 720 2558 oppidorum,
768 2485 1107 2532 caesarum
1147 2462 1555 2558 legionum,
1588 2462 2005 2558 provinciae,
2036 2460 2373 2556 praesidio

240 2586 318 2643 et
356 2571 652 2667 reliquis
678 2570 1022 2641 militibus
1051 2571 1353 2654 orbatas,
1381 2572 1470 2642 ad
1503 2572 2022 2667 sempiternum
2054 2568 2373 2639 dedecus

238 2681 358 2751 sui
416 2682 707 2775 generis
768 2695 839 2750 et
903 2681 1247 2768 nominiS,
1306 2679 1589 2751 funesta
1650 2679 1910 2749 indicia
1973 2678 2379 2763 constituit;

322 2958 399 2990 ro.
425 2942 620 2989 uilem.
647 2941 939 3007 Agrianum.
965 2943 1014 2991 J.
1033 2946 1094 2991 V.
1125 2945 1177 2989 L.
1359 2945 1535 2991 vastari
1558 2959 1725 3006 passus
1758 2952 1884 2997 erat,
1928 2914 2118 3004 tropea·
2133 2941 2378 2989 excitavit.

320 3039 343 3068 ι
361 3038 405 3069 1.
429 3023 512 3069 Ad
514 3022 747 3087 pristinas
761 3021 922 3068 clades
936 3021 1160 3069 accessio.
1181 3021 1262 3069 Ad

233 3111 431 3166 pestem
474 3111 521 3148 et
564 3103 833 3149 vastitatem
875 3101 1115 3150 exercitus
1139 3114 1153 3159 ;
1198 3098 1260 3146 ad

233 3179 405 3229 clades
423 3195 543 3242 quas
559 3180 803 3227 Denseleti
817 3183 916 3240 jam
935 3180 1233 3226 invenerant.

307 3259 609 3307 xxxvm.
657 3274 700 3308 1.
745 3261 936 3320 Atque,
975 3267 1029 3304 ut
1059 3257 1264 3304 duorum

235 3339 605 3402 Epicureorum.
636 3331 735 3385 Titi
760 3337 986 3395 Albucii,
1025 3347 1075 3384 et
1108 3338 1164 3384 L.
1188 3335 1264 3381 Pi-

235 3419 395 3465 sonis.

306 3512 356 3544 2.
391 3495 647 3545 Albucius.
674 3498 736 3544 T.
767 3494 1003 3541 Albucius
1030 3492 1264 3540 Sardinia!

235 3586 533 3639 propretor,
562 3587 818 3638 postquam
845 3572 1130 3637 praedonum
1157 3588 1260 3618 ma-

234 3671 353 3703 num
371 3655 566 3702 vicisset
584 3690 597 3712 ,
618 3671 646 3702 a
667 3663 835 3701 senatu
855 3668 1023 3715 preces
1039 3651 1261 3714 publicas

233 3736 376 3798 petiit
395 3769 411 3794 ‚
452 3750 574 3797 quas
617 3749 719 3781 uon
764 3732 997 3779 obtinuit.
1043 3733 1104 3778 Et
1146 3731 1260 3793 qnia

232 3812 482 3873 quoddam
507 3812 741 3874 triumphi
766 3826 916 3872 genus
942 3810 990 3855 in
1009 3808 1128 3856 urbe
1147 3824 1263 3871 pro·

230 3891 409 3939 vincia
436 3890 531 3937 sibi
553 3900 803 3954 paraverat
819 3924 833 3945 ,
866 3890 1039 3935 Romae
1065 3888 1261 3935 damnu-

230 3979 308 4016 ἰοῦ
331 3982 421 4017 est.

304 4050 354 4096 3.
377 4048 503 4105 Hie,
525 4062 679 4111 quum
698 4045 901 4093 similem
924 4045 1124 4093 exitum.
1146 4045 1256 4091 Piso

228 4142 380 4190 quum
427 4125 633 4172 similem
673 4124 1032 4172 damnationem
1073 4123 1258 4169 videret

230 4206 321 4253 sibi
350 4207 632 4269 impendere
653 4238 666 4263 ,
696 4206 745 4250 in
768 4204 1052 4252 Macedonia
1074 4225 1088 4265 ‚-
1114 4217 1257 4265 quam

1425 3030 1476 3077 4.
1539 3024 1763 3084 Tropoea.
1827 3022 1997 3070 Cicero
2047 3019 2270 3065 Pisonem
2321 3019 2374 3066 iu

1352 3098 1442 3147 hac
1464 3109 1755 3162 tropaeorum
1779 3099 2022 3145 erectione
2048 3096 2378 3159 reprehendit,

1354 3181 1466 3242 qnia
1500 3190 1691 3225 senatus
1726 3179 1816 3225 fuit
1836 3211 1849 3234 ,
1877 3187 1932 3223 ut
1952 3173 2275 3238 triumphum,
2306 3176 2374 3222 ita

1353 3269 1537 3320 tropaea
1558 3256 1843 3313 decernere3
1865 3265 1913 3301 at
1939 3253 2051 3302 Piso
2079 3253 2172 3300 sibi
2195 3265 2376 3316 tropoea

1351 3352 1413 3383 ue
1447 3335 1600 3384 literis
1632 3335 1828 3398 quidem
1864 3332 1927 3380 ad
1964 3343 2184 3381 senatum
2219 3333 2376 3380 missis

1351 3416 1595 3462 excitarat.

1425 3495 1469 3542 5.
1504 3495 1827 3556 Proeposterus
1854 3491 2132 3553 imperator.
2162 3490 2259 3538 Alii
2288 3506 2375 3538 vo·

1352 3583 1524 3620 cuntur
1550 3573 1895 3635 imperatores,
1921 3586 2070 3637 quum
2100 3569 2262 3617 hostes
2287 3586 2368 3617 ce-

1351 3652 1584 3708 ciderint3
1604 3651 1685 3698 hic
1706 3651 1877 3698 ordine
1895 3658 2193 3713 praepostero
2213 3648 2371 3695 dictus

1349 3741 1419 3776 est
1448 3732 1735 3793 imperator,
1765 3745 1890 3776 caeso
1917 3726 1979 3775 ab
2015 3725 2235 3774 hostibus
2268 3727 2372 3785 ejus

1348 3809 1580 3854 exercitu.
1618 3832 1687 3842 —
1723 3808 1800 3854 Sic
1836 3808 1980 3854 etiam
2025 3806 2203 3864 Caesar,
2245 3803 2383 3852 Bell.

1351 3887 1462 3934 Civ.
1485 3887 1580 3941 111,
1614 3885 1697 3939 31,
1717 3884 1964 3930 inimicum
1992 3898 2132 3929 suum
2160 3884 2228 3942 Q.
2257 3883 2369 3929 Me·

1349 3963 1513 4009 tellum
1535 3962 1673 4007 Pium
1691 3962 1966 4025 Scipionem
1987 3960 2192 4009 deridet.
2218 3981 2238 4001 ι
2265 3961 2369 4007 Sci·

1320 4043 1462 4122 ¹pio,
1505 4040 1693 4103 inquit,
1734 4040 2033 4088 detrimentis
2076 4037 2366 4102 quibusdam

1347 4122 1471 4168 circa
1497 4129 1708 4166 montem
1733 4121 1972 4166 Amanum
2000 4118 2210 4180 acceptis
2226 4137 2243 4176 ,=
2266 4132 2367 4162 sese

1346 4200 1680 4264 impertiorem
1707 4196 2024 4261 appellaverat
2045 4216 2086 4239 ι.

1961 4302 2071 4372 27.
