2994 4778
641 415 779 486 206
1270 419 1364 485 M.
1417 379 1495 486 T.
1551 415 2124 486 CICERONIS

734 543 921 612 XVI.
969 537 1211 610 Redeo
1266 565 1460 611 nunc
1510 539 1612 610 ad.
1642 553 1745 624 te,
1796 538 2014 624 Coeli,
2059 540 2403 623 vicissim,
2448 561 2532 608 ac
2583 538 2767 607 mihi

639 652 1129 723 auctoritatem
1193 654 1489 748 patriam
1562 650 2155 746 severitatemque
2216 649 2522 744 suscipio
2565 675 2583 716 ε
2644 648 2771 717 sed

643 762 941 848 dubito,
998 786 1213 857 quem
1262 776 1534 858 patrem
1582 759 2033 855 potissimum
2078 781 2379 828 sumam.
2446 757 2771 828 Caecilia-

643 895 913 942 numne
947 871 1255 966 aliquem
1275 923 1295 956 ‚
1326 868 1823 941 vehementem
1853 882 2069 964 atque
2097 866 2360 937 durum
2381 878 2400 909 ¹
2427 868 2454 936 ἑ)
2495 870 2773 937 «Nunc

641 1010 675 1045 α
704 983 894 1051 enim
943 979 1230 1050 demum
1289 979 1467 1049 mihi
1512 979 1792 1048 animus
1831 979 2070 1062 ardet,
2113 1001 2308 1047 nunc
2353 1001 2602 1047 meum
2641 1001 2772 1047 cor

642 1119 675 1154 κ
700 1085 1103 1161 cumulatur
1141 1090 1435 1157 ira2....»
1467 1093 1611 1159 Aut
1639 1085 1982 1157 illum³....
2030 1116 2064 1150 <t
2088 1092 2151 1157 Ο
2203 1085 2481 1174 infelix,
2519 1111 2569 1156 o
2607 1111 2766 1158 sce-

644 1195 1009 1270 «lestel..‘..
1039 1228 1071 1262 »
1125 1197 1359 1267 Ferrei
1410 1201 1629 1266 sunt‘*
1677 1198 1788 1264 isti
1841 1211 2165 1292 patres...
2224 1202 2531 1292 «Egone
2584 1196 2765 1292 quid

642 1339 675 1374 «
701 1306 985 1379 dicam?
1020 1329 1247 1401 egone
1283 1305 1458 1402 quid
1500 1305 1757 1375 velim?
1790 1328 1959 1401 quae-
1983 1319 2063 1375 tu
2102 1306 2341 1375 omnia
2380 1307 2522 1376 tuis
2549 1304 2766 1377 foedis

642 1448 676 1481 «
702 1415 899 1486 factis
941 1413 1141 1496 facis,
1179 1429 1259 1484 ut
1294 1414 1788 1511 nequidquam
1833 1414 2040 1484 velim
2071 1446 2125 1484 n.
2171 1415 2297 1484 vix
2335 1413 2634 1485 ferenda
2662 1413 2763 1484 di-

641 1540 833 1599 ceret
873 1525 1028 1595 talis
1071 1539 1306 1621 pater:
1346 1556 1378 1587 «ι
1402 1530 1553 1595 Cur
1588 1539 1660 1595 te
1696 1527 1770 1595 in
1814 1523 2019 1595 istam
2056 1527 2488 1596 vicinitatem
2525 1549 2760 1595 mere-

642 1665 674 1698 «
701 1635 976 1703 triciam
1026 1633 1435 1703 contulisti?
1480 1659 1611 1704 cur
1651 1633 2000 1704 illecebris
2037 1636 2338 1730 cognitis
2377 1658 2527 1704 non
2570 1635 2763 1705 r'efu-

640 1774 671 1805 «
696 1741 899 1836 gisti?
925 1764 1054 1810 cur
1090 1741 1390 1811 alienam
1415 1740 1444 1787 ⁵
1481 1742 1701 1812 ullam
1746 1745 2119 1814 mulierem
2159 1745 2389 1814 nosti?
2423 1740 2653 1815 Dide⁶
2688 1768 2767 1814 ac

643 1937 725 1969 nes
737 1921 885 1986 legas.
901 1920 956 1967 Id
971 1930 1042 1967 est
1052 1954 1066 1977 ‚
1085 1936 1235 1983 quum
1250 1932 1467 1969 natantes
1481 1921 1660 1968 viderie

644 1998 826 2060 nudos,
849 1999 964 2046 hinc
985 2000 1099 2047 licet
1122 2010 1169 2046 et
1189 2000 1368 2064 deligas
1387 2002 1469 2063 qui
1489 2000 1579 2048 tibi
1598 1998 1658 2047 ad

552 2123 559 2130 .
643 2078 929 2144 explendam
951 2078 1201 2126 libidinem
1220 2089 1348 2126 tuam
1373 2080 1656 2143 probentur.

711 2159 848 2204 xvl.
902 2174 946 2205 1.
995 2156 1368 2206 Caecilianumne
1410 2158 1623 2221 aliquem
1640 2192 1654 2218 ‚

640 2237 968 2284 vehementem
1008 2247 1157 2300 atque
1199 2237 1368 2284 durum
1392 2242 1418 2284 .·’
1456 2235 1515 2284 Id
1559 2249 1629 2285 eat
1645 2276 1660 2301 ,

643 2315 836 2378 qualiea
855 2314 1051 2362 Caecilio
1066 2316 1255 2362 comico
1277 2327 1417 2380 poeta
1433 2316 1658 2380 frequen-

642 2406 716 2442 ter
734 2393 996 2442 inducitur.
1015 2394 1236 2442 Caecilius
1253 2395 1456 2443 Insuber
1465 2397 1655 2456 Gallus,

642 2471 982 2520 comoediarum
1026 2482 1167 2535 poeta
1209 2473 1452 2536 inclytus,
1491 2491 1657 2523 servus

640 2553 730 2600 suit
750 2586 765 2611 ,
793 2561 841 2599 et
867 2561 1120 2615 propterea
1148 2555 1326 2599 numen
1350 2553 1521 2600 habuit
1547 2556 1653 2601 Sta-

641 2633 749 2679 tius.
770 2632 938 2678 Horat.
962 2631 1010 2676 in
1032 2633 1149 2678 Arte
1167 2632 1356 2693 poetica
1374 2645 1385 2677 :
1410 2631 1655 2678 -Vinoere

639 2711 859 2758 Caeciliue
894 2710 1152 2772 gravitate,
1190 2710 1441 2756 Terentius
1478 2720 1580 2756 arte
1605 2732 1650 2757 a.

638 2788 851 2835 Velleius
867 2787 900 2833 l.
926 2790 971 2833 1:
990 2808 1012 2827 ι
1031 2787 1303 2849 Dulcesque
1320 2787 1455 2834 latini
1473 2787 1654 2850 leporIe

640 2869 821 2915 facetia!
854 2883 940 2931 per
974 2865 1220 2913 Caecilium
1238 2900 1255 2924 ,
1280 2856 1654 2932 Terentiumque

637 2959 685 2995 et
699 2946 948 2995 Afranium
970 2946 1167 3008 suppari
1186 2955 1322 2992 aetate
1350 2945 1599 2995 nituerunt
1613 2968 1651 2997 a.

639 3026 880 3089 Sedigitus
927 3023 1061 3088 apud
1107 3023 1315 3071 Gellium
1347 3038 1360 3072 τ
1407 3046 1428 3065 ι
1453 3025 1652 3075 Caecilio

636 3106 841 3169 palmam
869 3113 1028 3151 statuo
1056 3102 1261 3150 dandam
1288 3105 1481 3151 scenico
1507 3128 1547 3154 n.
1583 3133 1651 3144 —-

644 3182 997 3231 Vehemeneem.
1034 3182 1096 3229 Id
1127 3192 1221 3239 eet,
1255 3198 1428 3246 magno
1466 3184 1652 3248 impetu

635 3263 808 3309 mentis
826 3262 1119 3324 loquentem.

706 3354 757 3386 2.
799 3340 937 3385 Nunc
963 3355 1115 3385 meum
1147 3354 1232 3383 cor
1255 3340 1528 3387 cumulatur
1551 3340 1646 3391 ira.

634 3418 869 3462 Homerus
904 3416 988 3463 lib.
1015 3418 1119 3462 lx:
1149 3437 1172 3454 π
1195 3415 1287 3461 Sed
1314 3416 1533 3463 mihicor
1559 3436 1645 3465 cu·

635 3494 844 3540 mulatur
861 3494 928 3540 ira
955 3510 1102 3555 quum
1123 3492 1251 3545 illius
1272 3494 1520 3541 memini».

706 3572 752 3618 3.
795 3574 894 3618 Aac
924 3571 1073 3618 illum.
1119 3570 1308 3617 Scilicet
1350 3581 1533 3634 patrem
1569 3591 1645 3622 se-

634 3649 844 3697 cundum
881 3667 1023 3713 quem
1062 3648 1251 3695 inducit
1289 3650 1526 3697 Caeciliue.
1567 3655 1645 3702 Sic

632 3730 846 3791 increpat
866 3727 1017 3775 filium
1039 3742 1052 3775 ε
1084 3727 1347 3789 Oinjelix‚
1368 3738 1463 3777 etc.

703 3816 753 3862 4.
802 3807 965 3854 Ferrei
1003 3818 1129 3855 sunt.
1176 3806 1423 3856 Ciceronis
1468 3808 1640 3870 verba,

632 3901 730 3932 uon
762 3897 932 3948 poetae.
967 3913 1029 3922 --
1068 3887 1243 3935 Fere-ei.
1280 3888 1338 3935 Id
1373 3898 1470 3944 est,
1504 3888 1642 3950 «luri,

628 3965 862 4023 immites,
887 3966 971 4028 qui
996 3964 1135 4012 nullo
1167 3981 1353 4023 amore,
1388 3965 1520 4014 nulla
1548 3984 1640 4016 cu-

1821 1923 1869 1968 5.
1898 1922 2147 1971 Alienum.
2173 1919 2234 1969 Id
2252 1933 2350 1981 est,
2369 1937 2470 1969 uon
2496 1933 2766 1989 cognatam,

1746 2015 1849 2047 uon
1873 1999 2084 2049 affinem.

1818 2078 1868 2129 6.
1901 2081 2023 2128 Dide
2045 2096 2105 2127 ac
2130 2079 2319 2127 dissice.
2350 2075 2428 2126 ΑΙ.
2453 2077 2577 2125 dede
2599 2088 2674 2133 ec,
2703 2092 2767 2124 ec

1746 2159 1928 2224 diq‘ice.
1966 2159 2144 2208 Nescio
2174 2174 2319 2221 quare
2356 2157 2462 2204 haec
2493 2155 2591 2203 duo
2618 2154 2761 2202 verba

1745 2236 1961 2286 exsulare
2001 2235 2220 2298 jubeant.
2262 2234 2495 2297 Virgilius
2513 2269 2529 2292 ‚
2578 2233 2764 2281 AEueid.

1745 2315 1830 2363 lib.
1849 2319 1942 2363 VII
1963 2330 1976 2362 ε
2005 2339 2029 2357 α
2055 2316 2253 2363 Diditur
2273 2313 2354 2362 hic
2377 2313 2540 2361 subito
2559 2313 2763 2372 Trojan-

1744 2412 1832 2458 per
1871 2397 2060 2458 agmina
2101 2410 2266 2442 rumor
2288 2408 2337 2450 -;
2376 2403 2424 2440 et
2471 2392 2564 2441 lib.
2612 2393 2763 2438 vm:

1744 2496 1768 2515 α
1789 2476 1892 2521 Tua
1928 2476 2064 2522 terris
2105 2473 2256 2521 didita
2295 2472 2414 2518 fama
2435 2494 2474 2519 ι.
2514 2470 2764 2518 Lucretius

1742 2552 1826 2600 lib.
1855 2554 1927 2598 IV
1951 2565 1963 2598 ε
2000 2575 2023 2593 ει
2042 2553 2187 2601 Nunc
2217 2566 2270 2597 ea
2298 2566 2406 2612 quae
2434 2550 2549 2597 dico
2567 2584 2583 2608 ‚
2612 2564 2763 2597 rerum

1741 2629 1990 2678 simulacra
2041 2630 2259 2678 feruntur
2305 2629 2529 2691 Undique
2550 2663 2567 2686 ,
2619 2639 2669 2677 et
2714 2628 2762 2673 iu

1740 2720 1938 2756 cunctas
1954 2710 2197 2768 jaciuntur
2227 2706 2378 2754 didita
2401 2708 2582 2770 parteis
2597 2731 2639 2755 a.
2658 2708 2762 2756 Vir-

1739 2788 1882 2849 gilius
1900 2788 2092 2835 lib.V11
2112 2790 2220 2835 AEu.
2240 2784 2340 2849 339
2361 2800 2375 2834 :
2397 2787 2624 2835 «Dissice
2642 2803 2762 2835 com-

1735 2868 1945 2928 positam
1980 2883 2179 2930 pacem,
2217 2882 2319 2912 sere
2356 2865 2555 2912 crimina
2591 2865 2704 2913 beni
2719 2886 2758 2910 n.

1737 2945 1873 2993 Idem
1911 2946 1999 2996 lib.
2028 2949 2164 2994 xn:
2192 2968 2216 2987 .-
2243 2946 2329 2993 llle
2356 2946 2536 2992 securi.
2563 2979 2579 2993 .
2599 2978 2613 2990 .
2634 2943 2757 2992 ‚Ad-

1739 3026 1863 3072 versi
1900 3026 2110 3074 frontem
2159 3025 2362 3073 mediam
2382 3059 2396 3082 ,
2445 3034 2753 3085 mentumque

1738 3105 1934 3152 reducta
1965 3105 2190 3165 Diasion,
2217 3114 2265 3150 et
2300 3118 2466 3166 sparso
2503 3101 2604 3149 late
2636 3103 2749 3164 rigat

1736 3201 1864 3231 arma
1892 3200 2063 3231 cruore
2082 3207 2123 3233 ιι.
2142 3182 2415 3230 Lactantius
2436 3180 2523 3228 lib.
2541 3184 2594 3228 11
2607 3216 2622 3238 ‚
2637 3197 2679 3227 c.
2703 3179 2749 3233 8,

1736 3279 1934 3311 narrans
1960 3263 2020 3309 de
2046 3263 2312 3326 Tarquinio
2351 3262 2515 3307 Prisco
2539 3271 2592 3307 et
2614 3259 2747 3308 Attio

1735 3343 1893 3389 Navio
1920 3343 2118 3404 Augure
2150 3340 2426 3395 historiam,
2452 3339 2518 3387 ita
2545 3337 2742 3387 scribit:

1740 3443 1761 3463 ι
1788 3424 1917 3483 Cape
1949 3420 2096 3482 igitur
2128 3419 2283 3477 hauc,
2326 3418 2517 3480 inquit,
2552 3428 2746 3473 cotem,

1734 3514 1932 3562 eamque
1967 3497 2200 3546 novacula
2236 3496 2437 3557 dissice3
2475 3511 2530 3544 ac
2566 3496 2651 3543 ille
2675 3495 2747 3540 iu·

1731 3589 2011 3625 cunctanter
2041 3576 2227 3640 accepit
2247 3610 2261 3632 ‚
2295 3592 2351 3624 ac
2388 3577 2540 3623 secuit
2559 3598 2601 3624 a.
2637 3575 2744 3622 cic.

1730 3655 1817 3703 lib.
1836 3659 1906 3704 111
1920 3691 1936 3717 ,
1959 3673 2068 3720 cap.
2100 3672 2179 3716 17,
2199 3656 2286 3703 ubi
2306 3655 2533 3703 adversus
2551 3652 2746 3718 Epicuri

1729 3748 1918 3783 atomos
1957 3735 2208 3798 disputat:
2244 3757 2266 3776 ι
2292 3737 2454 3797 Quum
2482 3750 2629 3790 vero,
2669 3732 2746 3778 in-

1728 3816 1832 3878 quit
1846 3848 1861 3871 ,
1890 3825 1985 3861 tam
2007 3814 2189 3861 minuta
2208 3804 2313 3861 hoec
2336 3812 2621 3878 corpuscula
2646 3825 2744 3859 eene

1729 3892 1977 3951 dicautur,
2024 3901 2077 3939 ut
2120 3893 2249 3940 nulla
2293 3893 2403 3940 ferri
2443 3892 2544 3939 acie
2584 3888 2741 3939 dissici

1730 3969 1943 4026 valeant,
1971 3971 2220 4033 quomodo
2247 3970 2414 4018 hamos
2440 3981 2525 4017 aut
2546 3968 2742 4033 angulos

625 4045 827 4109 piditate
857 4045 1160 4092 molliuntur.
1198 4048 1468 4105 Homerus,
1497 4047 1637 4096 Iliad.
1723 4048 1936 4096 habent?
1958 4070 1982 4089 ιο
2018 4049 2097 4096 Sic
2131 4048 2243 4096 libri
2279 4059 2477 4097 veteres.
2520 4051 2739 4111 lmpmu

621 4128 696 4186 X,
717 4146 744 4167 ο·
764 4126 896 4173 intus
915 4124 1005 4172 tibi
1021 4123 1169 4171 ferrea
1189 4124 1319 4171 meua
1341 4145 1386 4172 a.

1725 4137 1882 4174 autem
1902 4126 2023 4174 male
2045 4126 2217 4194 disjici.
