<?xml version="1.0" encoding="UTF-8"?>
<!DOCTYPE html PUBLIC "-//W3C//DTD XHTML 1.0 Transitional//EN"
    "http://www.w3.org/TR/xhtml1/DTD/xhtml1-transitional.dtd">
<html xmlns="http://www.w3.org/1999/xhtml" xml:lang="en" lang="en">
 <head>
  <title>
</title>
<meta http-equiv="Content-Type" content="text/html;charset=utf-8" />
  <meta name='ocr-system' content='tesseract 3.04.00' />
  <meta name='ocr-capabilities' content='ocr_page ocr_carea ocr_par ocr_line ocrx_word'/>
</head>
<body>
  <div class='ocr_page' id='page_1' title='image "./mtciceronisquae06lemagoog_0102.png"; bbox 0 0 2994 4778; ppageno 0'>
   <div class='ocr_carea' id='block_1_1' title="bbox 696 453 787 523">
    <p class='ocr_par' dir='ltr' id='par_1_1' title="bbox 696 453 787 523">
     <span class='ocr_line' id='line_1_1' title="bbox 696 453 787 523; baseline 0 -27"><span class='ocrx_word' id='word_1_1' title='bbox 696 453 787 523; x_wconf 75' lang='lat'><strong>92</strong></span> 
     </span>
    </p>
   </div>
   <div class='ocr_carea' id='block_1_2' title="bbox 1334 425 2174 496">
    <p class='ocr_par' dir='ltr' id='par_1_2' title="bbox 1334 425 2174 496">
     <span class='ocr_line' id='line_1_2' title="bbox 1334 425 2174 496; baseline 0 -2"><span class='ocrx_word' id='word_1_2' title='bbox 1334 427 1431 495; x_wconf 88' lang='lat' dir='ltr'><strong>M.</strong></span> <span class='ocrx_word' id='word_1_3' title='bbox 1478 429 1557 496; x_wconf 87' lang='grc' dir='ltr'><strong>Τ.</strong></span> <span class='ocrx_word' id='word_1_4' title='bbox 1607 427 1993 496; x_wconf 88' lang='lat' dir='ltr'>CICERO</span> <span class='ocrx_word' id='word_1_5' title='bbox 2013 425 2174 494; x_wconf 91' lang='lat' dir='ltr'><strong>NIS</strong></span> 
     </span>
    </p>
   </div>
   <div class='ocr_carea' id='block_1_3' title="bbox 640 540 2797 2623">
    <p class='ocr_par' dir='ltr' id='par_1_3' title="bbox 640 540 2797 2623">
     <span class='ocr_line' id='line_1_3' title="bbox 694 540 2784 646; baseline -0.002 -25"><span class='ocrx_word' id='word_1_6' title='bbox 694 565 768 621; x_wconf 92' lang='lat' dir='ltr'><strong>et</strong></span> <span class='ocrx_word' id='word_1_7' title='bbox 808 549 920 619; x_wconf 88' lang='lat' dir='ltr'><strong>vel</strong></span> <span class='ocrx_word' id='word_1_8' title='bbox 957 548 1205 646; x_wconf 84' lang='lat' dir='ltr'><strong>capitis</strong></span> <span class='ocrx_word' id='word_1_9' title='bbox 1249 547 1569 645; x_wconf 87' lang='lat' dir='ltr'><strong>periculo</strong></span> <span class='ocrx_word' id='word_1_10' title='bbox 1610 540 2064 619; x_wconf 81' lang='lat' dir='ltr'><strong>defendenda</strong></span> <span class='ocrx_word' id='word_1_11' title='bbox 2104 559 2321 618; x_wconf 89' lang='lat' dir='ltr'><strong>sunt:</strong></span> <span class='ocrx_word' id='word_1_12' title='bbox 2364 546 2784 643; x_wconf 85' lang='lat' dir='ltr'><strong>religiones¹‚</strong></span> 
     </span>
     <span class='ocr_line' id='line_1_4' title="bbox 699 653 2782 756; baseline -0.001 -27"><span class='ocrx_word' id='word_1_13' title='bbox 699 660 1007 755; x_wconf 87' lang='lat' dir='ltr'><strong>auspicia</strong></span> <span class='ocrx_word' id='word_1_14' title='bbox 1027 670 1079 749; x_wconf 81' lang='lat'><strong>²,</strong></span> <span class='ocrx_word' id='word_1_15' title='bbox 1130 672 1519 756; x_wconf 83' lang='lat' dir='ltr'><strong>potestates</strong></span> <span class='ocrx_word' id='word_1_16' title='bbox 1569 659 2111 754; x_wconf 83' lang='lat' dir='ltr'>magistratuum</span> <span class='ocrx_word' id='word_1_17' title='bbox 2134 653 2192 742; x_wconf 81' lang='lat'><strong>³,</strong></span> <span class='ocrx_word' id='word_1_18' title='bbox 2235 670 2522 727; x_wconf 87' lang='lat' dir='ltr'><strong>senatus</strong></span> <span class='ocrx_word' id='word_1_19' title='bbox 2570 671 2782 727; x_wconf 86' lang='lat' dir='ltr'><strong>aucto·</strong></span> 
     </span>
     <span class='ocr_line' id='line_1_5' title="bbox 701 764 2787 865; baseline -0.002 -27"><span class='ocrx_word' id='word_1_20' title='bbox 701 770 907 855; x_wconf 72' lang='lat' dir='ltr'><strong>ritas»,</strong></span> <span class='ocrx_word' id='word_1_21' title='bbox 934 770 1160 865; x_wconf 85' lang='lat' dir='ltr'><strong>leges,</strong></span> <span class='ocrx_word' id='word_1_22' title='bbox 1189 792 1345 838; x_wconf 86' lang='lat' dir='ltr'><strong>mos</strong></span> <span class='ocrx_word' id='word_1_23' title='bbox 1375 768 1723 861; x_wconf 87' lang='lat' dir='ltr'><strong>majorum</strong></span> <span class='ocrx_word' id='word_1_24' title='bbox 1747 821 1765 854; x_wconf 90' lang='lat'>‚</span> <span class='ocrx_word' id='word_1_25' title='bbox 1787 766 2054 861; x_wconf 88' lang='lat' dir='ltr'><strong>judicia</strong></span> <span class='ocrx_word' id='word_1_26' title='bbox 2073 819 2092 853; x_wconf 95' lang='lat'><strong>,</strong></span> <span class='ocrx_word' id='word_1_27' title='bbox 2125 764 2555 860; x_wconf 81' lang='lat' dir='ltr'><strong>jurisdictiO‚</strong></span> <span class='ocrx_word' id='word_1_28' title='bbox 2579 764 2787 847; x_wconf 73' lang='lat' dir='ltr'><strong>fides⁴,</strong></span> 
     </span>
     <span class='ocr_line' id='line_1_6' title="bbox 693 873 2785 975; baseline -0.003 -26"><span class='ocrx_word' id='word_1_29' title='bbox 693 880 1109 975; x_wconf 81' lang='lat' dir='ltr'><strong>provinciae,</strong></span> <span class='ocrx_word' id='word_1_30' title='bbox 1134 878 1306 949; x_wconf 91' lang='lat' dir='ltr'><strong>socii</strong></span> <span class='ocrx_word' id='word_1_31' title='bbox 1330 873 1382 964; x_wconf 86' lang='lat'><strong>⁵,</strong></span> <span class='ocrx_word' id='word_1_32' title='bbox 1416 878 1700 974; x_wconf 88' lang='lat' dir='ltr'><strong>imperii</strong></span> <span class='ocrx_word' id='word_1_33' title='bbox 1723 876 1909 963; x_wconf 72' lang='lat' dir='ltr'><strong>laus»,</strong></span> <span class='ocrx_word' id='word_1_34' title='bbox 1938 900 2050 947; x_wconf 87' lang='lat' dir='ltr'><strong>res</strong></span> <span class='ocrx_word' id='word_1_35' title='bbox 2078 874 2404 945; x_wconf 88' lang='lat' dir='ltr'><strong>militaris</strong></span> <span class='ocrx_word' id='word_1_36' title='bbox 2426 930 2445 960; x_wconf 94' lang='lat'><strong>,</strong></span> <span class='ocrx_word' id='word_1_37' title='bbox 2470 876 2785 945; x_wconf 84' lang='lat' dir='ltr'><strong>aerarium.</strong></span> 
     </span>
     <span class='ocr_line' id='line_1_7' title="bbox 690 983 2788 1083; baseline -0.003 -25"><span class='ocrx_word' id='word_1_38' title='bbox 690 994 957 1059; x_wconf 86' lang='lat' dir='ltr'><strong>Harum</strong></span> <span class='ocrx_word' id='word_1_39' title='bbox 993 1010 1234 1059; x_wconf 90' lang='lat' dir='ltr'><strong>rerum</strong></span> <span class='ocrx_word' id='word_1_40' title='bbox 1267 1001 1374 1057; x_wconf 90' lang='lat' dir='ltr'><strong>tot</strong></span> <span class='ocrx_word' id='word_1_41' title='bbox 1405 1002 1629 1083; x_wconf 88' lang='lat' dir='ltr'><strong>atque</strong></span> <span class='ocrx_word' id='word_1_42' title='bbox 1666 1001 2031 1058; x_wconf 86' lang='lat' dir='ltr'><strong>tantarum</strong></span> <span class='ocrx_word' id='word_1_43' title='bbox 2077 1009 2227 1056; x_wconf 88' lang='lat' dir='ltr'><strong>esse</strong></span> <span class='ocrx_word' id='word_1_44' title='bbox 2260 983 2696 1057; x_wconf 81' lang='lat' dir='ltr'><strong>defensorem</strong></span> <span class='ocrx_word' id='word_1_45' title='bbox 2728 997 2788 1054; x_wconf 89' lang='lat' dir='ltr'><strong>et</strong></span> 
     </span>
     <span class='ocr_line' id='line_1_8' title="bbox 698 1095 2786 1195; baseline -0.003 -26"><span class='ocrx_word' id='word_1_46' title='bbox 698 1113 1121 1195; x_wconf 88' lang='lat' dir='ltr'><strong>patronum,</strong></span> <span class='ocrx_word' id='word_1_47' title='bbox 1167 1098 1407 1194; x_wconf 84' lang='lat' dir='ltr'><strong>magni</strong></span> <span class='ocrx_word' id='word_1_48' title='bbox 1445 1097 1663 1167; x_wconf 88' lang='lat' dir='ltr'><strong>animi</strong></span> <span class='ocrx_word' id='word_1_49' title='bbox 1700 1111 1807 1168; x_wconf 88' lang='lat' dir='ltr'><strong>est</strong></span> <span class='ocrx_word' id='word_1_50' title='bbox 1831 1149 1850 1181; x_wconf 92' lang='lat'><strong>,</strong></span> <span class='ocrx_word' id='word_1_51' title='bbox 1893 1096 2131 1192; x_wconf 86' lang='lat' dir='ltr'><strong>magni</strong></span> <span class='ocrx_word' id='word_1_52' title='bbox 2166 1095 2472 1189; x_wconf 86' lang='lat' dir='ltr'><strong>ingenii,</strong></span> <span class='ocrx_word' id='word_1_53' title='bbox 2516 1118 2786 1190; x_wconf 70' lang='lat' dir='ltr'><strong>magnae-</strong></span> 
     </span>
     <span class='ocr_line' id='line_1_9' title="bbox 697 1206 2786 1304; baseline -0.004 -25"><span class='ocrx_word' id='word_1_54' title='bbox 697 1233 843 1304; x_wconf 91' lang='lat' dir='ltr'><strong>que</strong></span> <span class='ocrx_word' id='word_1_55' title='bbox 878 1210 1311 1278; x_wconf 63' lang='lat' dir='ltr'><strong>constantiae.</strong></span> <span class='ocrx_word' id='word_1_56' title='bbox 1348 1209 1629 1277; x_wconf 86' lang='lat' dir='ltr'><strong>Etenim</strong></span> <span class='ocrx_word' id='word_1_57' title='bbox 1666 1206 1742 1276; x_wconf 88' lang='lat' dir='ltr'><strong>in</strong></span> <span class='ocrx_word' id='word_1_58' title='bbox 1776 1219 1978 1276; x_wconf 89' lang='lat' dir='ltr'><strong>tanto</strong></span> <span class='ocrx_word' id='word_1_59' title='bbox 2025 1207 2291 1275; x_wconf 81' lang='lat' dir='ltr'><strong>civium</strong></span> <span class='ocrx_word' id='word_1_60' title='bbox 2332 1227 2632 1274; x_wconf 89' lang='lat' dir='ltr'><strong>numero</strong></span> <span class='ocrx_word' id='word_1_61' title='bbox 2659 1228 2786 1272; x_wconf 87' lang='lat' dir='ltr'><strong>ma·</strong></span> 
     </span>
     <span class='ocr_line' id='line_1_10' title="bbox 695 1310 2784 1414; baseline -0.003 -26"><span class='ocrx_word' id='word_1_62' title='bbox 695 1342 835 1414; x_wconf 87' lang='lat' dir='ltr'><strong>gna</strong></span> <span class='ocrx_word' id='word_1_63' title='bbox 873 1316 1264 1399; x_wconf 88' lang='lat' dir='ltr'><strong>multitudo</strong></span> <span class='ocrx_word' id='word_1_64' title='bbox 1301 1331 1407 1387; x_wconf 88' lang='lat' dir='ltr'><strong>est</strong></span> <span class='ocrx_word' id='word_1_65' title='bbox 1452 1341 1703 1387; x_wconf 88' lang='lat' dir='ltr'><strong>eorum</strong></span> <span class='ocrx_word' id='word_1_66' title='bbox 1729 1370 1747 1402; x_wconf 95' lang='lat'><strong>,</strong></span> <span class='ocrx_word' id='word_1_67' title='bbox 1790 1317 1916 1411; x_wconf 91' lang='lat' dir='ltr'><strong>qui</strong></span> <span class='ocrx_word' id='word_1_68' title='bbox 1952 1311 2125 1385; x_wconf 78' lang='lat' dir='ltr'><strong>aut⁶</strong></span> <span class='ocrx_word' id='word_1_69' title='bbox 2166 1310 2478 1410; x_wconf 81' lang='lat' dir='ltr'><strong>propter</strong></span> <span class='ocrx_word' id='word_1_70' title='bbox 2499 1324 2784 1385; x_wconf 83' lang='lat' dir='ltr'><strong>metum⁷</strong></span> 
     </span>
     <span class='ocr_line' id='line_1_11' title="bbox 695 1424 2790 1523; baseline -0.005 -20"><span class='ocrx_word' id='word_1_71' title='bbox 695 1450 953 1523; x_wconf 81' lang='lat' dir='ltr'><strong>poenae,</strong></span> <span class='ocrx_word' id='word_1_72' title='bbox 986 1443 1442 1523; x_wconf 83' lang='lat' dir='ltr'><strong>peccatorum</strong></span> <span class='ocrx_word' id='word_1_73' title='bbox 1477 1450 1773 1497; x_wconf 89' lang='lat' dir='ltr'><strong>suorum</strong></span> <span class='ocrx_word' id='word_1_74' title='bbox 1798 1424 2095 1511; x_wconf 89' lang='lat' dir='ltr'><strong>conscii,</strong></span> <span class='ocrx_word' id='word_1_75' title='bbox 2126 1447 2356 1494; x_wconf 86' lang='lat' dir='ltr'><strong>novos</strong></span> <span class='ocrx_word' id='word_1_76' title='bbox 2379 1439 2616 1494; x_wconf 89' lang='lat' dir='ltr'><strong>motus</strong></span> <span class='ocrx_word' id='word_1_77' title='bbox 2640 1448 2790 1494; x_wconf 91' lang='lat' dir='ltr'><strong>con·</strong></span> 
     </span>
     <span class='ocr_line' id='line_1_12' title="bbox 693 1534 2792 1634; baseline -0.001 -29"><span class='ocrx_word' id='word_1_78' title='bbox 693 1536 1202 1632; x_wconf 82' lang='lat' dir='ltr'><strong>versionesque</strong></span> <span class='ocrx_word' id='word_1_79' title='bbox 1252 1535 1662 1634; x_wconf 84' lang='lat' dir='ltr'><strong>reipublicae</strong></span> <span class='ocrx_word' id='word_1_80' title='bbox 1717 1547 2076 1632; x_wconf 77' lang='lat' dir='ltr'><strong>quaeran13</strong></span> <span class='ocrx_word' id='word_1_81' title='bbox 2129 1547 2252 1604; x_wconf 89' lang='lat' dir='ltr'><strong>aut</strong></span> <span class='ocrx_word' id='word_1_82' title='bbox 2302 1534 2467 1630; x_wconf 90' lang='lat' dir='ltr'><strong>qui,</strong></span> <span class='ocrx_word' id='word_1_83' title='bbox 2521 1548 2792 1632; x_wconf 84' lang='lat' dir='ltr'><strong>propter</strong></span> 
     </span>
     <span class='ocr_line' id='line_1_13' title="bbox 695 1642 2787 1741; baseline -0 -29"><span class='ocrx_word' id='word_1_84' title='bbox 695 1645 981 1731; x_wconf 86' lang='lat' dir='ltr'><strong>insitum</strong></span> <span class='ocrx_word' id='word_1_85' title='bbox 1022 1644 1409 1741; x_wconf 83' lang='lat' dir='ltr'><strong>quemdam</strong></span> <span class='ocrx_word' id='word_1_86' title='bbox 1448 1642 1717 1715; x_wconf 79' lang='lat' dir='ltr'><strong>animi⁸</strong></span> <span class='ocrx_word' id='word_1_87' title='bbox 1755 1643 2110 1731; x_wconf 84' lang='lat' dir='ltr'><strong>furorem,</strong></span> <span class='ocrx_word' id='word_1_88' title='bbox 2140 1642 2517 1715; x_wconf 86' lang='lat' dir='ltr'><strong>discordiis</strong></span> <span class='ocrx_word' id='word_1_89' title='bbox 2556 1646 2787 1714; x_wconf 87' lang='lat' dir='ltr'><strong>civium</strong></span> 
     </span>
     <span class='ocr_line' id='line_1_14' title="bbox 690 1752 2790 1852; baseline -0 -29"><span class='ocrx_word' id='word_1_90' title='bbox 690 1777 773 1823; x_wconf 87' lang='lat' dir='ltr'><strong>ac</strong></span> <span class='ocrx_word' id='word_1_91' title='bbox 810 1752 1158 1825; x_wconf 87' lang='lat' dir='ltr'><strong>seditione</strong></span> <span class='ocrx_word' id='word_1_92' title='bbox 1205 1769 1622 1852; x_wconf 86' lang='lat' dir='ltr'><strong>pascantur:</strong></span> <span class='ocrx_word' id='word_1_93' title='bbox 1670 1769 1794 1825; x_wconf 87' lang='lat' dir='ltr'><strong>aut</strong></span> <span class='ocrx_word' id='word_1_94' title='bbox 1832 1755 1999 1851; x_wconf 90' lang='lat' dir='ltr'><strong>qui,</strong></span> <span class='ocrx_word' id='word_1_95' title='bbox 2049 1768 2347 1850; x_wconf 88' lang='lat' dir='ltr'><strong>propter</strong></span> <span class='ocrx_word' id='word_1_96' title='bbox 2387 1754 2790 1851; x_wconf 88' lang='lat' dir='ltr'><strong>implicatio-</strong></span> 
     </span>
     <span class='ocr_line' id='line_1_15' title="bbox 691 1862 2792 1960; baseline -0.001 -26"><span class='ocrx_word' id='word_1_97' title='bbox 691 1888 858 1934; x_wconf 89' lang='lat' dir='ltr'><strong>nem</strong></span> <span class='ocrx_word' id='word_1_98' title='bbox 896 1865 1001 1935; x_wconf 90' lang='lat' dir='ltr'><strong>rei</strong></span> <span class='ocrx_word' id='word_1_99' title='bbox 1045 1862 1438 1952; x_wconf 87' lang='lat' dir='ltr'><strong>familiaris,</strong></span> <span class='ocrx_word' id='word_1_100' title='bbox 1484 1868 1851 1935; x_wconf 89' lang='lat' dir='ltr'><strong>communi</strong></span> <span class='ocrx_word' id='word_1_101' title='bbox 1896 1862 2233 1934; x_wconf 88' lang='lat' dir='ltr'><strong>incendio</strong></span> <span class='ocrx_word' id='word_1_102' title='bbox 2270 1863 2557 1951; x_wconf 84' lang='lat' dir='ltr'><strong>malint,</strong></span> <span class='ocrx_word' id='word_1_103' title='bbox 2596 1885 2792 1960; x_wconf 88' lang='lat' dir='ltr'><strong>quam</strong></span> 
     </span>
     <span class='ocr_line' id='line_1_16' title="bbox 694 1972 2794 2071; baseline -0.001 -27"><span class='ocrx_word' id='word_1_104' title='bbox 694 1982 877 2044; x_wconf 85' lang='lat' dir='ltr'><strong>suo9</strong></span> <span class='ocrx_word' id='word_1_105' title='bbox 937 1972 1347 2070; x_wconf 85' lang='lat' dir='ltr'><strong>deflagrare.</strong></span> <span class='ocrx_word' id='word_1_106' title='bbox 1409 1977 1554 2065; x_wconf 91' lang='lat' dir='ltr'><strong>Qui</strong></span> <span class='ocrx_word' id='word_1_107' title='bbox 1608 1998 1834 2071; x_wconf 90' lang='lat' dir='ltr'><strong>quum</strong></span> <span class='ocrx_word' id='word_1_108' title='bbox 1881 1989 2211 2045; x_wconf 85' lang='lat' dir='ltr'><strong>auctores</strong></span> <span class='ocrx_word' id='word_1_109' title='bbox 2266 1990 2435 2044; x_wconf 89' lang='lat' dir='ltr'><strong>sunt</strong></span> <span class='ocrx_word' id='word_1_110' title='bbox 2477 1988 2554 2044; x_wconf 89' lang='lat' dir='ltr'><strong>et</strong></span> <span class='ocrx_word' id='word_1_111' title='bbox 2598 1973 2794 2044; x_wconf 88' lang='lat' dir='ltr'><strong>duces</strong></span> 
     </span>
     <span class='ocr_line' id='line_1_17' title="bbox 695 2082 2796 2182; baseline -0.001 -28"><span class='ocrx_word' id='word_1_112' title='bbox 695 2106 992 2154; x_wconf 90' lang='lat' dir='ltr'><strong>suorum</strong></span> <span class='ocrx_word' id='word_1_113' title='bbox 1051 2083 1456 2155; x_wconf 89' lang='lat' dir='ltr'><strong>studiorum</strong></span> <span class='ocrx_word' id='word_1_114' title='bbox 1512 2086 1995 2180; x_wconf 86' lang='lat' dir='ltr'><strong>vitiorumque</strong></span> <span class='ocrx_word' id='word_1_115' title='bbox 2045 2085 2280 2170; x_wconf 89' lang='lat' dir='ltr'><strong>nacti,</strong></span> <span class='ocrx_word' id='word_1_116' title='bbox 2328 2084 2402 2152; x_wconf 94' lang='lat' dir='ltr'><strong>in</strong></span> <span class='ocrx_word' id='word_1_117' title='bbox 2447 2082 2796 2182; x_wconf 81' lang='lat' dir='ltr'><strong>republica</strong></span> 
     </span>
     <span class='ocr_line' id='line_1_18' title="bbox 640 2193 2795 2291; baseline 0 -28"><span class='ocrx_word' id='word_1_118' title='bbox 640 2274 649 2281; x_wconf 42' lang='lat'>‚</span> <span class='ocrx_word' id='word_1_119' title='bbox 686 2193 956 2265; x_wconf 89' lang='lat' dir='ltr'><strong>fluctus</strong></span> <span class='ocrx_word' id='word_1_120' title='bbox 997 2196 1439 2283; x_wconf 82' lang='lat' dir='ltr'><strong>excitantur;</strong></span> <span class='ocrx_word' id='word_1_121' title='bbox 1477 2210 1564 2266; x_wconf 93' lang='lat' dir='ltr'><strong>ut</strong></span> <span class='ocrx_word' id='word_1_122' title='bbox 1593 2194 2032 2291; x_wconf 86' lang='lat' dir='ltr'><strong>vigilandum</strong></span> <span class='ocrx_word' id='word_1_123' title='bbox 2071 2196 2159 2265; x_wconf 86' lang='lat' dir='ltr'><strong>sit</strong></span> <span class='ocrx_word' id='word_1_124' title='bbox 2202 2194 2324 2281; x_wconf 84' lang='lat' dir='ltr'><strong>iis,</strong></span> <span class='ocrx_word' id='word_1_125' title='bbox 2364 2194 2491 2289; x_wconf 90' lang='lat' dir='ltr'><strong>qui</strong></span> <span class='ocrx_word' id='word_1_126' title='bbox 2526 2193 2661 2267; x_wconf 92' lang='lat' dir='ltr'><strong>sibi</strong></span> <span class='ocrx_word' id='word_1_127' title='bbox 2687 2218 2795 2289; x_wconf 85' lang='lat' dir='ltr'><strong>gu·</strong></span> 
     </span>
     <span class='ocr_line' id='line_1_19' title="bbox 691 2301 2794 2405; baseline -0 -32"><span class='ocrx_word' id='word_1_128' title='bbox 691 2301 1082 2375; x_wconf 88' lang='lat' dir='ltr'><strong>bernacula</strong></span> <span class='ocrx_word' id='word_1_129' title='bbox 1107 2307 1347 2403; x_wconf 84' lang='lat' dir='ltr'><strong>patriae</strong></span> <span class='ocrx_word' id='word_1_130' title='bbox 1376 2305 1987 2405; x_wconf 89' lang='lat' dir='ltr'><strong>depoposcerunt,</strong></span> <span class='ocrx_word' id='word_1_131' title='bbox 2017 2302 2591 2402; x_wconf 86' lang='lat' dir='ltr'><strong>enitendumque</strong></span> <span class='ocrx_word' id='word_1_132' title='bbox 2618 2307 2794 2374; x_wconf 88' lang='lat' dir='ltr'><strong>omni</strong></span> 
     </span>
     <span class='ocr_line' id='line_1_20' title="bbox 690 2413 2796 2513; baseline -0.001 -29"><span class='ocrx_word' id='word_1_133' title='bbox 690 2417 984 2487; x_wconf 89' lang='lat' dir='ltr'><strong>scientia</strong></span> <span class='ocrx_word' id='word_1_134' title='bbox 1029 2440 1109 2486; x_wconf 87' lang='lat' dir='ltr'><strong>ac</strong></span> <span class='ocrx_word' id='word_1_135' title='bbox 1166 2415 1571 2513; x_wconf 86' lang='lat' dir='ltr'><strong>diligentia,</strong></span> <span class='ocrx_word' id='word_1_136' title='bbox 1625 2431 1743 2505; x_wconf 92' lang='lat' dir='ltr'><strong>ut,</strong></span> <span class='ocrx_word' id='word_1_137' title='bbox 1793 2415 2225 2487; x_wconf 85' lang='lat' dir='ltr'><strong>conservatis</strong></span> <span class='ocrx_word' id='word_1_138' title='bbox 2274 2413 2421 2499; x_wconf 87' lang='lat' dir='ltr'><strong>his,</strong></span> <span class='ocrx_word' id='word_1_139' title='bbox 2469 2439 2633 2511; x_wconf 85' lang='lat' dir='ltr'><strong>quae</strong></span> <span class='ocrx_word' id='word_1_140' title='bbox 2679 2436 2796 2510; x_wconf 89' lang='lat' dir='ltr'><strong>ego</strong></span> 
     </span>
     <span class='ocr_line' id='line_1_21' title="bbox 687 2522 2797 2623; baseline -0.002 -27"><span class='ocrx_word' id='word_1_141' title='bbox 687 2525 932 2623; x_wconf 89' lang='lat' dir='ltr'><strong>paullo</strong></span> <span class='ocrx_word' id='word_1_142' title='bbox 972 2540 1137 2598; x_wconf 89' lang='lat' dir='ltr'><strong>ante</strong></span> <span class='ocrx_word' id='word_1_143' title='bbox 1178 2524 1647 2599; x_wconf 85' lang='lat' dir='ltr'><strong>fundamenta</strong></span> <span class='ocrx_word' id='word_1_144' title='bbox 1683 2551 1764 2597; x_wconf 89' lang='lat' dir='ltr'><strong>ac</strong></span> <span class='ocrx_word' id='word_1_145' title='bbox 1805 2524 2128 2596; x_wconf 87' lang='lat' dir='ltr'><strong>membra</strong></span> <span class='ocrx_word' id='word_1_146' title='bbox 2160 2548 2313 2595; x_wconf 90' lang='lat' dir='ltr'><strong>esse</strong></span> <span class='ocrx_word' id='word_1_147' title='bbox 2349 2522 2531 2609; x_wconf 82' lang='lat' dir='ltr'><strong>dixi,</strong></span> <span class='ocrx_word' id='word_1_148' title='bbox 2570 2540 2797 2597; x_wconf 88' lang='lat' dir='ltr'><strong>tenere</strong></span> 
     </span>
    </p>
   </div>
   <div class='ocr_carea' id='block_1_4' title="bbox 658 2722 1697 4206">
    <p class='ocr_par' dir='ltr' id='par_1_4' title="bbox 677 2722 1696 2866">
     <span class='ocr_line' id='line_1_22' title="bbox 745 2722 1696 2788; baseline 0.001 -18"><span class='ocrx_word' id='word_1_149' title='bbox 745 2724 924 2771; x_wconf 80' lang='lat' dir='ltr'><strong>val.</strong></span> <span class='ocrx_word' id='word_1_150' title='bbox 956 2740 1001 2771; x_wconf 78' lang='grc' dir='ltr'><strong>ι.</strong></span> <span class='ocrx_word' id='word_1_151' title='bbox 1039 2722 1321 2788; x_wconf 56' lang='lat' dir='ltr'><strong>Religionem</strong></span> <span class='ocrx_word' id='word_1_152' title='bbox 1362 2725 1434 2771; x_wconf 79' lang='lat' dir='ltr'><strong>Ut</strong></span> <span class='ocrx_word' id='word_1_153' title='bbox 1471 2740 1526 2771; x_wconf 81' lang='lat' dir='ltr'><strong>ea</strong></span> <span class='ocrx_word' id='word_1_154' title='bbox 1540 2757 1554 2780; x_wconf 88' lang='lat'><strong>,</strong></span> <span class='ocrx_word' id='word_1_155' title='bbox 1586 2739 1696 2787; x_wconf 73' lang='lat' dir='ltr'><strong>qnae</strong></span> 
     </span>
     <span class='ocr_line' id='line_1_23' title="bbox 677 2801 1690 2866; baseline 0.002 -18"><span class='ocrx_word' id='word_1_156' title='bbox 677 2801 740 2849; x_wconf 77' lang='lat' dir='ltr'><strong>ad</strong></span> <span class='ocrx_word' id='word_1_157' title='bbox 759 2802 877 2849; x_wconf 86' lang='lat' dir='ltr'><strong>deos</strong></span> <span class='ocrx_word' id='word_1_158' title='bbox 896 2803 1136 2866; x_wconf 82' lang='lat' dir='ltr'><strong>pertinent</strong></span> <span class='ocrx_word' id='word_1_159' title='bbox 1150 2837 1165 2858; x_wconf 90' lang='lat'><strong>,</strong></span> <span class='ocrx_word' id='word_1_160' title='bbox 1187 2803 1402 2851; x_wconf 78' lang='lat' dir='ltr'><strong>studiose</strong></span> <span class='ocrx_word' id='word_1_161' title='bbox 1422 2812 1690 2851; x_wconf 80' lang='lat' dir='ltr'><strong>servemur.</strong></span> 
     </span>
    </p>

    <p class='ocr_par' dir='ltr' id='par_1_5' title="bbox 672 2881 1697 3245">
     <span class='ocr_line' id='line_1_24' title="bbox 747 2881 1695 2946; baseline 0.001 -19"><span class='ocrx_word' id='word_1_162' title='bbox 747 2897 797 2928; x_wconf 80' lang='lat'><strong>2.</strong></span> <span class='ocrx_word' id='word_1_163' title='bbox 827 2881 1080 2944; x_wconf 71' lang='lat' dir='ltr'><strong>Auspicia.</strong></span> <span class='ocrx_word' id='word_1_164' title='bbox 1124 2884 1274 2930; x_wconf 81' lang='lat' dir='ltr'><strong>Recte</strong></span> <span class='ocrx_word' id='word_1_165' title='bbox 1303 2893 1415 2946; x_wconf 84' lang='lat' dir='ltr'><strong>post</strong></span> <span class='ocrx_word' id='word_1_166' title='bbox 1439 2881 1695 2944; x_wconf 81' lang='lat' dir='ltr'><strong>religiones</strong></span> 
     </span>
     <span class='ocr_line' id='line_1_25' title="bbox 673 2959 1696 3025; baseline 0.003 -20"><span class='ocrx_word' id='word_1_167' title='bbox 673 2959 886 3022; x_wconf 79' lang='lat' dir='ltr'><strong>auspicis</strong></span> <span class='ocrx_word' id='word_1_168' title='bbox 916 2959 1110 3022; x_wconf 77' lang='lat' dir='ltr'><strong>posuit3</strong></span> <span class='ocrx_word' id='word_1_169' title='bbox 1137 2975 1249 3008; x_wconf 75' lang='lat' dir='ltr'><strong>nam</strong></span> <span class='ocrx_word' id='word_1_170' title='bbox 1278 2972 1328 3008; x_wconf 86' lang='lat' dir='ltr'><strong>et</strong></span> <span class='ocrx_word' id='word_1_171' title='bbox 1355 2961 1460 3025; x_wconf 78' lang='lat' dir='ltr'><strong>ipss</strong></span> <span class='ocrx_word' id='word_1_172' title='bbox 1494 2959 1696 3008; x_wconf 84' lang='lat' dir='ltr'><strong>deorum</strong></span> 
     </span>
     <span class='ocr_line' id='line_1_26' title="bbox 672 3036 1697 3103; baseline 0.001 -17"><span class='ocrx_word' id='word_1_173' title='bbox 672 3055 701 3086; x_wconf 80' lang='lat' dir='ltr'><strong>s</strong></span> <span class='ocrx_word' id='word_1_174' title='bbox 741 3036 988 3086; x_wconf 72' lang='lat' dir='ltr'><strong>voluntate</strong></span> <span class='ocrx_word' id='word_1_175' title='bbox 1020 3038 1236 3103; x_wconf 86' lang='lat' dir='ltr'><strong>pendent</strong></span> <span class='ocrx_word' id='word_1_176' title='bbox 1265 3053 1278 3087; x_wconf 77' lang='grc' dir='ltr'><strong><em>ε</em></strong></span> <span class='ocrx_word' id='word_1_177' title='bbox 1319 3055 1410 3087; x_wconf 87' lang='lat' dir='ltr'><strong>nec</strong></span> <span class='ocrx_word' id='word_1_178' title='bbox 1450 3038 1610 3086; x_wconf 88' lang='lat' dir='ltr'><strong>omitti</strong></span> <span class='ocrx_word' id='word_1_179' title='bbox 1649 3049 1697 3087; x_wconf 92' lang='lat' dir='ltr'><strong>et</strong></span> 
     </span>
     <span class='ocr_line' id='line_1_27' title="bbox 674 3114 1695 3181; baseline 0.002 -19"><span class='ocrx_word' id='word_1_180' title='bbox 674 3115 855 3180; x_wconf 75' lang='lat' dir='ltr'><strong>negligi</strong></span> <span class='ocrx_word' id='word_1_181' title='bbox 900 3126 1135 3180; x_wconf 81' lang='lat' dir='ltr'><strong>possunt,</strong></span> <span class='ocrx_word' id='word_1_182' title='bbox 1181 3118 1303 3181; x_wconf 87' lang='lat' dir='ltr'><strong>quin</strong></span> <span class='ocrx_word' id='word_1_183' title='bbox 1340 3117 1482 3166; x_wconf 84' lang='lat' dir='ltr'><strong>simul</strong></span> <span class='ocrx_word' id='word_1_184' title='bbox 1527 3114 1695 3181; x_wconf 80' lang='lat' dir='ltr'><strong>religio</strong></span> 
     </span>
     <span class='ocr_line' id='line_1_28' title="bbox 677 3194 942 3245; baseline 0.011 -3"><span class='ocrx_word' id='word_1_185' title='bbox 677 3194 942 3245; x_wconf 81' lang='lat' dir='ltr'><strong>deseratur.</strong></span> 
     </span>
    </p>

    <p class='ocr_par' dir='ltr' id='par_1_6' title="bbox 669 3275 1693 3554">
     <span class='ocr_line' id='line_1_29' title="bbox 741 3275 1693 3339; baseline 0.003 -19"><span class='ocrx_word' id='word_1_186' title='bbox 741 3275 791 3321; x_wconf 84' lang='lat'><strong>3.</strong></span> <span class='ocrx_word' id='word_1_187' title='bbox 810 3276 1074 3322; x_wconf 77' lang='lat' dir='ltr'><strong>Potestates</strong></span> <span class='ocrx_word' id='word_1_188' title='bbox 1092 3275 1476 3339; x_wconf 73' lang='lat' dir='ltr'><strong>magistratuum.</strong></span> <span class='ocrx_word' id='word_1_189' title='bbox 1495 3276 1693 3324; x_wconf 74' lang='lat' dir='ltr'><strong>Servan-</strong></span> 
     </span>
     <span class='ocr_line' id='line_1_30' title="bbox 669 3350 1691 3416; baseline 0.002 -18"><span class='ocrx_word' id='word_1_190' title='bbox 669 3350 731 3398; x_wconf 71' lang='lat' dir='ltr'><strong>da</strong></span> <span class='ocrx_word' id='word_1_191' title='bbox 760 3352 888 3398; x_wconf 87' lang='lat' dir='ltr'><strong>enim</strong></span> <span class='ocrx_word' id='word_1_192' title='bbox 918 3363 1031 3399; x_wconf 85' lang='lat' dir='ltr'><strong>sunt</strong></span> <span class='ocrx_word' id='word_1_193' title='bbox 1057 3354 1167 3413; x_wconf 78' lang='lat' dir='ltr'><strong>jura</strong></span> <span class='ocrx_word' id='word_1_194' title='bbox 1207 3354 1608 3416; x_wconf 76' lang='lat' dir='ltr'><strong>magistratuum:</strong></span> <span class='ocrx_word' id='word_1_195' title='bbox 1637 3364 1691 3401; x_wconf 91' lang='lat' dir='ltr'><strong>ut</strong></span> 
     </span>
     <span class='ocr_line' id='line_1_31' title="bbox 670 3431 1691 3496; baseline 0.005 -21"><span class='ocrx_word' id='word_1_196' title='bbox 670 3439 857 3476; x_wconf 74' lang='lat' dir='ltr'><strong>tantum</strong></span> <span class='ocrx_word' id='word_1_197' title='bbox 877 3431 1091 3493; x_wconf 86' lang='lat' dir='ltr'><strong>possint,</strong></span> <span class='ocrx_word' id='word_1_198' title='bbox 1118 3441 1354 3494; x_wconf 74' lang='lat' dir='ltr'><strong>quantum</strong></span> <span class='ocrx_word' id='word_1_199' title='bbox 1372 3433 1440 3479; x_wconf 90' lang='lat' dir='ltr'><strong>eis</strong></span> <span class='ocrx_word' id='word_1_200' title='bbox 1459 3447 1487 3479; x_wconf 79' lang='lat' dir='ltr'><strong>s</strong></span> <span class='ocrx_word' id='word_1_201' title='bbox 1504 3431 1691 3496; x_wconf 82' lang='lat' dir='ltr'><strong>legibus</strong></span> 
     </span>
     <span class='ocr_line' id='line_1_32' title="bbox 672 3507 916 3554; baseline -0.004 0"><span class='ocrx_word' id='word_1_202' title='bbox 672 3507 916 3554; x_wconf 81' lang='lat' dir='ltr'><strong>tribuitur.</strong></span> 
     </span>
    </p>

    <p class='ocr_par' dir='ltr' id='par_1_7' title="bbox 663 3578 1689 3730">
     <span class='ocr_line' id='line_1_33' title="bbox 741 3578 1689 3649; baseline 0.003 -15"><span class='ocrx_word' id='word_1_203' title='bbox 741 3592 790 3642; x_wconf 72' lang='grc'><strong>4.</strong></span> <span class='ocrx_word' id='word_1_204' title='bbox 831 3585 988 3634; x_wconf 71' lang='lat' dir='ltr'><strong>Fides.</strong></span> <span class='ocrx_word' id='word_1_205' title='bbox 1023 3587 1100 3635; x_wconf 81' lang='lat' dir='ltr'><strong>Ne</strong></span> <span class='ocrx_word' id='word_1_206' title='bbox 1135 3584 1257 3649; x_wconf 87' lang='lat' dir='ltr'><strong>quid</strong></span> <span class='ocrx_word' id='word_1_207' title='bbox 1294 3578 1514 3635; x_wconf 76' lang='lat' dir='ltr'><strong>utilitatis</strong></span> <span class='ocrx_word' id='word_1_208' title='bbox 1548 3604 1689 3638; x_wconf 75' lang='lat' dir='ltr'><strong>causa</strong></span> 
     </span>
     <span class='ocr_line' id='line_1_34' title="bbox 663 3663 1396 3730; baseline 0.004 -18"><span class='ocrx_word' id='word_1_209' title='bbox 663 3675 840 3730; x_wconf 81' lang='lat' dir='ltr'><strong>praeter</strong></span> <span class='ocrx_word' id='word_1_210' title='bbox 856 3663 1002 3712; x_wconf 84' lang='lat' dir='ltr'><strong>fldem</strong></span> <span class='ocrx_word' id='word_1_211' title='bbox 1021 3667 1396 3715; x_wconf 68' lang='lat' dir='ltr'><strong>committamus.</strong></span> 
     </span>
    </p>

    <p class='ocr_par' dir='ltr' id='par_1_8' title="bbox 658 3743 1682 3966">
     <span class='ocr_line' id='line_1_35' title="bbox 736 3743 1682 3807; baseline 0.004 -14"><span class='ocrx_word' id='word_1_212' title='bbox 736 3747 785 3793; x_wconf 80' lang='lat'><strong>5.</strong></span> <span class='ocrx_word' id='word_1_213' title='bbox 825 3743 966 3792; x_wconf 82' lang='lat' dir='ltr'><strong>Socii.</strong></span> <span class='ocrx_word' id='word_1_214' title='bbox 1006 3746 1105 3807; x_wconf 88' lang='lat' dir='ltr'><strong>Qui</strong></span> <span class='ocrx_word' id='word_1_215' title='bbox 1147 3746 1288 3794; x_wconf 85' lang='lat' dir='ltr'><strong>uobis</strong></span> <span class='ocrx_word' id='word_1_216' title='bbox 1330 3745 1497 3794; x_wconf 89' lang='lat' dir='ltr'><strong>tuendi</strong></span> <span class='ocrx_word' id='word_1_217' title='bbox 1534 3758 1682 3798; x_wconf 85' lang='lat' dir='ltr'><strong>suut:</strong></span> 
     </span>
     <span class='ocr_line' id='line_1_36' title="bbox 658 3823 1682 3887; baseline 0.007 -18"><span class='ocrx_word' id='word_1_218' title='bbox 658 3823 750 3869; x_wconf 84' lang='lat' dir='ltr'><strong>etsi</strong></span> <span class='ocrx_word' id='word_1_219' title='bbox 765 3839 868 3871; x_wconf 89' lang='lat' dir='ltr'><strong>non</strong></span> <span class='ocrx_word' id='word_1_220' title='bbox 887 3839 915 3871; x_wconf 79' lang='lat' dir='ltr'><strong>s</strong></span> <span class='ocrx_word' id='word_1_221' title='bbox 935 3824 1290 3887; x_wconf 75' lang='lat' dir='ltr'><strong>magistratibus</strong></span> <span class='ocrx_word' id='word_1_222' title='bbox 1311 3827 1514 3885; x_wconf 86' lang='lat' dir='ltr'><strong>nostris,</strong></span> <span class='ocrx_word' id='word_1_223' title='bbox 1538 3826 1682 3876; x_wconf 88' lang='lat' dir='ltr'><strong>sicuti</strong></span> 
     </span>
     <span class='ocr_line' id='line_1_37' title="bbox 663 3902 1233 3966; baseline 0.009 -18"><span class='ocrx_word' id='word_1_224' title='bbox 663 3902 932 3966; x_wconf 60' lang='lat' dir='ltr'><strong>provincia</strong></span> <span class='ocrx_word' id='word_1_225' title='bbox 950 3937 965 3961; x_wconf 91' lang='lat'><strong>,</strong></span> <span class='ocrx_word' id='word_1_226' title='bbox 988 3913 1233 3966; x_wconf 76' lang='lat' dir='ltr'><strong>regantur.</strong></span> 
     </span>
    </p>

    <p class='ocr_par' dir='ltr' id='par_1_9' title="bbox 730 3982 1441 4046">
     <span class='ocr_line' id='line_1_38' title="bbox 730 3982 1441 4046; baseline 0.007 -18"><span class='ocrx_word' id='word_1_227' title='bbox 730 3983 778 4029; x_wconf 85' lang='lat'><strong>6.</strong></span> <span class='ocrx_word' id='word_1_228' title='bbox 808 3982 975 4029; x_wconf 79' lang='lat' dir='ltr'><strong>Lamb.</strong></span> <span class='ocrx_word' id='word_1_229' title='bbox 998 3994 1088 4030; x_wconf 79' lang='lat' dir='ltr'><strong>aut</strong></span> <span class='ocrx_word' id='word_1_230' title='bbox 1104 3982 1201 4046; x_wconf 82' lang='lat' dir='ltr'><strong>qui.</strong></span> <span class='ocrx_word' id='word_1_231' title='bbox 1223 3984 1275 4033; x_wconf 82' lang='lat' dir='ltr'><strong>J.</strong></span> <span class='ocrx_word' id='word_1_232' title='bbox 1296 3986 1359 4033; x_wconf 84' lang='lat' dir='ltr'><strong>V.</strong></span> <span class='ocrx_word' id='word_1_233' title='bbox 1387 3986 1441 4033; x_wconf 79' lang='lat'><strong>1..</strong></span> 
     </span>
    </p>

    <p class='ocr_par' dir='ltr' id='par_1_10' title="bbox 662 4061 1685 4206">
     <span class='ocr_line' id='line_1_39' title="bbox 735 4061 1685 4128; baseline 0.005 -21"><span class='ocrx_word' id='word_1_234' title='bbox 735 4079 780 4123; x_wconf 80' lang='lat'><strong>7.</strong></span> <span class='ocrx_word' id='word_1_235' title='bbox 815 4061 915 4125; x_wconf 81' lang='lat' dir='ltr'><strong>Qm&#39;</strong></span> <span class='ocrx_word' id='word_1_236' title='bbox 941 4073 1029 4109; x_wconf 81' lang='lat' dir='ltr'><strong>aut</strong></span> <span class='ocrx_word' id='word_1_237' title='bbox 1047 4073 1251 4128; x_wconf 77' lang='lat' dir='ltr'><strong>propter</strong></span> <span class='ocrx_word' id='word_1_238' title='bbox 1275 4074 1468 4112; x_wconf 78' lang='lat' dir='ltr'><strong>mecum.</strong></span> <span class='ocrx_word' id='word_1_239' title='bbox 1506 4068 1561 4112; x_wconf 84' lang='lat' dir='ltr'><strong>In</strong></span> <span class='ocrx_word' id='word_1_240' title='bbox 1588 4074 1685 4113; x_wconf 86' lang='lat' dir='ltr'><strong>tres</strong></span> 
     </span>
     <span class='ocr_line' id='line_1_40' title="bbox 662 4138 1683 4206; baseline 0.002 -17"><span class='ocrx_word' id='word_1_241' title='bbox 662 4152 821 4205; x_wconf 78' lang='lat' dir='ltr'><strong>partes</strong></span> <span class='ocrx_word' id='word_1_242' title='bbox 847 4138 1001 4189; x_wconf 76' lang='lat' dir='ltr'><strong>divisa</strong></span> <span class='ocrx_word' id='word_1_243' title='bbox 1027 4141 1265 4189; x_wconf 78' lang='lat' dir='ltr'><strong>sententia</strong></span> <span class='ocrx_word' id='word_1_244' title='bbox 1288 4153 1361 4190; x_wconf 80' lang='lat' dir='ltr'><strong>est</strong></span> <span class='ocrx_word' id='word_1_245' title='bbox 1381 4157 1395 4190; x_wconf 73' lang='grc' dir='ltr'><strong><em>ε</em></strong></span> <span class='ocrx_word' id='word_1_246' title='bbox 1418 4143 1569 4206; x_wconf 76' lang='lat' dir='ltr'><strong>pnima</strong></span> <span class='ocrx_word' id='word_1_247' title='bbox 1594 4159 1683 4191; x_wconf 90' lang='lat' dir='ltr'><strong>no·</strong></span> 
     </span>
    </p>
   </div>
   <div class='ocr_carea' id='block_1_5' title="bbox 1767 2720 2818 4212">
    <p class='ocr_par' dir='ltr' id='par_1_11' title="bbox 1777 2720 2804 3021">
     <span class='ocr_line' id='line_1_41' title="bbox 1783 2720 2799 2786; baseline -0.001 -16"><span class='ocrx_word' id='word_1_248' title='bbox 1783 2732 1944 2771; x_wconf 82' lang='lat' dir='ltr'><strong>centes</strong></span> <span class='ocrx_word' id='word_1_249' title='bbox 1962 2720 2227 2786; x_wconf 79' lang='lat' dir='ltr'><strong>significat,</strong></span> <span class='ocrx_word' id='word_1_250' title='bbox 2248 2721 2396 2770; x_wconf 72' lang='lat' dir='ltr'><strong>sltem</strong></span> <span class='ocrx_word' id='word_1_251' title='bbox 2415 2722 2648 2780; x_wconf 72' lang='lat' dir='ltr'><strong>furiosos,</strong></span> <span class='ocrx_word' id='word_1_252' title='bbox 2672 2722 2799 2770; x_wconf 77' lang='lat' dir='ltr'><strong>tertis</strong></span> 
     </span>
     <span class='ocr_line' id='line_1_42' title="bbox 1782 2801 2801 2867; baseline 0.001 -19"><span class='ocrx_word' id='word_1_253' title='bbox 1782 2802 1920 2848; x_wconf 84' lang='lat' dir='ltr'><strong>malis</strong></span> <span class='ocrx_word' id='word_1_254' title='bbox 1947 2801 2226 2849; x_wconf 86' lang='lat' dir='ltr'><strong>domesticis</strong></span> <span class='ocrx_word' id='word_1_255' title='bbox 2256 2802 2520 2866; x_wconf 82' lang='lat' dir='ltr'><strong>impeditos</strong></span> <span class='ocrx_word' id='word_1_256' title='bbox 2547 2819 2561 2853; x_wconf 90' lang='lat'><strong>:</strong></span> <span class='ocrx_word' id='word_1_257' title='bbox 2589 2819 2695 2867; x_wconf 79' lang='lat' dir='ltr'><strong>quae</strong></span> <span class='ocrx_word' id='word_1_258' title='bbox 2719 2803 2801 2850; x_wconf 84' lang='lat' dir='ltr'><strong>ho·</strong></span> 
     </span>
     <span class='ocr_line' id='line_1_43' title="bbox 1782 2881 2804 2947; baseline 0.001 -18"><span class='ocrx_word' id='word_1_259' title='bbox 1782 2882 1965 2929; x_wconf 85' lang='lat' dir='ltr'><strong>minum</strong></span> <span class='ocrx_word' id='word_1_260' title='bbox 1983 2898 2155 2945; x_wconf 73' lang='lat' dir='ltr'><strong>genera</strong></span> <span class='ocrx_word' id='word_1_261' title='bbox 2178 2881 2239 2929; x_wconf 71' lang='lat' dir='ltr'><strong>ab</strong></span> <span class='ocrx_word' id='word_1_262' title='bbox 2268 2883 2583 2947; x_wconf 73' lang='lat' dir='ltr'><strong>optimatium</strong></span> <span class='ocrx_word' id='word_1_263' title='bbox 2611 2893 2804 2931; x_wconf 79' lang='lat' dir='ltr'><strong>numero</strong></span> 
     </span>
     <span class='ocr_line' id='line_1_44' title="bbox 1777 2959 2113 3021; baseline -0.006 -13"><span class='ocrx_word' id='word_1_264' title='bbox 1777 2963 1876 3021; x_wconf 77' lang='lat' dir='ltr'><strong>iam</strong></span> <span class='ocrx_word' id='word_1_265' title='bbox 1894 2959 2113 3008; x_wconf 81' lang='lat' dir='ltr'><strong>exclusit.</strong></span> 
     </span>
    </p>

    <p class='ocr_par' dir='ltr' id='par_1_12' title="bbox 1856 3037 2574 3090">
     <span class='ocr_line' id='line_1_45' title="bbox 1856 3037 2574 3090; baseline 0.001 -2"><span class='ocrx_word' id='word_1_266' title='bbox 1856 3042 1908 3090; x_wconf 82' lang='lat'><strong>8.</strong></span> <span class='ocrx_word' id='word_1_267' title='bbox 1936 3039 2105 3087; x_wconf 72' lang='lat' dir='ltr'><strong>hmb.</strong></span> <span class='ocrx_word' id='word_1_268' title='bbox 2131 3037 2331 3087; x_wconf 78' lang='lat' dir='ltr'><strong>animis.</strong></span> <span class='ocrx_word' id='word_1_269' title='bbox 2358 3040 2408 3088; x_wconf 86' lang='lat' dir='ltr'><strong>J.</strong></span> <span class='ocrx_word' id='word_1_270' title='bbox 2424 3040 2490 3087; x_wconf 80' lang='lat' dir='ltr'><strong>V.</strong></span> <span class='ocrx_word' id='word_1_271' title='bbox 2515 3043 2574 3089; x_wconf 88' lang='lat' dir='ltr'><strong>L.</strong></span> 
     </span>
    </p>

    <p class='ocr_par' dir='ltr' id='par_1_13' title="bbox 1767 3120 2818 4212">
     <span class='ocr_line' id='line_1_46' title="bbox 1851 3120 2803 3182; baseline -0.002 -14"><span class='ocrx_word' id='word_1_272' title='bbox 1851 3134 1902 3181; x_wconf 86' lang='lat'><strong>9.</strong></span> <span class='ocrx_word' id='word_1_273' title='bbox 1961 3122 2121 3182; x_wconf 81' lang='lat' dir='ltr'><strong>Quam</strong></span> <span class='ocrx_word' id='word_1_274' title='bbox 2170 3134 2274 3165; x_wconf 82' lang='lat' dir='ltr'><strong>suo.</strong></span> <span class='ocrx_word' id='word_1_275' title='bbox 2329 3120 2470 3166; x_wconf 79' lang='lat' dir='ltr'><strong>Hanc</strong></span> <span class='ocrx_word' id='word_1_276' title='bbox 2521 3120 2803 3166; x_wconf 77' lang='lat' dir='ltr'><strong>sententiam</strong></span> 
     </span>
     <span class='ocr_line' id='line_1_47' title="bbox 1778 3196 2806 3262; baseline 0 -17"><span class='ocrx_word' id='word_1_277' title='bbox 1778 3198 2002 3262; x_wconf 84' lang='lat' dir='ltr'><strong>pluribus</strong></span> <span class='ocrx_word' id='word_1_278' title='bbox 2030 3198 2263 3262; x_wconf 82' lang='lat' dir='ltr'><strong>exemplis</strong></span> <span class='ocrx_word' id='word_1_279' title='bbox 2294 3208 2345 3245; x_wconf 88' lang='lat' dir='ltr'><strong>et</strong></span> <span class='ocrx_word' id='word_1_280' title='bbox 2372 3196 2727 3259; x_wconf 78' lang='lat' dir='ltr'><strong>eruditissime,</strong></span> <span class='ocrx_word' id='word_1_281' title='bbox 2751 3210 2806 3246; x_wconf 87' lang='lat' dir='ltr'><strong>ut</strong></span> 
     </span>
     <span class='ocr_line' id='line_1_48' title="bbox 1779 3277 2811 3336; baseline -0.002 -10"><span class='ocrx_word' id='word_1_282' title='bbox 1779 3278 1932 3334; x_wconf 87' lang='lat' dir='ltr'><strong>solet,</strong></span> <span class='ocrx_word' id='word_1_283' title='bbox 1961 3278 2153 3336; x_wconf 66' lang='lat' dir='ltr'><strong>omnir,</strong></span> <span class='ocrx_word' id='word_1_284' title='bbox 2180 3277 2434 3325; x_wconf 74' lang='lat' dir='ltr'><strong>illustravit</strong></span> <span class='ocrx_word' id='word_1_285' title='bbox 2468 3277 2548 3326; x_wconf 82' lang='lat' dir='ltr'><strong>cl.</strong></span> <span class='ocrx_word' id='word_1_286' title='bbox 2577 3277 2811 3325; x_wconf 78' lang='lat' dir='ltr'><strong>Runhke·</strong></span> 
     </span>
     <span class='ocr_line' id='line_1_49' title="bbox 1779 3355 2808 3419; baseline 0 -16"><span class='ocrx_word' id='word_1_287' title='bbox 1779 3357 1889 3404; x_wconf 85' lang='lat' dir='ltr'><strong>nius</strong></span> <span class='ocrx_word' id='word_1_288' title='bbox 1922 3355 1985 3403; x_wconf 76' lang='lat' dir='ltr'><strong>sd</strong></span> <span class='ocrx_word' id='word_1_289' title='bbox 2005 3357 2182 3405; x_wconf 84' lang='lat' dir='ltr'><strong>Velleii</strong></span> <span class='ocrx_word' id='word_1_290' title='bbox 2214 3357 2377 3405; x_wconf 84' lang='lat' dir='ltr'><strong>locum</strong></span> <span class='ocrx_word' id='word_1_291' title='bbox 2396 3393 2411 3418; x_wconf 87' lang='lat'><strong>,</strong></span> <span class='ocrx_word' id='word_1_292' title='bbox 2450 3372 2603 3419; x_wconf 82' lang='lat' dir='ltr'><strong>quem</strong></span> <span class='ocrx_word' id='word_1_293' title='bbox 2635 3356 2808 3403; x_wconf 81' lang='lat' dir='ltr'><strong>referre</strong></span> 
     </span>
     <span class='ocr_line' id='line_1_50' title="bbox 1777 3435 2812 3501; baseline -0.001 -17"><span class='ocrx_word' id='word_1_294' title='bbox 1777 3450 1881 3484; x_wconf 84' lang='lat' dir='ltr'><strong>non</strong></span> <span class='ocrx_word' id='word_1_295' title='bbox 1920 3436 2054 3500; x_wconf 77' lang='lat' dir='ltr'><strong>piget</strong></span> <span class='ocrx_word' id='word_1_296' title='bbox 2087 3451 2100 3484; x_wconf 74' lang='grc' dir='ltr'><strong><em>ε</em></strong></span> <span class='ocrx_word' id='word_1_297' title='bbox 2147 3458 2173 3477; x_wconf 71' lang='lat' dir='ltr'>u</span> <span class='ocrx_word' id='word_1_298' title='bbox 2192 3452 2342 3500; x_wconf 83' lang='lat' dir='ltr'><strong>quum</strong></span> <span class='ocrx_word' id='word_1_299' title='bbox 2380 3446 2504 3483; x_wconf 87' lang='lat' dir='ltr'><strong>esset</strong></span> <span class='ocrx_word' id='word_1_300' title='bbox 2537 3435 2812 3501; x_wconf 70' lang='lat' dir='ltr'><strong>(Egnatius</strong></span> 
     </span>
     <span class='ocr_line' id='line_1_51' title="bbox 1775 3511 2811 3579; baseline -0.001 -17"><span class='ocrx_word' id='word_1_301' title='bbox 1775 3515 1931 3562; x_wconf 77' lang='lat' dir='ltr'><strong>Rufus</strong></span> <span class='ocrx_word' id='word_1_302' title='bbox 1951 3511 1971 3576; x_wconf 92' lang='lat'><em>)</em></span> <span class='ocrx_word' id='word_1_303' title='bbox 1994 3514 2128 3563; x_wconf 87' lang='lat' dir='ltr'><strong>omui</strong></span> <span class='ocrx_word' id='word_1_304' title='bbox 2154 3514 2446 3579; x_wconf 74' lang='lat' dir='ltr'><strong>flagitiorum</strong></span> <span class='ocrx_word' id='word_1_305' title='bbox 2472 3516 2811 3578; x_wconf 84' lang='lat' dir='ltr'><strong>scelerumque</strong></span> 
     </span>
     <span class='ocr_line' id='line_1_52' title="bbox 1776 3593 2814 3656; baseline 0.001 -15"><span class='ocrx_word' id='word_1_306' title='bbox 1776 3593 2072 3642; x_wconf 81' lang='lat' dir='ltr'><strong>conscientia</strong></span> <span class='ocrx_word' id='word_1_307' title='bbox 2089 3610 2270 3642; x_wconf 86' lang='lat' dir='ltr'><strong>mersus</strong></span> <span class='ocrx_word' id='word_1_308' title='bbox 2290 3631 2304 3656; x_wconf 88' lang='lat'><strong>,</strong></span> <span class='ocrx_word' id='word_1_309' title='bbox 2328 3611 2419 3642; x_wconf 87' lang='lat' dir='ltr'><strong>nec</strong></span> <span class='ocrx_word' id='word_1_310' title='bbox 2440 3595 2622 3642; x_wconf 87' lang='lat' dir='ltr'><strong>melior</strong></span> <span class='ocrx_word' id='word_1_311' title='bbox 2647 3595 2719 3642; x_wconf 87' lang='lat' dir='ltr'><strong>illi</strong></span> <span class='ocrx_word' id='word_1_312' title='bbox 2740 3611 2814 3642; x_wconf 81' lang='lat' dir='ltr'><strong>res</strong></span> 
     </span>
     <span class='ocr_line' id='line_1_53' title="bbox 1777 3671 2813 3735; baseline 0.001 -17"><span class='ocrx_word' id='word_1_313' title='bbox 1777 3671 2044 3730; x_wconf 72' lang='lat' dir='ltr'><strong>familiaris,</strong></span> <span class='ocrx_word' id='word_1_314' title='bbox 2060 3688 2202 3735; x_wconf 75' lang='lat' dir='ltr'><strong>qutun</strong></span> <span class='ocrx_word' id='word_1_315' title='bbox 2216 3687 2351 3720; x_wconf 87' lang='lat' dir='ltr'><strong>mens</strong></span> <span class='ocrx_word' id='word_1_316' title='bbox 2367 3673 2511 3732; x_wconf 84' lang='lat' dir='ltr'><strong>foret,</strong></span> <span class='ocrx_word' id='word_1_317' title='bbox 2527 3674 2813 3721; x_wconf 79' lang='lat' dir='ltr'><strong>interimere</strong></span> 
     </span>
     <span class='ocr_line' id='line_1_54' title="bbox 1769 3751 2813 3814; baseline 0.001 -16"><span class='ocrx_word' id='word_1_318' title='bbox 1769 3751 2005 3799; x_wconf 72' lang='lat' dir='ltr'><strong>Caessrem</strong></span> <span class='ocrx_word' id='word_1_319' title='bbox 2026 3752 2194 3798; x_wconf 84' lang='lat' dir='ltr'><strong>ststnit</strong></span> <span class='ocrx_word' id='word_1_320' title='bbox 2210 3787 2225 3811; x_wconf 91' lang='lat'><strong>,</strong></span> <span class='ocrx_word' id='word_1_321' title='bbox 2249 3762 2332 3810; x_wconf 88' lang='lat' dir='ltr'><strong>ut,</strong></span> <span class='ocrx_word' id='word_1_322' title='bbox 2352 3766 2454 3814; x_wconf 88' lang='lat' dir='ltr'><strong>quo</strong></span> <span class='ocrx_word' id='word_1_323' title='bbox 2476 3751 2620 3800; x_wconf 76' lang='lat' dir='ltr'><strong>sslvo</strong></span> <span class='ocrx_word' id='word_1_324' title='bbox 2644 3752 2813 3800; x_wconf 76' lang='lat' dir='ltr'><strong>salvus</strong></span> 
     </span>
     <span class='ocr_line' id='line_1_55' title="bbox 1770 3829 2818 3893; baseline 0.001 -15"><span class='ocrx_word' id='word_1_325' title='bbox 1770 3846 1871 3878; x_wconf 85' lang='lat' dir='ltr'><strong>esse</strong></span> <span class='ocrx_word' id='word_1_326' title='bbox 1897 3847 2006 3882; x_wconf 78' lang='lat' dir='ltr'><strong>non.</strong></span> <span class='ocrx_word' id='word_1_327' title='bbox 2025 3840 2245 3893; x_wconf 76' lang='lat' dir='ltr'><strong>poterat,</strong></span> <span class='ocrx_word' id='word_1_328' title='bbox 2276 3846 2336 3877; x_wconf 88' lang='lat' dir='ltr'><strong>eo</strong></span> <span class='ocrx_word' id='word_1_329' title='bbox 2364 3829 2563 3877; x_wconf 77' lang='lat' dir='ltr'><strong>sublato</strong></span> <span class='ocrx_word' id='word_1_330' title='bbox 2593 3847 2818 3879; x_wconf 83' lang='lat' dir='ltr'><strong>morere·</strong></span> 
     </span>
     <span class='ocr_line' id='line_1_56' title="bbox 1770 3910 2814 3973; baseline 0.002 -17"><span class='ocrx_word' id='word_1_331' title='bbox 1770 3919 1868 3956; x_wconf 84' lang='lat' dir='ltr'><strong>tur.</strong></span> <span class='ocrx_word' id='word_1_332' title='bbox 1896 3910 2091 3973; x_wconf 82' lang='lat' dir='ltr'><strong>Quippe</strong></span> <span class='ocrx_word' id='word_1_333' title='bbox 2121 3911 2188 3957; x_wconf 80' lang='lat' dir='ltr'><strong>its</strong></span> <span class='ocrx_word' id='word_1_334' title='bbox 2225 3926 2275 3957; x_wconf 87' lang='lat' dir='ltr'><strong>se</strong></span> <span class='ocrx_word' id='word_1_335' title='bbox 2307 3925 2466 3958; x_wconf 85' lang='lat' dir='ltr'><strong>mores</strong></span> <span class='ocrx_word' id='word_1_336' title='bbox 2497 3910 2694 3958; x_wconf 78' lang='lat' dir='ltr'><strong>habent</strong></span> <span class='ocrx_word' id='word_1_337' title='bbox 2716 3945 2732 3966; x_wconf 85' lang='lat'>‚</span> <span class='ocrx_word' id='word_1_338' title='bbox 2761 3921 2814 3957; x_wconf 89' lang='lat' dir='ltr'><strong>ut</strong></span> 
     </span>
     <span class='ocr_line' id='line_1_57' title="bbox 1767 3987 2813 4052; baseline 0.003 -18"><span class='ocrx_word' id='word_1_339' title='bbox 1767 3987 1963 4052; x_wconf 75' lang='lat' dir='ltr'><strong>publica</strong></span> <span class='ocrx_word' id='word_1_340' title='bbox 1990 3988 2194 4051; x_wconf 89' lang='lat' dir='ltr'><strong>quisque</strong></span> <span class='ocrx_word' id='word_1_341' title='bbox 2217 3988 2354 4036; x_wconf 74' lang='lat' dir='ltr'><strong>ruins</strong></span> <span class='ocrx_word' id='word_1_342' title='bbox 2380 3987 2520 4035; x_wconf 79' lang='lat' dir='ltr'><strong>malit</strong></span> <span class='ocrx_word' id='word_1_343' title='bbox 2541 3990 2813 4046; x_wconf 83' lang='lat' dir='ltr'><strong>occidere,</strong></span> 
     </span>
     <span class='ocr_line' id='line_1_58' title="bbox 1771 4066 2817 4132; baseline 0.004 -19"><span class='ocrx_word' id='word_1_344' title='bbox 1771 4082 1914 4129; x_wconf 77' lang='lat' dir='ltr'><strong>quam</strong></span> <span class='ocrx_word' id='word_1_345' title='bbox 1953 4082 2037 4114; x_wconf 76' lang='lat' dir='ltr'><strong>sus</strong></span> <span class='ocrx_word' id='word_1_346' title='bbox 2076 4067 2292 4130; x_wconf 81' lang='lat' dir='ltr'><strong>proteri,</strong></span> <span class='ocrx_word' id='word_1_347' title='bbox 2320 4078 2369 4115; x_wconf 90' lang='lat' dir='ltr'><strong>et</strong></span> <span class='ocrx_word' id='word_1_348' title='bbox 2404 4066 2533 4115; x_wconf 86' lang='lat' dir='ltr'><strong>idem</strong></span> <span class='ocrx_word' id='word_1_349' title='bbox 2570 4084 2817 4132; x_wconf 67' lang='lat' dir='ltr'><strong>pessmus</strong></span> 
     </span>
     <span class='ocr_line' id='line_1_59' title="bbox 1771 4147 2228 4212; baseline 0.007 -19"><span class='ocrx_word' id='word_1_350' title='bbox 1771 4147 1928 4194; x_wconf 76' lang='lat' dir='ltr'><strong>uiiuus</strong></span> <span class='ocrx_word' id='word_1_351' title='bbox 1953 4148 2168 4212; x_wconf 82' lang='lat' dir='ltr'><strong>conspici</strong></span> <span class='ocrx_word' id='word_1_352' title='bbox 2189 4171 2228 4196; x_wconf 73' lang='lat' dir='ltr'><strong>u.</strong></span> 
     </span>
    </p>
   </div>
  </div>
 </body>
</html>
