2994 4778
325 422 634 489 ORAT.
687 421 827 489 DE
874 421 1174 489 PROV.
1232 422 2065 495 CONSULARIBUS.

2172 452 2303 522 27¹

189 543 641 642 prehendat?
699 545 1088 639 praesertim
1144 570 1374 642 quum
1427 568 1563 641 ego
1620 550 1946 618 omnium
1995 573 2322 622 meorum

194 654 658 726 consiliorum
698 668 916 750 atque
953 653 1305 725 factorum
1343 655 1671 754 exempla
1704 682 1987 755 semper
2018 684 2108 730 ex
2136 686 2324 734 sum-

196 789 471 836 morum
512 764 901 834 hominum
936 762 1138 834 factis
1169 764 1345 834 mihi
1378 768 1782 836 censuerim
1822 767 2147 862 petenda.
2321 834 2326 837 ,

287 878 393 944 IX.
432 881 549 945 An
582 898 760 944 vero
791 898 940 944 non
964 878 1072 944 M.
1113 875 1230 945 ille
1266 874 1585 971 Lepidus
1609 887 1663 961 ¹,
1706 880 1829 972 qui
1879 876 1991 948 bis
2027 882 2314 969 consul,

197 997 265 1055 et
294 981 633 1110 pontifex
666 986 1020 1055 maximus
1049 983 1262 1065 fuit2.
1289 1009 1439 1055 non
1475 985 1714 1056 solum
1742 989 2105 1139 memoriaae
2136 991 2329 1061 testi·

194 1098 475 1182 meniu,
529 1092 664 1165 sed
716 1095 921 1165 etiam
971 1094 1337 1165 annalium
1383 1093 1606 1165 literis
1645 1110 1717 1165 et
1752 1093 2061 1166 summi³
2099 1115 2327 1195 poetae

195 1229 355 1275 voce
386 1202 736 1276 laudatus
771 1219 920 1291 est,
958 1203 1158 1301 quod
1200 1228 1367 1275 cum
1405 1209 1501 1276 M.
1542 1204 1793 1277 Fulvio
1827 1208 2135 1305 collega,
2177 1235 2328 1306 quo

197 1310 301 1384 die
325 1337 601 1385 censor
636 1328 744 1384 est
768 1311 1034 1402 factus,
1073 1314 1424 1385 homine
1408 1316 1927 1401 inimicissime,
1963 1320 2040 1388 in
2069 1344 2329 1420 campo

198 1425 423 1493 statim
458 1421 742 1494 rediit
724 1450 800 1495 ιιι
841 1423 1215 1521 gratiam4,
1252 1440 1335 1495 ut
1368 1449 1755 1497 commune
1790 1425 2116 1499 officium
2156 1455 2327 1507 cen-

201 1557 366 1604 surae
397 1535 786 1606 communi
828 1539 1070 1606 animo
1116 1560 1197 1606 ac
1237 1535 1605 1606 voluntate
1641 1535 2163 1610 defenderent?
2205 1548 2324 1613 At-

201 1666 343 1737 que
370 1695 389 1728 ,
435 1658 528 1713 ut
586 1656 831 1714 vetera
857 1699 876 1728 ‚
936 1670 1094 1741 quae
1143 1659 1312 1716 sunt
1362 1646 1949 1730 innumerabilia,
2009 1652 2330 1740 mittam3

206 1763 364 1822 tuus
409 1768 647 1850 pater,
694 1753 1061 1852 Philippe‚
1114 1779 1360 1827 nonne
1404 1780 1560 1826 uno
1597 1771 1926 1854 tempore
1971 1783 2135 1830 cum
2180 1764 2329 1833 suis

208 1861 504 1934 inimicis
524 1865 606 1934 in
631 1866 927 1961 gratiam
950 1864 1203 1936 rediit?
1224 1864 1491 1962 quibus
1518 1890 1685 1936 eum
1715 1867 2053 1940 omnibus
2080 1869 2328 1942 eadem

210 1971 608 2068 respublica
665 1974 1148 2046 reconciliavit
1175 2027 1194 2061 ‚
1248 1999 1412 2072 quae
1466 1975 1826 2048 alienarat.
1876 1978 2106 2050 Multa
2148 2004 2329 2077 prae-

214 2092 435 2171 temo,
475 2083 682 2180 quod
715 2088 1008 2156 intueor
1049 2109 1290 2156 coram
1339 2085 1488 2157 haec
1533 2086 1810 2157 lumina
1859 2102 2075 2185 atque
2115 2114 2329 2163 orna-

215 2208 444 2265 menta
476 2194 894 2293 reipublicae
915 2249 936 2283 ‚
977 2200 1050 2266 P.
1083 2195 1459 2267 Servilium
1496 2210 1571 2268 et
1600 2201 1695 2268 M.
1726 2199 2114 2271 Lucullum
2143 2227 2162 2272 t
2194 2206 2331 2274 uti·

287 2475 372 2522 tx.
400 2492 441 2523 1.
467 2476 582 2524 Non
610 2477 686 2523 M.
716 2474 797 2523 ille
824 2474 1049 2539 Lepidus.
1085 2474 1220 2522 Grae-

219 2555 317 2602 vius
341 2553 463 2605 delet
490 2573 595 2604 non
622 2566 736 2620 post
763 2556 1041 2603 Gruterum.
1057 2551 1220 2601 valer.

217 2633 338 2680 Rex.
354 2635 435 2684 lib.
458 2638 566 2692 111,
586 2652 634 2683 c.
659 2651 703 2694 1,
726 2634 788 2684 de
805 2634 1003 2683 indole:
1027 2632 1218 2680 «AEmi-

219 2711 302 2760 lius
313 2716 520 2780 Lepidm
534 2731 659 2779 puer
666 2717 807 2764 etiam
821 2727 926 2764 rum
940 2728 1221 2779 progressus

217 2797 264 2844 in
305 2795 451 2844 aciem
499 2795 693 2844 bostem
746 2793 1019 2852 interemit,
1070 2792 1222 2839 civem

218 2880 438 2940 sanvitg
453 2878 597 2936 eujus
608 2884 706 2922 tam
720 2871 1047 2921 memorabilis
1065 2871 1227 2935 operis

217 2958 356 3006 index
393 2961 446 3005 in
480 2954 727 3020 Capitolio
764 2965 924 3002 statua
959 2951 1142 3001 bullata
1179 2961 1230 2998 et

218 3038 423 3084 incincta
446 3045 674 3100 praetexta
702 3034 791 3082 SC.
812 3033 988 3096 posita.
998 3033 1226 3094 Iniquum

218 3117 338 3164 aim
380 3115 600 3180 putavit,
641 3128 751 3161 eum
789 3111 971 3160 honori
1005 3110 1229 3158 nondum

219 3196 551 3260 tempestivum
582 3191 772 3251 videri,
806 3191 894 3255 qni
919 3191 1020 3253 iem
1058 3188 1231 3238 virtuti

220 3285 422 3323 naturus
447 3274 633 3321 fuisset.

279 3369 332 3405 s.
370 3354 610 3416 Pontifex
639 3349 889 3400 maximus
906 3347 1032 3414 fuit.
1068 3346 1231 3394 Veler.

222 3430 296 3481 lib.
313 3433 409 3488 vl,
430 3448 479 3479 c.
498 3431 533 3478 6
559 3445 574 3478 z
610 3451 634 3472 ι
655 3432 822 3492 Quum
843 3427 1127 3477 ptolemeus
1144 3441 1232 3473 rex

222 3520 413 3560 tutorem
442 3509 688 3575 populum
716 3523 969 3556 romanum
993 3504 1099 3553 filio
1122 3504 1233 3551 reli-

222 3591 414 3652 qni-set,
427 3600 625 3638 senatus
640 3588 714 3636 M.
730 3586 977 3634 AEmilium
993 3583 1230 3648 Lepidum

222 3681 348 3731 pont.
388 3685 525 3717 mex.
570 3667 648 3715 bis
693 3664 945 3713 consulem
992 3663 1055 3711 ad
1091 3662 1232 3728 pueri

225 3749 405 3796 tutelam
428 3746 693 3813 gerendam
710 3742 1059 3793 Alexandriam
1076 3742 1234 3799 misit;

220 3827 590 3890 amplissimique
614 3837 663 3873 et
684 3822 981 3887 integerrimi
1004 3822 1095 3870 viri
1117 3837 1232 3868 san-

222 3905 422 3954 ctitatem
457 3903 743 3968 reipublice
776 3901 946 3949 usibus
963 3933 979 3960 ,
1014 3912 1064 3949 et
1089 3900 1235 3947 sacris

220 3996 457 4047 operatam
479 3994 695 4032 externa
711 3981 1046 4047 procurationi
1062 3994 1233 4027 vae-re

221 4063 398 4125 ἹῦῙΠίῙ,
423 4075 521 4113 ew.
552 4084 575 4107 n
645 4079 659 4096 ⁰

289 4144 337 4191 3.
358 4141 730 4206 Summipoeeae.
753 4138 897 4188 Ennii
915 4139 1000 4204 qui
1015 4138 1080 4189 sd
1102 4140 1238 4188 AEto-

1308 2471 1386 2519 liae
1438 2473 1620 2521 bellum
1666 2475 1738 2522 M.
1786 2476 2010 2525 Fulvium
2059 2477 2230 2543 Lepidi
2276 2482 2328 2527 in

1308 2565 1509 2600 censura
1531 2554 1765 2618 colleg-m
1782 2589 1797 2613 ,
1819 2567 2054 2618 sequutus
2075 2568 2162 2605 est.

1388 2639 1439 2687 4.
1463 2632 1623 2682 Rediit
1639 2633 1692 2680 in
1702 2633 1941 2697 graetiam.
1964 2637 2038 2682 De
2056 2636 2146 2684 boc
2163 2650 2333 2684 recou-

1309 2716 1553 2765 ciliatione
1580 2712 1688 2761 val.
1718 2713 1855 2761 Max.
1883 2712 1967 2761 lib.
1992 2717 2078 2772 IV,
2109 2730 2216 2778 cap.
2252 2730 2337 2776 ιι,

1311 2807 1359 2845 et
1378 2795 1566 2843 Ennius
1585 2792 1638 2840 in
1654 2793 1944 2842 Annalibus.
1973 2793 2194 2842 AEmilius
2215 2810 2334 2857 que·

1314 2875 1509 2923 rebatur
1547 2892 1571 2916 ι
1597 2871 1671 2919 bis
1712 2889 1740 2920 a
1776 2875 1849 2921 M.
1887 2872 2062 2923 Fulvio
2109 2887 2160 2923 se
2196 2881 2334 2922 oerto

1313 2952 1572 3003 considam
1601 2950 1860 3012 dejectum.
1900 2953 2098 3006 Fulvius
2133 2964 2333 3012 contra,

1313 3050 1364 3081 se
1381 3032 1442 3080 ab
1464 3047 1524 3077 eo
1544 3047 1734 3094 semper
1750 3031 2020 3080 lacessitum
2036 3067 2051 3090 ‚
2075 3045 2122 3080 et
2143 3033 2193 3078 in
2213 3048 2334 3096 pro-

1314 3112 1458 3160 brum
1471 3125 1613 3157 snum
1627 3112 1937 3174 sponsionem
1950 3112 2126 3160 sectam
2141 3126 2155 3160 ε
2171 3121 2331 3158 tamen

1286 3201 1290 3206 '
1312 3189 1461 3238 ambo
1486 3186 1786 3251 significare,
1810 3191 1850 3235 si
1875 3189 1995 3237 alter
2017 3190 2189 3247 vellet,
2214 3205 2264 3238 se
2286 3190 2338 3238 iu

1314 3278 1558 3334 potestne
1581 3277 1656 3314 tot
1678 3268 1959 3333 principum
1978 3269 2186 3317 civitatis
2208 3269 2342 3315 sutu-

1319 3363 1420 3396 ros.
1462 3345 1705 3395 Omnibus
1741 3347 2032 3398 instantibus
2048 3383 2063 3407 ,
2100 3349 2184 3414 qui
2223 3346 2340 3398 ade-

1319 3436 1428 3475 rant
1444 3461 1459 3486 ,
1485 3424 1709 3474 dexteras
1731 3425 1974 3491 fidemque
1997 3428 2198 3487 dedere,
2224 3429 2338 3475 mit-

1320 3518 1420 3555 tere
1464 3521 1575 3552 vere
1621 3521 1678 3552 ac
1724 3503 1866 3573 finire
1915 3505 2099 3556 odium.
2155 3504 2343 3572 Deinde

1308 3583 1711 3646 ‘collaudantibus
1751 3586 1943 3632 cunctis
1987 3584 2182 3636 deducti
2226 3595 2339 3636 sunt

1318 3664 1371 3711 in
1393 3663 1691 3728 Capitolium
1703 3686 1748 3712 ο.
1768 3665 1963 3724 Livius,
1982 3664 2070 3713 lib.
2089 3665 2194 3712 xL.
2214 3663 2340 3722 Geli.

1319 3741 1411 3790 lib.
1440 3744 1577 3799 111,
1603 3759 1710 3806 cap.
1741 3744 1803 3804 8,
1834 3742 1897 3788 de
1922 3742 2014 3789 bac
2040 3742 2142 3807 ipsa
2170 3757 2221 3787 re
2250 3741 2349 3789 dis-

1324 3837 1488 3869 serens
1508 3834 1522 3868 ε
1545 3843 1571 3863 ιι
1586 3823 1751 3884 Atque
1769 3819 1840 3867 illi
1859 3820 1946 3868 ubi
1964 3835 2085 3867 voce
2101 3819 2345 3885 praeconis

1321 3900 1590 3947 renuntiati
1632 3908 1746 3945 sunt
1773 3935 1788 3958 ,
1839 3898 2022 3947 ibidem
2069 3899 2124 3944 in
2174 3913 2346 3963 campo

1324 3979 1485 4027 statim
1505 3976 1727 4025 nondum
1749 3976 1940 4026 dimissa
1959 3977 2200 4025 concione
2215 3976 2346 4026 ultro

1314 4067 1530 4120 *uterque
1547 4089 1564 4115 ,
1602 4066 1651 4104 et
1676 4057 1781 4120 peri
1813 4056 2063 4108 voluntate
2090 4052 2345 4115 conjuncti

1326 4135 1668 4200 complexique
1687 4145 1802 4183 sunt
1818 4156 1860 4185 n.
