<?xml version="1.0" encoding="UTF-8"?>
<!DOCTYPE html PUBLIC "-//W3C//DTD XHTML 1.0 Transitional//EN"
    "http://www.w3.org/TR/xhtml1/DTD/xhtml1-transitional.dtd">
<html xmlns="http://www.w3.org/1999/xhtml" xml:lang="en" lang="en">
 <head>
  <title>
</title>
<meta http-equiv="Content-Type" content="text/html;charset=utf-8" />
  <meta name='ocr-system' content='tesseract 3.04.00' />
  <meta name='ocr-capabilities' content='ocr_page ocr_carea ocr_par ocr_line ocrx_word'/>
</head>
<body>
  <div class='ocr_page' id='page_1' title='image "./mtciceronisquae06lemagoog_0426.png"; bbox 0 0 2994 4778; ppageno 0'>
   <div class='ocr_carea' id='block_1_1' title="bbox 604 389 2099 474">
    <p class='ocr_par' dir='ltr' id='par_1_1' title="bbox 604 389 2099 474">
     <span class='ocr_line' id='line_1_1' title="bbox 604 389 2099 474; baseline -0.001 -17"><span class='ocrx_word' id='word_1_1' title='bbox 604 390 747 474; x_wconf 63' lang='grc' dir='ltr'>4ης</span> <span class='ocrx_word' id='word_1_2' title='bbox 1255 391 1350 456; x_wconf 90' lang='grc' dir='ltr'>Μ.</span> <span class='ocrx_word' id='word_1_3' title='bbox 1403 390 1479 454; x_wconf 85' lang='grc' dir='ltr'>Τ.</span> <span class='ocrx_word' id='word_1_4' title='bbox 1535 389 2099 458; x_wconf 77' lang='lat' dir='ltr'>CICERONIS</span> 
     </span>
    </p>
   </div>
   <div class='ocr_carea' id='block_1_2' title="bbox 598 505 2746 2145">
    <p class='ocr_par' dir='ltr' id='par_1_2' title="bbox 598 505 2746 2145">
     <span class='ocr_line' id='line_1_2' title="bbox 605 505 2746 606; baseline 0.001 -25"><span class='ocrx_word' id='word_1_5' title='bbox 605 511 1075 581; x_wconf 89' lang='lat' dir='ltr'>domesticum</span> <span class='ocrx_word' id='word_1_6' title='bbox 1124 523 1655 606; x_wconf 86' lang='lat' dir='ltr'>paternumque</span> <span class='ocrx_word' id='word_1_7' title='bbox 1700 509 2110 579; x_wconf 84' lang='lat' dir='ltr'>renovasti?</span> <span class='ocrx_word' id='word_1_8' title='bbox 2166 505 2508 581; x_wconf 79' lang='lat' dir='ltr'>Videras8</span> <span class='ocrx_word' id='word_1_9' title='bbox 2547 514 2746 583; x_wconf 88' lang='lat' dir='ltr'>enim</span> 
     </span>
     <span class='ocr_line' id='line_1_3' title="bbox 605 617 2743 718; baseline 0.001 -26"><span class='ocrx_word' id='word_1_10' title='bbox 605 619 894 718; x_wconf 86' lang='lat' dir='ltr'>grandis</span> <span class='ocrx_word' id='word_1_11' title='bbox 927 621 1071 715; x_wconf 89' lang='lat' dir='ltr'>jam</span> <span class='ocrx_word' id='word_1_12' title='bbox 1118 643 1332 715; x_wconf 88' lang='lat' dir='ltr'>puer,</span> <span class='ocrx_word' id='word_1_13' title='bbox 1379 617 1574 689; x_wconf 85' lang='lat' dir='ltr'>bello</span> <span class='ocrx_word' id='word_1_14' title='bbox 1612 618 1864 689; x_wconf 89' lang='lat' dir='ltr'>Italico</span> <span class='ocrx_word' id='word_1_15' title='bbox 1881 630 1937 704; x_wconf 87' lang='lat'>9,</span> <span class='ocrx_word' id='word_1_16' title='bbox 1992 618 2253 715; x_wconf 85' lang='lat' dir='ltr'>repleri</span> <span class='ocrx_word' id='word_1_17' title='bbox 2291 636 2582 716; x_wconf 81' lang='lat' dir='ltr'>quaestu</span> <span class='ocrx_word' id='word_1_18' title='bbox 2623 648 2743 694; x_wconf 87' lang='lat' dir='ltr'>ve-</span> 
     </span>
     <span class='ocr_line' id='line_1_4' title="bbox 608 727 2744 829; baseline 0 -27"><span class='ocrx_word' id='word_1_19' title='bbox 608 748 824 803; x_wconf 84' lang='lat' dir='ltr'>stram</span> <span class='ocrx_word' id='word_1_20' title='bbox 862 731 1436 825; x_wconf 83' lang='lat' dir='ltr'>domum‚quum</span> <span class='ocrx_word' id='word_1_21' title='bbox 1473 743 1679 826; x_wconf 86' lang='lat' dir='ltr'>pater</span> <span class='ocrx_word' id='word_1_22' title='bbox 1718 730 1937 799; x_wconf 87' lang='lat' dir='ltr'>armis</span> <span class='ocrx_word' id='word_1_23' title='bbox 1977 727 2313 800; x_wconf 84' lang='lat' dir='ltr'>faciendis</span> <span class='ocrx_word' id='word_1_24' title='bbox 2349 745 2529 806; x_wconf 85' lang='lat' dir='ltr'>tuus</span> <span class='ocrx_word' id='word_1_25' title='bbox 2565 757 2744 829; x_wconf 82' lang='lat' dir='ltr'>prae-</span> 
     </span>
     <span class='ocr_line' id='line_1_5' title="bbox 607 838 2744 937; baseline -0.001 -24"><span class='ocrx_word' id='word_1_26' title='bbox 607 841 961 913; x_wconf 84' lang='lat' dir='ltr'>fuisset¹⁰.</span> <span class='ocrx_word' id='word_1_27' title='bbox 1020 838 1268 931; x_wconf 78' lang='lat' dir='ltr'>Quid?</span> <span class='ocrx_word' id='word_1_28' title='bbox 1336 838 1752 935; x_wconf 86' lang='lat' dir='ltr'>vectigalem</span> <span class='ocrx_word' id='word_1_29' title='bbox 1825 842 2377 935; x_wconf 84' lang='lat' dir='ltr'>provinciam¹¹‚</span> <span class='ocrx_word' id='word_1_30' title='bbox 2439 841 2744 937; x_wconf 85' lang='lat' dir='ltr'>singulis</span> 
     </span>
     <span class='ocr_line' id='line_1_6' title="bbox 607 950 2746 1049; baseline -0.002 -26"><span class='ocrx_word' id='word_1_31' title='bbox 607 953 860 1039; x_wconf 81' lang='lat' dir='ltr'>rebuS‚</span> <span class='ocrx_word' id='word_1_32' title='bbox 897 973 1378 1049; x_wconf 66' lang='lat' dir='ltr'>quaecumque</span> <span class='ocrx_word' id='word_1_33' title='bbox 1408 951 1770 1035; x_wconf 88' lang='lat' dir='ltr'>venirent,</span> <span class='ocrx_word' id='word_1_34' title='bbox 1811 961 2011 1019; x_wconf 84' lang='lat' dir='ltr'>certo</span> <span class='ocrx_word' id='word_1_35' title='bbox 2054 950 2462 1045; x_wconf 82' lang='lat' dir='ltr'>portorio¹²</span> <span class='ocrx_word' id='word_1_36' title='bbox 2513 951 2746 1047; x_wconf 90' lang='lat' dir='ltr'>impo-</span> 
     </span>
     <span class='ocr_line' id='line_1_7' title="bbox 606 1056 2742 1155; baseline -0.003 -20"><span class='ocrx_word' id='word_1_37' title='bbox 606 1068 785 1149; x_wconf 89' lang='lat' dir='ltr'>sito,</span> <span class='ocrx_word' id='word_1_38' title='bbox 840 1066 1057 1133; x_wconf 85' lang='lat' dir='ltr'>servis</span> <span class='ocrx_word' id='word_1_39' title='bbox 1094 1057 1315 1130; x_wconf 82' lang='lat' dir='ltr'>tuis¹³</span> <span class='ocrx_word' id='word_1_40' title='bbox 1364 1057 1770 1155; x_wconf 86' lang='lat' dir='ltr'>publicanis</span> <span class='ocrx_word' id='word_1_41' title='bbox 1815 1084 1855 1128; x_wconf 89' lang='lat' dir='ltr'>a</span> <span class='ocrx_word' id='word_1_42' title='bbox 1888 1074 1960 1129; x_wconf 87' lang='lat' dir='ltr'>te</span> <span class='ocrx_word' id='word_1_43' title='bbox 1995 1056 2254 1129; x_wconf 86' lang='lat' dir='ltr'>factam</span> <span class='ocrx_word' id='word_1_44' title='bbox 2302 1084 2458 1130; x_wconf 83' lang='lat' dir='ltr'>esse</span> <span class='ocrx_word' id='word_1_45' title='bbox 2495 1062 2742 1131; x_wconf 88' lang='lat' dir='ltr'>memi-</span> 
     </span>
     <span class='ocr_line' id='line_1_8' title="bbox 608 1167 2742 1274; baseline -0.003 -28"><span class='ocrx_word' id='word_1_46' title='bbox 608 1174 824 1274; x_wconf 76' lang='lat' dir='ltr'>nisti?</span> <span class='ocrx_word' id='word_1_47' title='bbox 869 1171 1106 1262; x_wconf 83' lang='lat' dir='ltr'>Quid?</span> <span class='ocrx_word' id='word_1_48' title='bbox 1145 1170 1588 1241; x_wconf 81' lang='lat' dir='ltr'><strong>centuriatus</strong></span> <span class='ocrx_word' id='word_1_49' title='bbox 1630 1168 1860 1265; x_wconf 85' lang='lat' dir='ltr'>palam</span> <span class='ocrx_word' id='word_1_50' title='bbox 1919 1167 2300 1239; x_wconf 81' lang='lat' dir='ltr'>venditos?</span> <span class='ocrx_word' id='word_1_51' title='bbox 2348 1169 2570 1266; x_wconf 84' lang='lat' dir='ltr'>quid?</span> <span class='ocrx_word' id='word_1_52' title='bbox 2608 1195 2742 1266; x_wconf 87' lang='lat' dir='ltr'>per</span> 
     </span>
     <span class='ocr_line' id='line_1_9' title="bbox 606 1279 2737 1377; baseline -0.003 -21"><span class='ocrx_word' id='word_1_53' title='bbox 606 1300 814 1356; x_wconf 86' lang='lat' dir='ltr'>tuum</span> <span class='ocrx_word' id='word_1_54' title='bbox 880 1280 1243 1353; x_wconf 89' lang='lat' dir='ltr'>servulum</span> <span class='ocrx_word' id='word_1_55' title='bbox 1319 1279 1609 1350; x_wconf 82' lang='lat' dir='ltr'>ordines</span> <span class='ocrx_word' id='word_1_56' title='bbox 1677 1280 2124 1377; x_wconf 81' lang='lat' dir='ltr'>assignatos?</span> <span class='ocrx_word' id='word_1_57' title='bbox 2182 1279 2416 1375; x_wconf 80' lang='lat' dir='ltr'>quid?</span> <span class='ocrx_word' id='word_1_58' title='bbox 2473 1282 2737 1377; x_wconf 86' lang='lat' dir='ltr'>stipen-</span> 
     </span>
     <span class='ocr_line' id='line_1_10' title="bbox 606 1389 2740 1490; baseline -0.003 -25"><span class='ocrx_word' id='word_1_59' title='bbox 606 1395 809 1490; x_wconf 83' lang='lat' dir='ltr'>dium</span> <span class='ocrx_word' id='word_1_60' title='bbox 831 1397 889 1444; x_wconf 74' lang='lat'>¹4</span> <span class='ocrx_word' id='word_1_61' title='bbox 923 1390 1270 1461; x_wconf 86' lang='lat' dir='ltr'>militibus</span> <span class='ocrx_word' id='word_1_62' title='bbox 1299 1414 1424 1487; x_wconf 84' lang='lat' dir='ltr'>per</span> <span class='ocrx_word' id='word_1_63' title='bbox 1452 1413 1705 1460; x_wconf 86' lang='lat' dir='ltr'>omnes</span> <span class='ocrx_word' id='word_1_64' title='bbox 1733 1413 1962 1460; x_wconf 90' lang='lat' dir='ltr'>annos</span> <span class='ocrx_word' id='word_1_65' title='bbox 1990 1415 2030 1460; x_wconf 91' lang='lat' dir='ltr'>a</span> <span class='ocrx_word' id='word_1_66' title='bbox 2062 1389 2507 1477; x_wconf 77' lang='lat' dir='ltr'>civitatibuS,</span> <span class='ocrx_word' id='word_1_67' title='bbox 2539 1415 2740 1460; x_wconf 89' lang='lat' dir='ltr'>men-</span> 
     </span>
     <span class='ocr_line' id='line_1_11' title="bbox 605 1499 2733 1601; baseline -0.003 -24"><span class='ocrx_word' id='word_1_68' title='bbox 605 1507 698 1577; x_wconf 88' lang='lat' dir='ltr'>sis</span> <span class='ocrx_word' id='word_1_69' title='bbox 752 1502 985 1601; x_wconf 87' lang='lat' dir='ltr'>palam</span> <span class='ocrx_word' id='word_1_70' title='bbox 1040 1501 1461 1598; x_wconf 87' lang='lat' dir='ltr'>propositis,</span> <span class='ocrx_word' id='word_1_71' title='bbox 1503 1524 1659 1571; x_wconf 86' lang='lat' dir='ltr'>esse</span> <span class='ocrx_word' id='word_1_72' title='bbox 1702 1501 2213 1570; x_wconf 82' lang='lat' dir='ltr'>numeratum?</span> <span class='ocrx_word' id='word_1_73' title='bbox 2258 1499 2456 1589; x_wconf 89' lang='lat' dir='ltr'>Quid</span> <span class='ocrx_word' id='word_1_74' title='bbox 2495 1502 2618 1570; x_wconf 91' lang='lat' dir='ltr'>illa</span> <span class='ocrx_word' id='word_1_75' title='bbox 2663 1502 2733 1570; x_wconf 89' lang='lat' dir='ltr'>in</span> 
     </span>
     <span class='ocr_line' id='line_1_12' title="bbox 602 1606 2735 1707; baseline -0.002 -22"><span class='ocrx_word' id='word_1_76' title='bbox 602 1620 912 1685; x_wconf 88' lang='lat' dir='ltr'>Pontum</span> <span class='ocrx_word' id='word_1_77' title='bbox 940 1608 1290 1707; x_wconf 88' lang='lat' dir='ltr'>profectio</span> <span class='ocrx_word' id='word_1_78' title='bbox 1310 1606 1374 1651; x_wconf 83' lang='lat'>¹⁵</span> <span class='ocrx_word' id='word_1_79' title='bbox 1402 1624 1474 1681; x_wconf 89' lang='lat' dir='ltr'>et</span> <span class='ocrx_word' id='word_1_80' title='bbox 1502 1624 1803 1681; x_wconf 89' lang='lat' dir='ltr'>conatus</span> <span class='ocrx_word' id='word_1_81' title='bbox 1826 1611 2035 1680; x_wconf 80' lang='lat' dir='ltr'>tuus?</span> <span class='ocrx_word' id='word_1_82' title='bbox 2054 1610 2229 1705; x_wconf 87' lang='lat' dir='ltr'>quid</span> <span class='ocrx_word' id='word_1_83' title='bbox 2254 1608 2654 1681; x_wconf 85' lang='lat' dir='ltr'>debilitatio</span> <span class='ocrx_word' id='word_1_84' title='bbox 2676 1608 2735 1653; x_wconf 75' lang='lat'>¹⁶</span> 
     </span>
     <span class='ocr_line' id='line_1_13' title="bbox 600 1719 2735 1819; baseline -0.001 -26"><span class='ocrx_word' id='word_1_85' title='bbox 600 1738 821 1819; x_wconf 85' lang='lat' dir='ltr'>atque</span> <span class='ocrx_word' id='word_1_86' title='bbox 863 1720 1169 1812; x_wconf 83' lang='lat' dir='ltr'>abjectio</span> <span class='ocrx_word' id='word_1_87' title='bbox 1211 1721 1432 1789; x_wconf 89' lang='lat' dir='ltr'>animi</span> <span class='ocrx_word' id='word_1_88' title='bbox 1476 1720 1624 1806; x_wconf 85' lang='lat' dir='ltr'>tui,</span> <span class='ocrx_word' id='word_1_89' title='bbox 1686 1719 2107 1791; x_wconf 89' lang='lat' dir='ltr'>Macedonia</span> <span class='ocrx_word' id='word_1_90' title='bbox 2162 1722 2496 1817; x_wconf 81' lang='lat' dir='ltr'>praetoria</span> <span class='ocrx_word' id='word_1_91' title='bbox 2551 1747 2735 1791; x_wconf 88' lang='lat' dir='ltr'>nun-</span> 
     </span>
     <span class='ocr_line' id='line_1_14' title="bbox 602 1828 2731 1926; baseline -0.001 -24"><span class='ocrx_word' id='word_1_92' title='bbox 602 1834 801 1915; x_wconf 82' lang='lat' dir='ltr'>tiata,</span> <span class='ocrx_word' id='word_1_93' title='bbox 855 1851 1084 1924; x_wconf 88' lang='lat' dir='ltr'>quum</span> <span class='ocrx_word' id='word_1_94' title='bbox 1138 1843 1254 1913; x_wconf 92' lang='lat' dir='ltr'>tu,</span> <span class='ocrx_word' id='word_1_95' title='bbox 1300 1853 1447 1913; x_wconf 81' lang='lat' dir='ltr'>non</span> <span class='ocrx_word' id='word_1_96' title='bbox 1487 1829 1723 1900; x_wconf 89' lang='lat' dir='ltr'>solum</span> <span class='ocrx_word' id='word_1_97' title='bbox 1765 1830 1965 1926; x_wconf 92' lang='lat' dir='ltr'>quod</span> <span class='ocrx_word' id='word_1_98' title='bbox 2004 1828 2140 1901; x_wconf 90' lang='lat' dir='ltr'>tibi</span> <span class='ocrx_word' id='word_1_99' title='bbox 2191 1829 2731 1915; x_wconf 83' lang='lat' dir='ltr'>succederetur,</span> 
     </span>
     <span class='ocr_line' id='line_1_15' title="bbox 598 1934 2732 2036; baseline -0 -25"><span class='ocrx_word' id='word_1_100' title='bbox 598 1938 725 2011; x_wconf 88' lang='lat' dir='ltr'>sed</span> <span class='ocrx_word' id='word_1_101' title='bbox 788 1934 990 2033; x_wconf 92' lang='lat' dir='ltr'>quod</span> <span class='ocrx_word' id='word_1_102' title='bbox 1047 1935 1360 2006; x_wconf 85' lang='lat' dir='ltr'>Gabinio</span> <span class='ocrx_word' id='word_1_103' title='bbox 1416 1962 1568 2007; x_wconf 88' lang='lat' dir='ltr'>non</span> <span class='ocrx_word' id='word_1_104' title='bbox 1635 1938 2167 2022; x_wconf 82' lang='lat' dir='ltr'>succederetur,</span> <span class='ocrx_word' id='word_1_105' title='bbox 2230 1945 2605 2036; x_wconf 82' lang='lat' dir='ltr'>exsanguis</span> <span class='ocrx_word' id='word_1_106' title='bbox 2656 1956 2732 2011; x_wconf 91' lang='lat' dir='ltr'>et</span> 
     </span>
     <span class='ocr_line' id='line_1_16' title="bbox 599 2045 2726 2145; baseline 0.002 -28"><span class='ocrx_word' id='word_1_107' title='bbox 599 2061 928 2118; x_wconf 89' lang='lat' dir='ltr'>mortuus</span> <span class='ocrx_word' id='word_1_108' title='bbox 993 2045 1416 2117; x_wconf 82' lang='lat' dir='ltr'>concidisti?</span> <span class='ocrx_word' id='word_1_109' title='bbox 1494 2047 1687 2136; x_wconf 89' lang='lat' dir='ltr'>Quid</span> <span class='ocrx_word' id='word_1_110' title='bbox 1748 2063 2063 2144; x_wconf 83' lang='lat' dir='ltr'>quaestor</span> <span class='ocrx_word' id='word_1_111' title='bbox 2138 2048 2471 2120; x_wconf 83' lang='lat' dir='ltr'>aedilitius</span> <span class='ocrx_word' id='word_1_112' title='bbox 2546 2052 2726 2145; x_wconf 86' lang='lat' dir='ltr'>reje-</span> 
     </span>
    </p>
   </div>
   <div class='ocr_carea' id='block_1_3' title="bbox 573 2223 1619 4188">
    <p class='ocr_par' dir='ltr' id='par_1_3' title="bbox 594 2223 1619 2671">
     <span class='ocr_line' id='line_1_17' title="bbox 663 2223 1617 2283; baseline -0.002 -8"><span class='ocrx_word' id='word_1_113' title='bbox 663 2229 712 2275; x_wconf 85' lang='lat'>8.</span> <span class='ocrx_word' id='word_1_114' title='bbox 764 2226 966 2273; x_wconf 76' lang='lat' dir='ltr'>Videras</span> <span class='ocrx_word' id='word_1_115' title='bbox 1004 2225 1146 2271; x_wconf 76' lang='lat' dir='ltr'>enim.</span> <span class='ocrx_word' id='word_1_116' title='bbox 1193 2223 1273 2272; x_wconf 79' lang='lat' dir='ltr'>Ab</span> <span class='ocrx_word' id='word_1_117' title='bbox 1310 2224 1538 2283; x_wconf 81' lang='lat' dir='ltr'>avaritia,</span> <span class='ocrx_word' id='word_1_118' title='bbox 1566 2237 1617 2273; x_wconf 88' lang='lat' dir='ltr'>et</span> 
     </span>
     <span class='ocr_line' id='line_1_18' title="bbox 594 2302 1617 2366; baseline -0.002 -13"><span class='ocrx_word' id='word_1_119' title='bbox 594 2303 822 2355; x_wconf 83' lang='lat' dir='ltr'>sordibus</span> <span class='ocrx_word' id='word_1_120' title='bbox 848 2305 1063 2366; x_wconf 81' lang='lat' dir='ltr'>paternis</span> <span class='ocrx_word' id='word_1_121' title='bbox 1093 2304 1144 2350; x_wconf 90' lang='lat' dir='ltr'>in</span> <span class='ocrx_word' id='word_1_122' title='bbox 1176 2303 1399 2350; x_wconf 85' lang='lat' dir='ltr'>Pisonem</span> <span class='ocrx_word' id='word_1_123' title='bbox 1432 2302 1617 2351; x_wconf 82' lang='lat' dir='ltr'>derivat</span> 
     </span>
     <span class='ocr_line' id='line_1_19' title="bbox 597 2382 1619 2446; baseline -0.004 -12"><span class='ocrx_word' id='word_1_124' title='bbox 597 2385 867 2440; x_wconf 76' lang='lat' dir='ltr'>infamiam3</span> <span class='ocrx_word' id='word_1_125' title='bbox 895 2382 1305 2445; x_wconf 79' lang='lat' dir='ltr'>quemadmodum</span> <span class='ocrx_word' id='word_1_126' title='bbox 1325 2418 1339 2441; x_wconf 85' lang='lat'><strong>,</strong></span> <span class='ocrx_word' id='word_1_127' title='bbox 1365 2394 1412 2431; x_wconf 87' lang='lat' dir='ltr'>ct</span> <span class='ocrx_word' id='word_1_128' title='bbox 1432 2393 1619 2446; x_wconf 84' lang='lat' dir='ltr'>patrem</span> 
     </span>
     <span class='ocr_line' id='line_1_20' title="bbox 598 2460 1617 2523; baseline -0.013 -9"><span class='ocrx_word' id='word_1_129' title='bbox 598 2465 813 2518; x_wconf 80' lang='lat' dir='ltr'>Pisonis,</span> <span class='ocrx_word' id='word_1_130' title='bbox 846 2463 896 2509; x_wconf 90' lang='lat' dir='ltr'>in</span> <span class='ocrx_word' id='word_1_131' title='bbox 932 2462 1166 2509; x_wconf 87' lang='lat' dir='ltr'>orationis</span> <span class='ocrx_word' id='word_1_132' title='bbox 1199 2463 1371 2523; x_wconf 83' lang='lat' dir='ltr'>initio,</span> <span class='ocrx_word' id='word_1_133' title='bbox 1406 2460 1617 2511; x_wconf 66' lang='lat'><strong>«0230-</strong></span> 
     </span>
     <span class='ocr_line' id='line_1_21' title="bbox 596 2538 1616 2592; baseline -0.001 -1"><span class='ocrx_word' id='word_1_134' title='bbox 596 2547 732 2592; x_wconf 86' lang='lat' dir='ltr'>nium</span> <span class='ocrx_word' id='word_1_135' title='bbox 755 2542 967 2590; x_wconf 84' lang='lat' dir='ltr'>bominis</span> <span class='ocrx_word' id='word_1_136' title='bbox 988 2541 1274 2589; x_wconf 67' lang='lat' dir='ltr'>furacissimi</span> <span class='ocrx_word' id='word_1_137' title='bbox 1298 2538 1452 2588; x_wconf 83' lang='lat' dir='ltr'>filium</span> <span class='ocrx_word' id='word_1_138' title='bbox 1470 2564 1495 2583; x_wconf 65' lang='grc' dir='ltr'><strong><em>κ</em></strong></span> <span class='ocrx_word' id='word_1_139' title='bbox 1523 2558 1616 2590; x_wconf 87' lang='lat' dir='ltr'>no-</span> 
     </span>
     <span class='ocr_line' id='line_1_22' title="bbox 600 2625 825 2671; baseline 0.004 -1"><span class='ocrx_word' id='word_1_140' title='bbox 600 2625 825 2671; x_wconf 80' lang='lat' dir='ltr'>minat-at.</span> 
     </span>
    </p>

    <p class='ocr_par' dir='ltr' id='par_1_4' title="bbox 595 2699 1618 2997">
     <span class='ocr_line' id='line_1_23' title="bbox 665 2699 1618 2765; baseline -0.001 -16"><span class='ocrx_word' id='word_1_141' title='bbox 665 2719 716 2765; x_wconf 85' lang='lat'>9.</span> <span class='ocrx_word' id='word_1_142' title='bbox 754 2700 891 2749; x_wconf 77' lang='lat' dir='ltr'>Bello</span> <span class='ocrx_word' id='word_1_143' title='bbox 919 2699 1110 2747; x_wconf 75' lang='lat' dir='ltr'>Italico.</span> <span class='ocrx_word' id='word_1_144' title='bbox 1147 2699 1386 2758; x_wconf 81' lang='lat' dir='ltr'>Marsico,</span> <span class='ocrx_word' id='word_1_145' title='bbox 1413 2701 1516 2748; x_wconf 82' lang='lat' dir='ltr'>sive</span> <span class='ocrx_word' id='word_1_146' title='bbox 1541 2717 1618 2748; x_wconf 86' lang='lat' dir='ltr'>so-</span> 
     </span>
     <span class='ocr_line' id='line_1_24' title="bbox 595 2779 1615 2840; baseline -0.002 -12"><span class='ocrx_word' id='word_1_147' title='bbox 595 2781 732 2836; x_wconf 84' lang='lat' dir='ltr'>ciali,</span> <span class='ocrx_word' id='word_1_148' title='bbox 760 2779 895 2840; x_wconf 89' lang='lat' dir='ltr'>quod</span> <span class='ocrx_word' id='word_1_149' title='bbox 924 2788 1038 2840; x_wconf 79' lang='lat' dir='ltr'>post</span> <span class='ocrx_word' id='word_1_150' title='bbox 1070 2789 1274 2825; x_wconf 83' lang='lat' dir='ltr'>mortem</span> <span class='ocrx_word' id='word_1_151' title='bbox 1312 2779 1436 2826; x_wconf 78' lang='lat' dir='ltr'>Livii</span> <span class='ocrx_word' id='word_1_152' title='bbox 1469 2781 1615 2827; x_wconf 88' lang='lat' dir='ltr'>Drusi</span> 
     </span>
     <span class='ocr_line' id='line_1_25' title="bbox 595 2856 1615 2922; baseline 0 -15"><span class='ocrx_word' id='word_1_153' title='bbox 595 2859 891 2907; x_wconf 85' lang='lat' dir='ltr'>concitatum</span> <span class='ocrx_word' id='word_1_154' title='bbox 917 2868 987 2903; x_wconf 87' lang='lat' dir='ltr'>est</span> <span class='ocrx_word' id='word_1_155' title='bbox 1011 2856 1206 2919; x_wconf 88' lang='lat' dir='ltr'>populis</span> <span class='ocrx_word' id='word_1_156' title='bbox 1234 2857 1412 2905; x_wconf 76' lang='lat' dir='ltr'>Italicis</span> <span class='ocrx_word' id='word_1_157' title='bbox 1439 2871 1615 2922; x_wconf 84' lang='lat' dir='ltr'>peteu-</span> 
     </span>
     <span class='ocr_line' id='line_1_26' title="bbox 596 2934 1491 2997; baseline 0 -12"><span class='ocrx_word' id='word_1_158' title='bbox 596 2937 725 2985; x_wconf 85' lang='lat' dir='ltr'>tibus</span> <span class='ocrx_word' id='word_1_159' title='bbox 737 2938 817 2997; x_wconf 84' lang='lat' dir='ltr'>jus</span> <span class='ocrx_word' id='word_1_160' title='bbox 834 2934 1173 2997; x_wconf 78' lang='lat' dir='ltr'>suffragiorum</span> <span class='ocrx_word' id='word_1_161' title='bbox 1196 2946 1243 2983; x_wconf 85' lang='lat' dir='ltr'>et</span> <span class='ocrx_word' id='word_1_162' title='bbox 1265 2937 1491 2985; x_wconf 84' lang='lat' dir='ltr'>civitatis.</span> 
     </span>
    </p>

    <p class='ocr_par' dir='ltr' id='par_1_5' title="bbox 593 3013 1613 3158">
     <span class='ocr_line' id='line_1_27' title="bbox 666 3013 1613 3081; baseline 0.002 -17"><span class='ocrx_word' id='word_1_163' title='bbox 666 3033 743 3064; x_wconf 79' lang='lat' dir='ltr'>xo.</span> <span class='ocrx_word' id='word_1_164' title='bbox 763 3013 926 3064; x_wconf 81' lang='lat' dir='ltr'>Armis</span> <span class='ocrx_word' id='word_1_165' title='bbox 933 3013 1187 3076; x_wconf 78' lang='lat' dir='ltr'>faciendis</span> <span class='ocrx_word' id='word_1_166' title='bbox 1207 3026 1316 3063; x_wconf 76' lang='lat' dir='ltr'>tetus</span> <span class='ocrx_word' id='word_1_167' title='bbox 1326 3015 1613 3081; x_wconf 76' lang='lat' dir='ltr'>pmfuissee.</span> 
     </span>
     <span class='ocr_line' id='line_1_28' title="bbox 593 3092 1590 3158; baseline 0 -14"><span class='ocrx_word' id='word_1_168' title='bbox 593 3097 759 3145; x_wconf 82' lang='lat' dir='ltr'>Fuisse</span> <span class='ocrx_word' id='word_1_169' title='bbox 775 3093 1036 3153; x_wconf 81' lang='lat' dir='ltr'>conjicitur</span> <span class='ocrx_word' id='word_1_170' title='bbox 1053 3092 1298 3141; x_wconf 82' lang='lat' dir='ltr'>fabrorum</span> <span class='ocrx_word' id='word_1_171' title='bbox 1317 3096 1590 3158; x_wconf 67' lang='lat' dir='ltr'>prefectus.</span> 
     </span>
    </p>

    <p class='ocr_par' dir='ltr' id='par_1_6' title="bbox 590 3172 1613 3383">
     <span class='ocr_line' id='line_1_29' title="bbox 671 3172 1613 3238; baseline 0.001 -17"><span class='ocrx_word' id='word_1_172' title='bbox 671 3191 690 3221; x_wconf 86' lang='lat'>1</span> <span class='ocrx_word' id='word_1_173' title='bbox 706 3192 748 3222; x_wconf 84' lang='lat'>1.</span> <span class='ocrx_word' id='word_1_174' title='bbox 783 3172 1080 3237; x_wconf 73' lang='lat' dir='ltr'>Vectigalem</span> <span class='ocrx_word' id='word_1_175' title='bbox 1101 3174 1418 3236; x_wconf 77' lang='lat' dir='ltr'>provinciam.</span> <span class='ocrx_word' id='word_1_176' title='bbox 1446 3177 1613 3238; x_wconf 84' lang='lat' dir='ltr'>Quum</span> 
     </span>
     <span class='ocr_line' id='line_1_30' title="bbox 592 3254 1612 3320; baseline -0.001 -17"><span class='ocrx_word' id='word_1_177' title='bbox 592 3266 717 3303; x_wconf 85' lang='lat' dir='ltr'>esset</span> <span class='ocrx_word' id='word_1_178' title='bbox 735 3254 881 3301; x_wconf 80' lang='lat' dir='ltr'>libera</span> <span class='ocrx_word' id='word_1_179' title='bbox 895 3289 911 3314; x_wconf 92' lang='lat'>,</span> <span class='ocrx_word' id='word_1_180' title='bbox 933 3264 982 3300; x_wconf 90' lang='lat' dir='ltr'>et</span> <span class='ocrx_word' id='word_1_181' title='bbox 1000 3254 1226 3302; x_wconf 87' lang='lat' dir='ltr'>immunis</span> <span class='ocrx_word' id='word_1_182' title='bbox 1240 3288 1255 3313; x_wconf 93' lang='lat'>,</span> <span class='ocrx_word' id='word_1_183' title='bbox 1278 3271 1380 3302; x_wconf 87' lang='lat' dir='ltr'>eam</span> <span class='ocrx_word' id='word_1_184' title='bbox 1403 3257 1612 3320; x_wconf 81' lang='lat' dir='ltr'>vectiga-</span> 
     </span>
     <span class='ocr_line' id='line_1_31' title="bbox 590 3333 878 3383; baseline -0.007 0"><span class='ocrx_word' id='word_1_185' title='bbox 590 3338 685 3383; x_wconf 89' lang='lat' dir='ltr'>lem</span> <span class='ocrx_word' id='word_1_186' title='bbox 705 3333 878 3381; x_wconf 76' lang='lat' dir='ltr'>fecisti.</span> 
     </span>
    </p>

    <p class='ocr_par' dir='ltr' id='par_1_7' title="bbox 585 3410 1611 3703">
     <span class='ocr_line' id='line_1_32' title="bbox 667 3410 1611 3473; baseline 0.001 -13"><span class='ocrx_word' id='word_1_187' title='bbox 667 3428 745 3461; x_wconf 73' lang='grc' dir='ltr'>ια.</span> <span class='ocrx_word' id='word_1_188' title='bbox 775 3412 913 3458; x_wconf 74' lang='lat' dir='ltr'>cmo</span> <span class='ocrx_word' id='word_1_189' title='bbox 932 3410 1173 3473; x_wconf 75' lang='lat' dir='ltr'>portorio.</span> <span class='ocrx_word' id='word_1_190' title='bbox 1204 3414 1482 3460; x_wconf 85' lang='lat' dir='ltr'>Portorium</span> <span class='ocrx_word' id='word_1_191' title='bbox 1510 3426 1611 3461; x_wconf 83' lang='lat' dir='ltr'>erat</span> 
     </span>
     <span class='ocr_line' id='line_1_33' title="bbox 588 3489 1609 3553; baseline -0.004 -10"><span class='ocrx_word' id='word_1_192' title='bbox 588 3490 823 3553; x_wconf 78' lang='lat' dir='ltr'>vectigal,</span> <span class='ocrx_word' id='word_1_193' title='bbox 878 3489 1013 3550; x_wconf 84' lang='lat' dir='ltr'>quod</span> <span class='ocrx_word' id='word_1_194' title='bbox 1058 3506 1120 3536; x_wconf 77' lang='lat' dir='ltr'>ex</span> <span class='ocrx_word' id='word_1_195' title='bbox 1170 3491 1515 3553; x_wconf 74' lang='lat' dir='ltr'>impanatione</span> <span class='ocrx_word' id='word_1_196' title='bbox 1559 3504 1609 3538; x_wconf 88' lang='lat' dir='ltr'>et</span> 
     </span>
     <span class='ocr_line' id='line_1_34' title="bbox 585 3567 1608 3636; baseline 0.003 -21"><span class='ocrx_word' id='word_1_197' title='bbox 585 3567 923 3636; x_wconf 70' lang='lat' dir='ltr'>expet-tatione</span> <span class='ocrx_word' id='word_1_198' title='bbox 947 3568 1180 3612; x_wconf 85' lang='lat' dir='ltr'>mercium</span> <span class='ocrx_word' id='word_1_199' title='bbox 1208 3568 1484 3629; x_wconf 72' lang='lat' dir='ltr'>exigebant.</span> <span class='ocrx_word' id='word_1_200' title='bbox 1515 3573 1608 3617; x_wconf 89' lang='lat' dir='ltr'>Da·</span> 
     </span>
     <span class='ocr_line' id='line_1_35' title="bbox 585 3643 1532 3703; baseline -0.008 0"><span class='ocrx_word' id='word_1_201' title='bbox 585 3656 660 3703; x_wconf 87' lang='lat' dir='ltr'>bit</span> <span class='ocrx_word' id='word_1_202' title='bbox 684 3650 781 3696; x_wconf 86' lang='lat' dir='ltr'>hoc</span> <span class='ocrx_word' id='word_1_203' title='bbox 803 3646 1049 3692; x_wconf 82' lang='lat' dir='ltr'>Excursus</span> <span class='ocrx_word' id='word_1_204' title='bbox 1066 3643 1131 3689; x_wconf 85' lang='lat' dir='ltr'>ad</span> <span class='ocrx_word' id='word_1_205' title='bbox 1148 3644 1327 3691; x_wconf 77' lang='lat' dir='ltr'>calcem</span> <span class='ocrx_word' id='word_1_206' title='bbox 1349 3646 1446 3696; x_wconf 81' lang='lat' dir='ltr'>vol.</span> <span class='ocrx_word' id='word_1_207' title='bbox 1463 3650 1532 3695; x_wconf 92' lang='lat'>11.</span> 
     </span>
    </p>

    <p class='ocr_par' dir='ltr' id='par_1_8' title="bbox 584 3718 1606 3861">
     <span class='ocr_line' id='line_1_36' title="bbox 662 3718 1606 3790; baseline 0.008 -22"><span class='ocrx_word' id='word_1_208' title='bbox 662 3732 741 3778; x_wconf 81' lang='lat'>13,</span> <span class='ocrx_word' id='word_1_209' title='bbox 769 3719 921 3772; x_wconf 69' lang='lat' dir='ltr'>Serm‘s</span> <span class='ocrx_word' id='word_1_210' title='bbox 945 3718 1052 3767; x_wconf 79' lang='lat' dir='ltr'>em&#39;s.</span> <span class='ocrx_word' id='word_1_211' title='bbox 1074 3723 1213 3783; x_wconf 90' lang='lat' dir='ltr'>Quos</span> <span class='ocrx_word' id='word_1_212' title='bbox 1232 3727 1367 3786; x_wconf 85' lang='lat' dir='ltr'>quasi</span> <span class='ocrx_word' id='word_1_213' title='bbox 1386 3725 1606 3790; x_wconf 82' lang='lat' dir='ltr'>publica·</span> 
     </span>
     <span class='ocr_line' id='line_1_37' title="bbox 584 3799 1269 3861; baseline -0.007 -6"><span class='ocrx_word' id='word_1_214' title='bbox 584 3828 676 3861; x_wconf 76' lang='lat' dir='ltr'>nos</span> <span class='ocrx_word' id='word_1_215' title='bbox 695 3802 906 3855; x_wconf 85' lang='lat' dir='ltr'>habebas</span> <span class='ocrx_word' id='word_1_216' title='bbox 927 3799 977 3845; x_wconf 87' lang='lat' dir='ltr'>iu</span> <span class='ocrx_word' id='word_1_217' title='bbox 1001 3802 1269 3861; x_wconf 80' lang='lat' dir='ltr'>provincia.</span> 
     </span>
    </p>

    <p class='ocr_par' dir='ltr' id='par_1_9' title="bbox 573 3877 1607 4188">
     <span class='ocr_line' id='line_1_38' title="bbox 658 3877 1607 3945; baseline 0.013 -21"><span class='ocrx_word' id='word_1_218' title='bbox 658 3897 741 3942; x_wconf 72' lang='lat'>¹4·</span> <span class='ocrx_word' id='word_1_219' title='bbox 790 3877 963 3945; x_wconf 79' lang='lat' dir='ltr'>Quid?</span> <span class='ocrx_word' id='word_1_220' title='bbox 995 3879 1311 3942; x_wconf 74' lang='lat' dir='ltr'>stipendium.</span> <span class='ocrx_word' id='word_1_221' title='bbox 1333 3919 1344 3931; x_wconf 88' lang='lat'>.</span> <span class='ocrx_word' id='word_1_222' title='bbox 1370 3921 1381 3932; x_wconf 89' lang='lat'><strong>.</strong></span> <span class='ocrx_word' id='word_1_223' title='bbox 1428 3888 1607 3935; x_wconf 77' lang='lat' dir='ltr'>mensis</span> 
     </span>
     <span class='ocr_line' id='line_1_39' title="bbox 573 3956 1602 4037; baseline -0.014 -19"><span class='ocrx_word' id='word_1_224' title='bbox 573 3969 748 4037; x_wconf 76' lang='lat' dir='ltr'>palam</span> <span class='ocrx_word' id='word_1_225' title='bbox 776 3956 1048 4026; x_wconf 80' lang='lat' dir='ltr'>propositis.</span> <span class='ocrx_word' id='word_1_226' title='bbox 1074 3960 1380 4024; x_wconf 79' lang='lat' dir='ltr'>Stipendium</span> <span class='ocrx_word' id='word_1_227' title='bbox 1416 3967 1602 4030; x_wconf 62' lang='lat' dir='ltr'>pende-</span> 
     </span>
     <span class='ocr_line' id='line_1_40' title="bbox 581 4036 1603 4109; baseline 0.001 -16"><span class='ocrx_word' id='word_1_228' title='bbox 581 4053 724 4098; x_wconf 79' lang='lat' dir='ltr'>batur</span> <span class='ocrx_word' id='word_1_229' title='bbox 750 4057 813 4089; x_wconf 83' lang='lat' dir='ltr'>ex</span> <span class='ocrx_word' id='word_1_230' title='bbox 837 4036 1039 4085; x_wconf 70' lang='lat' dir='ltr'>serario:</span> <span class='ocrx_word' id='word_1_231' title='bbox 1068 4039 1179 4086; x_wconf 85' lang='lat' dir='ltr'>Piso</span> <span class='ocrx_word' id='word_1_232' title='bbox 1208 4054 1263 4090; x_wconf 86' lang='lat' dir='ltr'>ut</span> <span class='ocrx_word' id='word_1_233' title='bbox 1290 4044 1419 4091; x_wconf 85' lang='lat' dir='ltr'>illam</span> <span class='ocrx_word' id='word_1_234' title='bbox 1448 4062 1603 4109; x_wconf 88' lang='lat' dir='ltr'>pecu·</span> 
     </span>
     <span class='ocr_line' id='line_1_41' title="bbox 579 4120 1602 4188; baseline -0.007 -9"><span class='ocrx_word' id='word_1_235' title='bbox 579 4133 727 4187; x_wconf 83' lang='lat' dir='ltr'>niam,</span> <span class='ocrx_word' id='word_1_236' title='bbox 738 4134 882 4188; x_wconf 68' lang='lat' dir='ltr'>quam</span> <span class='ocrx_word' id='word_1_237' title='bbox 896 4133 959 4166; x_wconf 73' lang='lat' dir='ltr'>ex</span> <span class='ocrx_word' id='word_1_238' title='bbox 972 4120 1139 4166; x_wconf 69' lang='lat' dir='ltr'>aemrio</span> <span class='ocrx_word' id='word_1_239' title='bbox 1158 4123 1385 4186; x_wconf 78' lang='lat' dir='ltr'>stipendii</span> <span class='ocrx_word' id='word_1_240' title='bbox 1403 4127 1602 4174; x_wconf 85' lang='lat' dir='ltr'>nomine</span> 
     </span>
    </p>
   </div>
   <div class='ocr_carea' id='block_1_4' title="bbox 1690 2225 2730 4186">
    <p class='ocr_par' dir='ltr' id='par_1_10' title="bbox 1700 2225 2730 2749">
     <span class='ocr_line' id='line_1_42' title="bbox 1705 2225 2725 2290; baseline 0.003 -17"><span class='ocrx_word' id='word_1_241' title='bbox 1705 2225 1922 2290; x_wconf 80' lang='lat' dir='ltr'>capiebat</span> <span class='ocrx_word' id='word_1_242' title='bbox 1938 2261 1952 2283; x_wconf 89' lang='lat'>‚</span> <span class='ocrx_word' id='word_1_243' title='bbox 1979 2228 2030 2273; x_wconf 89' lang='lat' dir='ltr'>in</span> <span class='ocrx_word' id='word_1_244' title='bbox 2056 2244 2194 2274; x_wconf 90' lang='lat' dir='ltr'>suum</span> <span class='ocrx_word' id='word_1_245' title='bbox 2222 2244 2365 2274; x_wconf 85' lang='lat' dir='ltr'>usum</span> <span class='ocrx_word' id='word_1_246' title='bbox 2392 2240 2725 2285; x_wconf 79' lang='lat' dir='ltr'>converteret,</span> 
     </span>
     <span class='ocr_line' id='line_1_43' title="bbox 1700 2305 2727 2371; baseline 0.002 -18"><span class='ocrx_word' id='word_1_247' title='bbox 1700 2305 1903 2366; x_wconf 75' lang='lat' dir='ltr'>iubebat</span> <span class='ocrx_word' id='word_1_248' title='bbox 1936 2320 1963 2351; x_wconf 79' lang='lat' dir='ltr'>a</span> <span class='ocrx_word' id='word_1_249' title='bbox 1993 2306 2269 2354; x_wconf 81' lang='lat' dir='ltr'>civitatibus</span> <span class='ocrx_word' id='word_1_250' title='bbox 2313 2308 2614 2371; x_wconf 77' lang='lat' dir='ltr'>stipendium</span> <span class='ocrx_word' id='word_1_251' title='bbox 2638 2326 2727 2355; x_wconf 88' lang='lat' dir='ltr'>nn·</span> 
     </span>
     <span class='ocr_line' id='line_1_44' title="bbox 1706 2385 2728 2450; baseline 0.004 -18"><span class='ocrx_word' id='word_1_252' title='bbox 1706 2386 1909 2433; x_wconf 86' lang='lat' dir='ltr'>merari:</span> <span class='ocrx_word' id='word_1_253' title='bbox 1937 2386 2118 2433; x_wconf 80' lang='lat' dir='ltr'>sactum</span> <span class='ocrx_word' id='word_1_254' title='bbox 2153 2385 2419 2450; x_wconf 83' lang='lat' dir='ltr'>amplificat</span> <span class='ocrx_word' id='word_1_255' title='bbox 2446 2393 2489 2434; x_wconf 67' lang='lat' dir='ltr'>a·</span> <span class='ocrx_word' id='word_1_256' title='bbox 2508 2387 2728 2436; x_wconf 85' lang='lat' dir='ltr'>duobus:</span> 
     </span>
     <span class='ocr_line' id='line_1_45' title="bbox 1712 2464 2730 2529; baseline 0.002 -17"><span class='ocrx_word' id='word_1_257' title='bbox 1712 2464 1764 2512; x_wconf 84' lang='lat'>1⁰</span> <span class='ocrx_word' id='word_1_258' title='bbox 1799 2465 1951 2526; x_wconf 88' lang='lat' dir='ltr'>Quod</span> <span class='ocrx_word' id='word_1_259' title='bbox 1988 2480 2089 2512; x_wconf 88' lang='lat' dir='ltr'>non</span> <span class='ocrx_word' id='word_1_260' title='bbox 2116 2465 2292 2522; x_wconf 84' lang='lat' dir='ltr'>semel,</span> <span class='ocrx_word' id='word_1_261' title='bbox 2316 2466 2401 2513; x_wconf 87' lang='lat' dir='ltr'>sed</span> <span class='ocrx_word' id='word_1_262' title='bbox 2440 2483 2531 2529; x_wconf 86' lang='lat' dir='ltr'>per</span> <span class='ocrx_word' id='word_1_263' title='bbox 2565 2483 2730 2514; x_wconf 79' lang='lat' dir='ltr'>omnes</span> 
     </span>
     <span class='ocr_line' id='line_1_46' title="bbox 1705 2544 2730 2609; baseline 0.004 -19"><span class='ocrx_word' id='word_1_264' title='bbox 1705 2559 1859 2591; x_wconf 83' lang='lat' dir='ltr'>annos</span> <span class='ocrx_word' id='word_1_265' title='bbox 1895 2544 1948 2590; x_wconf 82' lang='lat' dir='ltr'>id</span> <span class='ocrx_word' id='word_1_266' title='bbox 1981 2544 2180 2601; x_wconf 76' lang='lat' dir='ltr'>secerit3</span> <span class='ocrx_word' id='word_1_267' title='bbox 2223 2544 2280 2590; x_wconf 76' lang='lat'>2⁰</span> <span class='ocrx_word' id='word_1_268' title='bbox 2309 2545 2448 2607; x_wconf 80' lang='lat' dir='ltr'>quod</span> <span class='ocrx_word' id='word_1_269' title='bbox 2486 2546 2645 2609; x_wconf 87' lang='lat' dir='ltr'>palam</span> <span class='ocrx_word' id='word_1_270' title='bbox 2684 2560 2730 2595; x_wconf 79' lang='lat' dir='ltr'>et</span> 
     </span>
     <span class='ocr_line' id='line_1_47' title="bbox 1702 2623 2728 2690; baseline 0.005 -21"><span class='ocrx_word' id='word_1_271' title='bbox 1702 2623 1880 2669; x_wconf 80' lang='lat' dir='ltr'>mensis</span> <span class='ocrx_word' id='word_1_272' title='bbox 1897 2624 2164 2687; x_wconf 82' lang='lat' dir='ltr'>propositis</span> <span class='ocrx_word' id='word_1_273' title='bbox 2183 2623 2236 2670; x_wconf 88' lang='lat' dir='ltr'>in</span> <span class='ocrx_word' id='word_1_274' title='bbox 2259 2624 2418 2670; x_wconf 85' lang='lat' dir='ltr'>oculis</span> <span class='ocrx_word' id='word_1_275' title='bbox 2437 2626 2593 2672; x_wconf 85' lang='lat' dir='ltr'>totius</span> <span class='ocrx_word' id='word_1_276' title='bbox 2612 2642 2728 2690; x_wconf 84' lang='lat' dir='ltr'>pro-</span> 
     </span>
     <span class='ocr_line' id='line_1_48' title="bbox 1704 2717 1889 2749; baseline 0.016 -3"><span class='ocrx_word' id='word_1_277' title='bbox 1704 2717 1889 2749; x_wconf 67' lang='lat' dir='ltr'>vincite.</span> 
     </span>
    </p>

    <p class='ocr_par' dir='ltr' id='par_1_11' title="bbox 1699 2779 2725 3319">
     <span class='ocr_line' id='line_1_49' title="bbox 1745 2779 2725 2845; baseline 0.005 -19"><span class='ocrx_word' id='word_1_278' title='bbox 1745 2797 1750 2800; x_wconf 53' lang='lat'><em>⁷</em></span> <span class='ocrx_word' id='word_1_279' title='bbox 1779 2782 1860 2828; x_wconf 78' lang='lat'>15.</span> <span class='ocrx_word' id='word_1_280' title='bbox 1898 2781 2032 2841; x_wconf 75' lang='lat' dir='ltr'>Quid</span> <span class='ocrx_word' id='word_1_281' title='bbox 2053 2780 2140 2828; x_wconf 76' lang='lat' dir='ltr'>illa</span> <span class='ocrx_word' id='word_1_282' title='bbox 2166 2779 2215 2826; x_wconf 79' lang='grc' dir='ltr'>ὑι</span> <span class='ocrx_word' id='word_1_283' title='bbox 2242 2783 2448 2829; x_wconf 77' lang='lat' dir='ltr'>Pontum</span> <span class='ocrx_word' id='word_1_284' title='bbox 2469 2781 2725 2845; x_wconf 72' lang='lat' dir='ltr'>pmfectio.</span> 
     </span>
     <span class='ocr_line' id='line_1_50' title="bbox 1701 2858 2725 2924; baseline 0 -16"><span class='ocrx_word' id='word_1_285' title='bbox 1701 2862 1800 2908; x_wconf 81' lang='lat' dir='ltr'>Res</span> <span class='ocrx_word' id='word_1_286' title='bbox 1822 2858 2027 2907; x_wconf 85' lang='lat' dir='ltr'>obscura</span> <span class='ocrx_word' id='word_1_287' title='bbox 2053 2869 2124 2906; x_wconf 88' lang='lat' dir='ltr'>est</span> <span class='ocrx_word' id='word_1_288' title='bbox 2141 2892 2157 2916; x_wconf 88' lang='lat'>‚</span> <span class='ocrx_word' id='word_1_289' title='bbox 2181 2871 2230 2906; x_wconf 87' lang='lat' dir='ltr'>et</span> <span class='ocrx_word' id='word_1_290' title='bbox 2256 2859 2405 2906; x_wconf 84' lang='lat' dir='ltr'>nullis</span> <span class='ocrx_word' id='word_1_291' title='bbox 2427 2862 2725 2924; x_wconf 72' lang='lat' dir='ltr'>antiquitatis</span> 
     </span>
     <span class='ocr_line' id='line_1_51' title="bbox 1704 2938 2723 3003; baseline 0.002 -18"><span class='ocrx_word' id='word_1_292' title='bbox 1704 2940 1932 3002; x_wconf 83' lang='lat' dir='ltr'>impressa</span> <span class='ocrx_word' id='word_1_293' title='bbox 1955 2938 2197 3002; x_wconf 76' lang='lat' dir='ltr'>vestigiis:</span> <span class='ocrx_word' id='word_1_294' title='bbox 2217 2938 2413 2986; x_wconf 83' lang='lat' dir='ltr'>videtur</span> <span class='ocrx_word' id='word_1_295' title='bbox 2439 2941 2548 2986; x_wconf 79' lang='lat' dir='ltr'>Piso</span> <span class='ocrx_word' id='word_1_296' title='bbox 2573 2956 2723 3003; x_wconf 83' lang='lat' dir='ltr'>pecu·</span> 
     </span>
     <span class='ocr_line' id='line_1_52' title="bbox 1702 3016 2724 3068; baseline 0.003 -4"><span class='ocrx_word' id='word_1_297' title='bbox 1702 3018 1797 3064; x_wconf 89' lang='lat' dir='ltr'>niis</span> <span class='ocrx_word' id='word_1_298' title='bbox 1832 3016 2153 3064; x_wconf 87' lang='lat' dir='ltr'>Barbarorum</span> <span class='ocrx_word' id='word_1_299' title='bbox 2189 3017 2382 3064; x_wconf 80' lang='lat' dir='ltr'>inhians</span> <span class='ocrx_word' id='word_1_300' title='bbox 2418 3019 2472 3065; x_wconf 86' lang='lat' dir='ltr'>in</span> <span class='ocrx_word' id='word_1_301' title='bbox 2514 3021 2724 3068; x_wconf 79' lang='lat' dir='ltr'>Pontum</span> 
     </span>
     <span class='ocr_line' id='line_1_53' title="bbox 1700 3095 2724 3159; baseline 0.003 -17"><span class='ocrx_word' id='word_1_302' title='bbox 1700 3095 2066 3159; x_wconf 82' lang='lat' dir='ltr'>impressionem</span> <span class='ocrx_word' id='word_1_303' title='bbox 2102 3095 2300 3152; x_wconf 82' lang='lat' dir='ltr'>fecisse;</span> <span class='ocrx_word' id='word_1_304' title='bbox 2340 3108 2391 3142; x_wconf 88' lang='lat' dir='ltr'>et</span> <span class='ocrx_word' id='word_1_305' title='bbox 2426 3097 2546 3144; x_wconf 81' lang='lat' dir='ltr'>inde</span> <span class='ocrx_word' id='word_1_306' title='bbox 2583 3099 2724 3145; x_wconf 83' lang='lat' dir='ltr'>fuisse</span> 
     </span>
     <span class='ocr_line' id='line_1_54' title="bbox 1702 3173 2725 3240; baseline 0.002 -18"><span class='ocrx_word' id='word_1_307' title='bbox 1702 3175 1988 3239; x_wconf 79' lang='lat' dir='ltr'>depulsum.</span> <span class='ocrx_word' id='word_1_308' title='bbox 2022 3173 2155 3221; x_wconf 83' lang='lat' dir='ltr'>unde</span> <span class='ocrx_word' id='word_1_309' title='bbox 2191 3184 2238 3221; x_wconf 91' lang='lat' dir='ltr'>et</span> <span class='ocrx_word' id='word_1_310' title='bbox 2276 3187 2484 3222; x_wconf 83' lang='lat' dir='ltr'>conatus</span> <span class='ocrx_word' id='word_1_311' title='bbox 2529 3178 2689 3240; x_wconf 84' lang='lat' dir='ltr'>potius</span> <span class='ocrx_word' id='word_1_312' title='bbox 2712 3212 2725 3234; x_wconf 83' lang='lat'>‚</span> 
     </span>
     <span class='ocr_line' id='line_1_55' title="bbox 1699 3252 2566 3319; baseline 0.001 -17"><span class='ocrx_word' id='word_1_313' title='bbox 1699 3271 1845 3319; x_wconf 81' lang='lat' dir='ltr'>quam</span> <span class='ocrx_word' id='word_1_314' title='bbox 1864 3252 2045 3302; x_wconf 84' lang='lat' dir='ltr'>bellum</span> <span class='ocrx_word' id='word_1_315' title='bbox 2062 3254 2249 3302; x_wconf 87' lang='lat' dir='ltr'>illatum</span> <span class='ocrx_word' id='word_1_316' title='bbox 2268 3256 2566 3303; x_wconf 82' lang='lat' dir='ltr'>nominatur.</span> 
     </span>
    </p>

    <p class='ocr_par' dir='ltr' id='par_1_12' title="bbox 1777 3334 2725 3400">
     <span class='ocr_line' id='line_1_56' title="bbox 1777 3334 2725 3400; baseline -0.001 -17"><span class='ocrx_word' id='word_1_317' title='bbox 1777 3338 1856 3383; x_wconf 75' lang='grc' dir='ltr'>ιδ.</span> <span class='ocrx_word' id='word_1_318' title='bbox 1888 3334 2022 3399; x_wconf 79' lang='lat' dir='ltr'>Quid</span> <span class='ocrx_word' id='word_1_319' title='bbox 2042 3334 2316 3382; x_wconf 75' lang='lat' dir='ltr'>debilitatio</span> <span class='ocrx_word' id='word_1_320' title='bbox 2342 3347 2495 3398; x_wconf 80' lang='lat' dir='ltr'>atque</span> <span class='ocrx_word' id='word_1_321' title='bbox 2519 3337 2725 3400; x_wconf 56' lang='lat' dir='ltr'>absi-ctio</span> 
     </span>
    </p>

    <p class='ocr_par' dir='ltr' id='par_1_13' title="bbox 1690 3413 2728 4186">
     <span class='ocr_line' id='line_1_57' title="bbox 1700 3413 2725 3462; baseline -0.001 -1"><span class='ocrx_word' id='word_1_322' title='bbox 1700 3413 1854 3461; x_wconf 75' lang='lat' dir='ltr'>animi</span> <span class='ocrx_word' id='word_1_323' title='bbox 1875 3413 1960 3462; x_wconf 72' lang='grc' dir='ltr'>τιεί.</span> <span class='ocrx_word' id='word_1_324' title='bbox 1986 3417 2096 3462; x_wconf 84' lang='lat' dir='ltr'>Hoc</span> <span class='ocrx_word' id='word_1_325' title='bbox 2118 3429 2219 3460; x_wconf 88' lang='lat' dir='ltr'>non</span> <span class='ocrx_word' id='word_1_326' title='bbox 2243 3413 2439 3462; x_wconf 83' lang='lat' dir='ltr'>videtur</span> <span class='ocrx_word' id='word_1_327' title='bbox 2457 3414 2725 3461; x_wconf 84' lang='lat' dir='ltr'>admodum</span> 
     </span>
     <span class='ocr_line' id='line_1_58' title="bbox 1698 3493 2724 3556; baseline 0 -16"><span class='ocrx_word' id='word_1_328' title='bbox 1698 3493 1760 3540; x_wconf 92' lang='lat' dir='ltr'>ad</span> <span class='ocrx_word' id='word_1_329' title='bbox 1779 3493 2028 3541; x_wconf 82' lang='lat' dir='ltr'>avaritiam</span> <span class='ocrx_word' id='word_1_330' title='bbox 2049 3495 2314 3556; x_wconf 75' lang='lat' dir='ltr'>pertinere,</span> <span class='ocrx_word' id='word_1_331' title='bbox 2336 3494 2429 3540; x_wconf 86' lang='lat' dir='ltr'>nisi</span> <span class='ocrx_word' id='word_1_332' title='bbox 2448 3495 2487 3539; x_wconf 88' lang='lat' dir='ltr'>si</span> <span class='ocrx_word' id='word_1_333' title='bbox 2505 3493 2724 3540; x_wconf 81' lang='lat' dir='ltr'>dicamus</span> 
     </span>
     <span class='ocr_line' id='line_1_59' title="bbox 1697 3570 2724 3635; baseline 0 -17"><span class='ocrx_word' id='word_1_334' title='bbox 1697 3588 1820 3635; x_wconf 78' lang='lat' dir='ltr'>oegre</span> <span class='ocrx_word' id='word_1_335' title='bbox 1842 3570 2006 3620; x_wconf 86' lang='lat' dir='ltr'>tulisse</span> <span class='ocrx_word' id='word_1_336' title='bbox 2034 3574 2256 3619; x_wconf 82' lang='lat' dir='ltr'>Pisonem</span> <span class='ocrx_word' id='word_1_337' title='bbox 2275 3607 2290 3632; x_wconf 91' lang='lat'>‚</span> <span class='ocrx_word' id='word_1_338' title='bbox 2320 3583 2369 3620; x_wconf 89' lang='lat' dir='ltr'>et</span> <span class='ocrx_word' id='word_1_339' title='bbox 2396 3573 2557 3619; x_wconf 88' lang='lat' dir='ltr'>animo</span> <span class='ocrx_word' id='word_1_340' title='bbox 2585 3571 2724 3619; x_wconf 85' lang='lat' dir='ltr'>debi-</span> 
     </span>
     <span class='ocr_line' id='line_1_60' title="bbox 1696 3651 2725 3714; baseline 0.002 -17"><span class='ocrx_word' id='word_1_341' title='bbox 1696 3651 1884 3698; x_wconf 84' lang='lat' dir='ltr'>litatum</span> <span class='ocrx_word' id='word_1_342' title='bbox 1911 3651 2087 3710; x_wconf 86' lang='lat' dir='ltr'>fuisse,</span> <span class='ocrx_word' id='word_1_343' title='bbox 2119 3668 2269 3714; x_wconf 88' lang='lat' dir='ltr'>quum</span> <span class='ocrx_word' id='word_1_344' title='bbox 2311 3653 2499 3700; x_wconf 86' lang='lat' dir='ltr'>audiret</span> <span class='ocrx_word' id='word_1_345' title='bbox 2530 3668 2725 3699; x_wconf 86' lang='lat' dir='ltr'>sucees-</span> 
     </span>
     <span class='ocr_line' id='line_1_61' title="bbox 1695 3729 2728 3793; baseline 0.003 -18"><span class='ocrx_word' id='word_1_346' title='bbox 1695 3745 1853 3776; x_wconf 78' lang='lat' dir='ltr'>sorem</span> <span class='ocrx_word' id='word_1_347' title='bbox 1873 3729 1961 3776; x_wconf 88' lang='lat' dir='ltr'>sibi</span> <span class='ocrx_word' id='word_1_348' title='bbox 1982 3745 2084 3777; x_wconf 80' lang='lat' dir='ltr'>esse</span> <span class='ocrx_word' id='word_1_349' title='bbox 2104 3729 2412 3786; x_wconf 80' lang='lat' dir='ltr'>destinatum,</span> <span class='ocrx_word' id='word_1_350' title='bbox 2434 3731 2572 3793; x_wconf 85' lang='lat' dir='ltr'>quod</span> <span class='ocrx_word' id='word_1_351' title='bbox 2595 3731 2728 3778; x_wconf 75' lang='lat' dir='ltr'>vide·</span> 
     </span>
     <span class='ocr_line' id='line_1_62' title="bbox 1693 3807 2723 3873; baseline 0.002 -19"><span class='ocrx_word' id='word_1_352' title='bbox 1693 3819 1766 3855; x_wconf 87' lang='lat' dir='ltr'>ret</span> <span class='ocrx_word' id='word_1_353' title='bbox 1796 3807 1894 3855; x_wconf 88' lang='lat' dir='ltr'>hoc</span> <span class='ocrx_word' id='word_1_354' title='bbox 1921 3820 2068 3871; x_wconf 81' lang='lat' dir='ltr'>pacto</span> <span class='ocrx_word' id='word_1_355' title='bbox 2093 3809 2337 3856; x_wconf 75' lang='lat' dir='ltr'>furtorum</span> <span class='ocrx_word' id='word_1_356' title='bbox 2366 3819 2413 3855; x_wconf 87' lang='lat' dir='ltr'>et</span> <span class='ocrx_word' id='word_1_357' title='bbox 2444 3811 2723 3873; x_wconf 78' lang='lat' dir='ltr'>rapinarum</span> 
     </span>
     <span class='ocr_line' id='line_1_63' title="bbox 1692 3887 2723 3952; baseline 0.001 -17"><span class='ocrx_word' id='word_1_358' title='bbox 1692 3887 1997 3935; x_wconf 82' lang='lat' dir='ltr'>occasionem</span> <span class='ocrx_word' id='word_1_359' title='bbox 2013 3888 2105 3934; x_wconf 88' lang='lat' dir='ltr'>sibi</span> <span class='ocrx_word' id='word_1_360' title='bbox 2120 3903 2223 3935; x_wconf 82' lang='lat' dir='ltr'>esse</span> <span class='ocrx_word' id='word_1_361' title='bbox 2241 3898 2534 3951; x_wconf 69' lang='lat' dir='ltr'>praereptam</span> <span class='ocrx_word' id='word_1_362' title='bbox 2545 3922 2560 3945; x_wconf 89' lang='lat'><strong>,</strong></span> <span class='ocrx_word' id='word_1_363' title='bbox 2577 3904 2723 3952; x_wconf 85' lang='lat' dir='ltr'>quam</span> 
     </span>
     <span class='ocr_line' id='line_1_64' title="bbox 1691 3965 2726 4027; baseline 0.001 -14"><span class='ocrx_word' id='word_1_364' title='bbox 1691 3966 2013 4027; x_wconf 79' lang='lat' dir='ltr'>abjectionem</span> <span class='ocrx_word' id='word_1_365' title='bbox 2045 3967 2193 4014; x_wconf 81' lang='lat' dir='ltr'>animi</span> <span class='ocrx_word' id='word_1_366' title='bbox 2227 3965 2289 4013; x_wconf 86' lang='lat' dir='ltr'>ab</span> <span class='ocrx_word' id='word_1_367' title='bbox 2316 3966 2506 4013; x_wconf 83' lang='lat' dir='ltr'>invidia</span> <span class='ocrx_word' id='word_1_368' title='bbox 2535 3968 2726 4015; x_wconf 84' lang='lat' dir='ltr'>Pisonis</span> 
     </span>
     <span class='ocr_line' id='line_1_65' title="bbox 1691 4043 2723 4107; baseline 0.002 -15"><span class='ocrx_word' id='word_1_369' title='bbox 1691 4046 1746 4092; x_wconf 87' lang='lat' dir='ltr'>in</span> <span class='ocrx_word' id='word_1_370' title='bbox 1781 4043 2044 4092; x_wconf 76' lang='lat' dir='ltr'>Gabinium</span> <span class='ocrx_word' id='word_1_371' title='bbox 2081 4055 2251 4107; x_wconf 76' lang='lat' dir='ltr'>auget,</span> <span class='ocrx_word' id='word_1_372' title='bbox 2293 4059 2395 4106; x_wconf 80' lang='lat' dir='ltr'>quo</span> <span class='ocrx_word' id='word_1_373' title='bbox 2434 4045 2560 4093; x_wconf 80' lang='lat' dir='ltr'>vitio</span> <span class='ocrx_word' id='word_1_374' title='bbox 2598 4046 2723 4094; x_wconf 85' lang='lat' dir='ltr'>nihil</span> 
     </span>
     <span class='ocr_line' id='line_1_66' title="bbox 1690 4123 1943 4186; baseline 0.004 -16"><span class='ocrx_word' id='word_1_375' title='bbox 1690 4123 1943 4186; x_wconf 85' lang='lat' dir='ltr'>abjectius.</span> 
     </span>
    </p>
   </div>
  </div>
 </body>
</html>
