2994 4778
783 417 1167 487 ORATIO
1217 420 1328 490 IN
1381 420 1904 489 VATINIUM.
2270 414 2399 488 155

277 534 740 634 pauperrimo
776 533 976 608 dives
1012 534 1243 609 factus
1281 536 1406 608 illo
1447 539 1607 636 ipso
1651 563 1880 626 anno,
1919 563 2070 636 quo
2113 536 2229 610 lex
2260 538 2402 611 lata

281 661 389 718 est
422 647 507 717 de
543 648 881 743 pecuniis
930 644 1349 745 repetundis
1396 649 1744 720 acerrima
1769 645 1842 719 ⁵?
1881 662 1963 718 ut
1998 672 2251 721 omnes
2294 650 2403 719 in·

281 756 593 853 telligere
641 771 977 854 possent,
1027 780 1072 828 a
1119 771 1189 828 te
1240 782 1390 829 non
1426 758 1648 830 modo
1693 771 1939 830 nostra
1979 756 2180 829 acta⁶
2216 782 2403 855 quos

278 878 624 960 tyrannos
658 889 912 955 vocas,
951 866 1077 938 sed
1114 868 1323 938 etiam
1362 868 1774 957 amicissimi
1820 868 1926 938 tui
1977 866 2208 965 legem
2251 892 2403 940 esse

268 989 796 1074 contemptam.
831 976 1045 1074 Apud
1079 1001 1297 1075 quem
1341 991 1426 1048 tu
1456 978 1671 1053 etiam
1708 1000 1845 1048 nos
1886 976 2251 1047 criminari
2288 998 2403 1045 so-

261 1083 406 1174 les,
447 1090 586 1184 qui
621 1085 728 1156 illi
762 1110 1010 1158 sumus
1046 1087 1488 1175 amicissimi,
1537 1111 1765 1185 quum
1804 1103 1885 1159 tu
1925 1087 1993 1157 ei
2029 1099 2404 1157 contume-

260 1196 656 1270 liosissime
684 1199 898 1270 toties
923 1197 1302 1272 maledicas
1319 1252 1340 1287 ‚
1381 1201 1666 1296 quoties
1695 1197 1796 1269 illi
1828 1195 2123 1268 affinem
2151 1210 2224 1267 te
2253 1218 2403 1267 esse

264 1306 473 1379 dicis.

357 1423 615 1514 Atque
654 1416 832 1489 illud
870 1421 1083 1489 etiam
1123 1420 1303 1488 scire
1340 1442 1430 1489 ex
1463 1433 1539 1490 te
1584 1417 1836 1515 cupio,
1876 1440 2027 1514 quo
2064 1413 2406 1499 consilio,

264 1542 400 1600 aut
426 1551 578 1625 qua
598 1543 846 1601 mente
865 1525 1155 1616 feceriS,
1184 1528 1364 1599 utin
1395 1528 1615 1627 epulo
1639 1531 1725 1618 Q.
1749 1527 1937 1598 Arrii
1958 1539 2012 1616 ⁷,
2043 1524 2406 1597 familiaris

267 1642 459 1725 mei,
505 1663 681 1719 cum
723 1654 890 1735 toga
930 1635 1170 1736 pulla⁸
1229 1638 1737 1712 accumberes?
1789 1662 2011 1737 quem
2059 1658 2409 1733 umquam

268 1749 576 1820 videris?
605 1773 828 1845 quem
871 1748 1224 1821 audieris?
1265 1774 1416 1846 quo
1451 1747 1785 1848 exemplo
1812 1803 1832 1837 ,
1874 1773 2025 1846 quo
2062 1770 2264 1816 more
2299 1741 2405 1814 fe-

271 1860 498 1931 ceris?
540 1860 794 1946 Dices,
847 1858 1452 1957 supplicationes9
1497 1874 1569 1932 te
1620 1860 1773 1932 illas
1828 1884 1979 1930 non
2039 1854 2405 1954 probasse.

277 1973 600 2067 Optime.
663 1969 893 2041 Nullae
933 1967 1203 2041 fuerint
1246 1970 1826 2069 supplicationes,
1885 1967 2239 2052 Videsne,
2292 1987 2408 2034 me

275 2080 456 2150 nihil
491 2079 585 2151 de
613 2080 800 2149 -anni
840 2079 1030 2151 illius
1055 2105 1300 2169 causa,
1329 2080 1510 2151 nihil
1547 2080 1636 2151 de
1665 2106 1754 2153 eo
1777 2134 1797 2168 ,
1838 2076 2037 2177 quod
2074 2076 2204 2149 tibi
2238 2097 2401 2148 cum

281 2191 579 2260 summis
634 2189 804 2260 viris
822 2198 889 2232 ¹⁰
924 2214 1311 2262 commune
1360 2214 1513 2262 esse
1554 2191 1919 2279 videatur,
1963 2189 2088 2273 sed
2132 2187 2223 2259 de
2265 2189 2408 2257 tuis

289 2288 590 2399 propriis
634 2298 1024 2371 sceleribus
1061 2325 1151 2372 ex
1194 2315 1266 2372 te
1311 2302 1674 2398 quaerere?
1714 2300 1928 2371 Nulla
1977 2295 2404 2421 supplicatio

298 2409 531 2483 fuerit.
564 2409 780 2498 cedo,
809 2412 973 2507 quis
1005 2436 1359 2509 umquam
1390 2414 1696 2483 coenarit
1730 2411 2048 2483 atratus?
2073 2414 2183 2480 Ita
2215 2409 2407 2478 enim

293 2520 457 2591 illud
486 2519 791 2619 epulum
825 2536 934 2593 est
956 2519 1301 2609 funebre,
1324 2536 1406 2593 ut
1430 2545 1698 2592 munus
1723 2521 1815 2591 sit
1843 2519 2146 2605 funeris3
2175 2514 2406 2614 epulae

291 2632 629 2729 quidem
607 2654 815 2728 ipsae,
859 2631 1244 2728 dignitatis.

373 2747 567 2813 XIII.
622 2740 762 2812 Sed
803 2744 1061 2813 omitto
1113 2741 1443 2839 epulum,
1503 2740 1754 2840 populi
1811 2737 2096 2809 romani
2144 2734 2408 2807 festum

292 2850 878 2947 diem¹,-argento
909 2906 929 2939 ,
970 2867 1202 2939 veste,
1240 2853 1440 2922 omni
1471 2867 1817 2951 apparatu
1851 2863 2261 2945 ornatuque
2305 2847 2411 2915 vi-

283 3066 467 3117 guata,
491 3065 575 3104 aut
610 3057 810 3105 Cesaria
847 3071 949 3104 ene
986 3054 1186 3111 debuit,
1216 3052 1302 3118 qui

283 3135 446 3198 legem
472 3135 695 3198 avariam
717 3134 831 3183 tulit
847 3168 864 3193 ,
899 3146 982 3182 aut
1014 3135 1302 3199 publicano·

283 3230 424 3271 rum,
445 3228 569 3277 quo·
588 3214 716 3262 idem
734 3214 894 3261 (Ζωι-
919 3214 1110 3272 coum,
1128 3224 1301 3278 peteu-

282 3305 382 3353 tea,
406 3303 466 3340 ut
489 3292 803 3341 induceretur
824 3292 1008 3342 locatio
1027 3327 1043 3351 ,
1086 3293 1198 3356 quia
1227 3292 1300 3340 ni·

283 3373 434 3421 niun
492 3388 670 3436 magno
729 3372 1110 3432 conduxissent,
1163 3372 1303 3420 tertia

285 3451 561 3500 temdum
585 3461 724 3516 parte
745 3451 852 3514 lege
873 3451 967 3501 lata
993 3452 1302 3500 relevaverat.

353 3532 403 3579 5.
424 3530 703 3579 Acen-rinna.
738 3533 865 3595 Lege
894 3546 983 3579 sua
1016 3532 1176 3580 (ζωι-
1200 3546 1305 3593 poe-

288 3626 368 3657 uas
392 3610 699 3674 gravissimas
731 3609 977 3673 irrogabat
1001 3610 1062 3657 iia
1102 3609 1186 3673 qui
1211 3624 1302 3672 pe·

290 3689 450 3737 aazia·
485 3688 668 3749 injuste
710 3688 992 3753 cepis-eut:
1030 3699 1083 3736 at
1118 3698 1175 3736 tu
1215 3686 1304 3735 illo

291 3767 391 3831 ipso
415 3783 551 3817 anuo
570 3770 713 3832 quasi
729 3768 886 3832 legem
901 3781 950 3818 te
969 3767 1185 3816 deridere
1204 3767 1306 3833 pla·

295 3845 400 3894 uiua
428 3847 739 3908 attonderet,
769 3847 832 3896 de
858 3864 1070 3913 paupere
1094 3848 1231 3896 dim
1257 3863 1307 3895 es

293 3938 487 3989 repente
512 3926 691 3976 samua.

350 4005 404 4054 6.
442 4008 493 4054 A
538 4017 588 4053 ee
629 4022 729 4053 non
774 4006 917 4055 modo
966 4019 1082 4055 acea
1124 4017 1306 4057 nosem-

289 4086 458 4147 Lessem
484 4086 923 4151 prasertim-quam
945 4087 1006 4135 de
1023 4086 1209 4135 ambitu
1233 4098 1310 4136 tu-

290 4160 447 4214 limus.
475 4163 599 4213 Vid.
625 4164 712 4212 ius.

1462 3072 1515 3115 7.
1543 3055 1701 3119 Epulo
1740 3056 1796 3116 Q.
1833 3055 1986 3104 Arrii.
2026 3057 2097 3103 Ut
2128 3052 2408 3103 memoriam

1389 3133 1541 3196 patris
1564 3133 1844 3181 celebraret.

1464 3213 1517 3261 8.
1532 3214 1673 3277 Toga
1688 3211 1845 3276 pulla.
1866 3211 2015 3274 Nigra
2031 3211 2409 3277 scilicet,quum

1391 3291 1538 3340 ceteri
1564 3290 1902 3338 accumberent
1927 3289 2093 3340 albati.
2123 3351 2129 3358 .

1462 3385 1513 3432 9.
1566 3368 1963 3433 Supplicationes.
2019 3372 2151 3433 Quas
2206 3370 2413 3421 Bibulus

1391 3449 1563 3498 consul
1582 3450 1791 3512 jusserat
1805 3485 1821 3511 ,
1862 3463 1915 3500 ut
1947 3451 2203 3501 obsisteret
2233 3452 2412 3502 Caeaari

1389 3530 1545 3594 legem
1579 3531 1812 3594 agrariam
1852 3532 2041 3581 ferenti.
2068 3534 2254 3582 Diebus
2278 3533 2409 3582 enim

1389 3608 1487 3658 illia
1509 3625 1583 3658 res
1608 3621 1813 3660 tractare
1839 3612 2060 3675 publicas
2079 3615 2213 3662 nefas
2239 3625 2358 3663 erat.

1468 3706 1545 3739 ιο.
1566 3691 1686 3740 Cum
1708 3692 1904 3740 summis
1923 3691 2063 3741 viris.
2082 3693 2207 3741 Cum
2224 3694 2412 3743 cmm

1391 3769 1593 3818 scilicet.

1463 3850 1608 3895 xm.
1629 3862 1651 3894 1
1666 3881 1678 3893 .
1700 3848 1894 3896 Festum
1912 3848 2061 3898 diem.
2082 3853 2115 3900 J
2119 3866 2203 3897 ure
2226 3849 2412 3897 festivi·

1396 3928 1509 3975 tatis
1535 3925 1782 3986 meminit,
1814 3938 1869 3976 ut
1894 3927 2077 3992 pullam
2099 3929 2299 3979 Vatinio
2329 3944 2413 3975 ve-

1397 4015 1520 4054 atem
1547 4003 1746 4065 objiciat
1763 4038 1778 4064 ,
1815 4007 2056 4071 siquidem
2077 4019 2126 4057 et
2152 4005 2412 4076 inffeuppli-

1398 4082 1672 4133 catiouibus
1722 4094 1770 4133 et
1814 4085 1988 4134 diebua
2035 4086 2168 4136 {estis
2208 4087 2413 4134 maxime

1398 4162 1622 4213 candidi·
1638 4163 1857 4216 vestibus
1877 4166 1952 4214 uti
1978 4174 2346 4244 consueverant.
