2994 4778
588 364 728 438 368
1237 364 1332 430 M.
1386 363 1463 427 T.
1519 361 2065 430 CICERONIS

589 511 743 558 cem
763 487 791 555 ?
811 486 988 573 Quis
1003 498 1073 554 te
1094 483 1229 553 illis
1244 480 1502 552 diebus
1522 477 1872 561 sobrium,
1889 483 2049 577 quis
2070 492 2402 576 agentem
2424 477 2733 575 aliquid,

590 593 793 693 quod
821 607 1006 665 esset
1029 591 1260 663 libero
1291 590 1623 686 dignum,
1644 591 1807 686 quis
1848 590 2160 687 denique
2200 591 2277 659 iu
2311 588 2617 685 publico
2639 593 2741 658 vi-

592 708 697 776 dit
720 708 748 775 2>
772 729 998 801 quum
1024 702 1310 797 collega:
1346 703 1449 770 tui
1480 699 1741 768 domus
1765 714 1986 769 cantu
2018 714 2086 769 et
2119 697 2463 794 cymbalis
2487 723 2741 794 perso-

594 829 1208 910 naret,quumque
1227 815 1247 881 i
1259 835 1378 907 pse
1394 807 1636 879 nudus
1667 811 1739 877 in
1774 811 2107 879 convivio
2136 809 2457 879 saltaret:
2478 810 2556 877 in
2583 832 2738 902 quo

592 949 683 995 ne
720 940 879 994 tum
931 920 1263 1016 quidem,
1299 943 1529 1015 quum
1594 917 1793 987 illum
1834 941 2047 988 suum
2086 917 2530 988 saltatorium
2573 941 2737 987 ver-

593 1048 780 1106 saret
808 1030 1062 1102 orbem
1079 1041 1133 1112 ²,
1156 1028 1463 1099 fortunae
1487 1041 1721 1097 rotam
1744 1026 2315 1124 pertimescebat.
2332 1029 2466 1096 Hic
2485 1041 2736 1096 autem

591 1170 738 1216 non
768 1158 911 1213 tam
938 1141 1334 1211 concinnus
1365 1136 1612 1206 helluo
1631 1190 1649 1223 ,
1690 1160 1826 1207 nec
1866 1126 2011 1206 tam
2040 1138 2354 1207 musicus
2371 1132 2426 1221 ³,
2447 1133 2736 1229 jacebat

592 1256 667 1324 in
718 1277 855 1325 suo
894 1254 1307 1320 Graecorum
1354 1244 1615 1316 foetore
1658 1260 1877 1341 atque
1920 1247 2110 1314 vino,
2163 1244 2381 1335 Quod
2432 1243 2734 1341 quidem

597 1364 831 1447 istiuS,
874 1362 949 1429 in
992 1359 1128 1429 illis
1164 1355 1576 1454 reipublicae
1617 1353 1967 1438 luctibuS,
2014 1358 2216 1451 quasi
2259 1352 2557 1450 aliquod
2601 1358 2735 1423 La-

598 1473 1008 1571 pitharum‘*
1044 1483 1171 1541 aut
1196 1472 1724 1538 Centaurorum
1757 1466 2164 1535 convivium
2198 1461 2571 1534 ferebatur
2600 1492 2616 1533 ε
2655 1467 2737 1533 in

598 1608 748 1681 quo
796 1604 1007 1650 nemo
1044 1592 1283 1675 potest
1313 1577 1589 1660 dicere,
1640 1592 1884 1646 utrum
1921 1579 2054 1646 iste
2086 1576 2248 1671 plus
2285 1574 2596 1661 biberit,
2642 1600 2734 1644 an

598 1691 992 1772 vomuerit,
1037 1677 1171 1757 an⁵
1202 1683 1560 1758 effuderit.
1605 1690 1715 1755 Tu
1769 1687 1984 1759 etiam
2036 1688 2475 1755 mentionem
2521 1683 2738 1755 facies

604 1800 1019 1874 consulatus
1058 1798 1197 1883 tui,
1244 1786 1374 1868 'aut
1407 1812 1476 1867 te
1524 1794 1741 1866 fuisse
1782 1802 2026 1867 Romae
2074 1795 2443 1866 consulem
2496 1796 2737 1865 dicere

603 1908 949 1983 audebis?
985 1906 1226 1995 Quid?
1260 1922 1339 1977 tu
1378 1909 1452 1974 in
1490 1905 1887 1989 lictoribuS,
1927 1908 2004 1974 in
2030 1919 2195 2000 toga
2234 1900 2358 1974 et6
2392 1918 2737 2000 praetexta

605 2044 758 2090 esse
783 2017 1239 2088 consulatum
1272 2004 1524 2111 putas?
1549 2039 1710 2110 quae
1735 2029 2157 2085 ornamenta
2186 2014 2399 2083 etiam
2434 2017 2508 2082 in
2537 2018 2729 2083 Sext.

606 2125 860 2199 Clodio
884 2138 945 2206 7,
1004 2140 1074 2196 te
1109 2123 1437 2209 consule,
1481 2148 1632 2195 esse
1668 2123 1975 2194 voluisti.
2026 2123 2255 2216 Hujus
2289 2137 2368 2193 tu
2410 2122 2736 2192 Clodiani

605 2233 839 2309 canis⁸
877 2234 1276 2332 insignibus
1305 2235 1761 2305 consulatum
1789 2233 2132 2305 declarari
2171 2234 2434 2330 putas?
2473 2235 2737 2305 Animo

607 2497 852 2564 pecudum
878 2496 1029 2543 inetur
1052 2509 1293 2543 summum
1315 2494 1503 2541 bonum
1529 2510 1634 2542 sor-
1717 2505 2013 2543 eoneentum
2051 2493 2223 2543 fidium
2266 2510 2547 2559 vocumque
2593 2496 2739 2543 salta-

606 2575 869 2626 didimi-nis
900 2575 1125 2638 corporis
1156 2571 1493 2635 voluptatibus
1526 2590 1628 2621 me·

610 2658 817 2704 tiuntur.

680 2749 729 2781 a.
744 2731 1058 2780 salmariam
1084 2740 1307 2776 versaret
1329 2729 1511 2778 orbem.
1540 2730 1632 2778 Ta-

608 2815 735 2861 citus
770 2813 820 2858 ln
856 2810 986 2858 libro
1025 2808 1085 2855 de
1113 2807 1427 2866 Oratoribus,
1456 2823 1501 2856 c.
1532 2810 1596 2855 23
1615 2844 1630 2866 ,

613 2902 742 2941 recte
790 2892 1017 2935 Fortunae
1065 2898 1221 2934 rotam
1261 2885 1454 2944 irridet,
1494 2887 1629 2949 quod

615 2971 814 3035 quidem
858 2968 1002 3015 inane
1043 2983 1144 3013 esse
1183 2967 1386 3014 omnino
1425 2966 1627 3015 indicat.

607 3051 810 3107 Cicero,
854 3049 941 3110 qui
982 3061 1165 3094 summa
1205 3046 1389 3108 ingenii
1412 3045 1631 3110 ubertate

610 3129 755 3176 verba
783 3126 943 3175 verbis
974 3125 1151 3190 saepius
1178 3124 1492 3189 opponebat,
1535 3124 1630 3172 hoc

610 3205 662 3252 iu
688 3222 860 3269 genere
888 3203 1151 3268 aliquando
1179 3215 1321 3252 errat.
1351 3205 1445 3253 Hie
1483 3219 1633 3252 excu-

612 3285 849 3332 sationem
872 3299 973 3331 non
999 3282 1146 3330 habet
1165 3316 1179 3341 ,
1208 3299 1319 3330 nam
1342 3283 1446 3346 ipse
1464 3283 1630 3346 loqui·

617 3374 713 3420 tur,
729 3377 889 3423 neque
905 3361 1031 3408 sicut
1051 3361 1102 3406 in
1121 3364 1232 3407 Act.
1249 3361 1297 3406 in
1318 3363 1456 3408 Verr.
1485 3362 1631 3408 refert

612 3455 723 3504 que
750 3438 1001 3503 plebecula
1028 3450 1202 3485 contra
1218 3439 1417 3485 Verrem
1432 3439 1630 3498 jactita-

614 3529 703 3566 ret.
745 3515 1058 3564 Saltum-ium
1102 3516 1269 3562 orbem
1310 3516 1437 3562 sicut
1482 3518 1630 3564 ceteri

613 3595 954 3658 intelligimus:
987 3592 1184 3655 quidam
1211 3592 1307 3639 hoc
1334 3609 1435 3639 esse
1462 3593 1633 3641 dicunt

614 3675 751 3739 quod
782 3672 947 3723 Graeci
977 3671 1144 3738 τρόχος
1172 3682 1380 3729 vocant,
1400 3672 1634 3736 qnodque

614 3753 838 3803 saltando
863 3750 1167 3811 movebatur,
1187 3753 1261 3800 vel
1288 3752 1511 3816 quaedam
1535 3769 1635 3800 mu·

611 3836 709 3881 sica
734 3836 1052 3881 instrumenta
1084 3830 1145 3878 de
1176 3831 1356 3895 quibus
1382 3833 1529 3881 verba
1556 3834 1628 3881 se·

610 3915 679 3961 eit
701 3923 884 3960 orator.

1717 2575 1853 2624 bant.

1788 2657 1840 2711 4.
1884 2653 2198 2718 lapitharum
2234 2665 2325 2701 aut
2369 2655 2738 2702 Centaurorum.

1716 2731 1866 2795 Quod
1905 2747 2015 2779 cum
2054 2732 2184 2780 cade
2223 2743 2272 2780 et
2311 2734 2636 2782 contentione
2672 2735 2742 2781 sa·

1721 2822 1850 2858 ctum
1866 2845 1880 2870 ,
1910 2811 2083 2859 fabule
2109 2823 2325 2860 namnt.

1790 2891 1838 2937 5.
1869 2889 1951 2938 AJ.
1978 2885 2085 2938 aiae.

1789 2969 1838 3015 6.
1864 2967 2078 3016 anneb.
2102 2983 2194 3033 pro
2214 2969 2388 3017 vitioso
2419 2970 2569 3018 habet
2607 2970 2740 3017 hune

1715 3043 1952 3110 loquendi
1973 3047 2172 3095 modum
2188 3083 2204 3108 ,
2225 3058 2370 3111 atque
2401 3060 2451 3096 ee
2479 3048 2737 3096 delendum

1716 3136 1872 3189 putat.
1899 3129 1949 3176 J.
1962 3128 2024 3174 V.
2050 3128 2103 3173 1..

1792 3221 1840 3264 7.
1890 3204 2053 3252 Etiam
2096 3205 2146 3253 in
2193 3207 2330 3254 Sext.
2382 3206 2565 3254 clodio.
2621 3208 2698 3253 Tu
2720 3241 2734 3262 ,

1719 3300 1870 3347 quum
1894 3285 1944 3331 in
1968 3284 2196 3333 kalendas
2224 3285 2472 3345 januariae
2495 3286 2735 3349 compita·

1718 3362 1932 3410 litiorum
1954 3363 2058 3410 dies
2082 3363 2333 3411 incidisset
2352 3401 2368 3426 ‚
2402 3366 2597 3412 Sextum
2618 3363 2738 3412 Clo·
2774 3417 2787 3430 ·

1719 3441 1879 3500 dium,
1900 3442 2022 3491 Pub.
2037 3442 2200 3491 Clodii
2227 3443 2437 3491 scribam
2458 3480 2473 3501 ,
2495 3443 2742 3491 bominem

1718 3521 1963 3582 impurum
1983 3555 1999 3579 ,
2027 3523 2112 3585 qni
2139 3537 2405 3584 numquam
2434 3533 2573 3570 auten
2612 3538 2742 3585 prae-

1722 3609 1934 3647 textum
1952 3601 2148 3659 suisset,
2176 3601 2319 3647 ludos
2339 3601 2519 3658 facere,
2549 3602 2746 3648 lictore·

1720 3677 1923 3739 habere,
1948 3689 1998 3727 et
2010 3690 2367 3743 „pretextatam
2397 3680 2607 3728 volitare
2633 3696 2748 3742 pu-

1723 3772 1804 3804 eus
1830 3773 1898 3805 es.

1791 3837 1838 3883 8.
1861 3833 2089 3885 Clodiani
2104 3838 2258 3887 eani's.
2282 3839 2443 3898 Hujus
2469 3839 2608 3885 Sexti
2631 3838 2746 3886 Clo·

1720 3913 1811 3970 dii,
1841 3919 1925 3978 qui
1945 3950 1962 3975 ‚
1984 3917 2120 3963 canis
2147 3917 2314 3973 instar,
2334 3928 2573 3978 sequutus
2596 3928 2670 3963 est
2696 3917 2748 3962 in

681 3994 730 4039 3.
774 3991 879 4038 Nec
923 4000 1024 4036 tam
1069 3990 1292 4040 musicus.
1328 3993 1428 4055 Qui
1474 4003 1624 4040 cantu
1712 3993 1931 4041 vexanda
1959 3995 2236 4059 republica,
2263 3995 2407 4042 bonis
2436 3993 2748 4046 aum-andis.

610 4069 939 4135 cymbalisque
992 4066 1347 4119 delectaretur:
1404 4087 1515 4119 uam
1559 4070 1618 4117 ad
1710 4083 1756 4118 et
1776 4088 1941 4122 morsu
1959 4073 2265 4138 appetendis,
2279 4075 2331 4120 Ρ.
2349 4073 2512 4122 Clodii
2527 4074 2745 4136 vestigia.
