2994 4778
620 407 761 493 264
1260 410 1358 476 M.
1408 409 1484 475 T.
1526 408 2112 476 'CICERONIS

614 532 889 601 nissent
924 554 941 597 z
993 551 1142 624 quo
1191 540 1518 624 tempore
1564 527 1625 596 si
1676 524 1978 597 liberum
2030 538 2345 597 vestrum
2388 526 2735 624 judicium

619 639 904 726 fuisset,
933 661 1068 709 nec
1104 638 1317 710 toties
1352 635 1569 707 dilata
1603 660 1754 722 res,
1793 659 1931 706 nec
1965 634 2052 706 ad
2082 650 2484 708 extremum
2522 663 2562 708 e
2592 663 2739 709 ma·

618 747 836 819 nibus
864 761 1113 845 erepta
1150 761 1379 833 esset;
1418 746 1939 832 restituissetiS‚
1979 744 2049 815 id
2083 744 2282 842 quod
2317 747 2740 844 cupiebatis,

615 872 923 929 vestram
966 860 1500 942 auctoritatem,
1546 857 1665 942 iis,
1710 880 1840 955 per
1874 880 2060 952 quos
2103 871 2255 927 erat
2287 858 2545 927 amissa
2566 908 2587 943 ,
2630 883 2740 929 re-

616 970 882 1040 vocatis
905 1021 926 1057 ,
965 983 1036 1038 et
1073 966 1183 1037 his
1217 968 1390 1065 ipsis
1427 967 1731 1064 praemiis
1768 967 2068 1037 extortis
2081 964 2138 1054 ⁴,
2170 991 2330 1063 quae
2365 982 2575 1038 erant
2609 993 2741 1066 pro

617 1078 886 1152 scelere
945 1092 1163 1174 atque
1228 1077 1597 1148 eversione
1658 1076 1901 1173 patriae
1957 1079 2383 1172 consequuti
2427 1104 2443 1145 :
2503 1102 2641 1173 qua
2696 1102 2736 1147 e

614 1185 880 1287 poena⁵
925 1187 984 1256 si
1022 1200 1178 1257 tum
1219 1186 1524 1257 aliorum
1558 1183 1857 1282 opibus,
1894 1209 2046 1254 non
2072 1187 2219 1256 suis
2243 1240 2262 1272 ,
2300 1187 2734 1258 invitissimis

616 1295 865 1383 vobis,
926 1295 1340 1381 evolarunt,
1393 1310 1465 1366 at
1518 1294 1725 1364 aliam
1786 1292 2017 1365 multo
2070 1295 2419 1389 majorem
2464 1298 2733 1394 gravio-

615 1431 917 1505 remque
948 1406 1348 1478 subierunt.
1393 1408 1572 1496 Quae
1606 1405 1794 1489 enim
1835 1401 2148 1490 homini,
2187 1406 2256 1473 in
2294 1430 2450 1501 quo
2491 1406 2740 1502 aliquis

619 1521 677 1591 si
730 1542 879 1588 non
937 1515 1139 1587 famae
1192 1514 1465 1613 pudor,
1509 1527 1581 1584 at
1619 1511 1955 1609 supplicii
1998 1514 2213 1583 timor
2258 1529 2406 1601 est,
2461 1518 2738 1612 gravior

619 1652 834 1725 poena
875 1624 1198 1697 accidere
1248 1625 1524 1723 potuit,
1578 1645 1797 1719 quam
1856 1646 2007 1693 non
2063 1623 2258 1695 credi
2320 1626 2547 1696 literis
2602 1626 2738 1708 his,

618 1761 778 1833 quae
820 1760 972 1808 rem
1015 1734 1202 1807 bene
1240 1751 1508 1833 gestam
1550 1736 1627 1803 in
1668 1730 1862 1803 bello
1906 1736 2371 1805 nuntiarent?
2411 1740 2573 1806 Hoc
2606 1752 2738 1807 sta-

617 1848 757 1918 tuit
785 1859 1073 1917 senatus
1090 1844 1148 1933 ⁶,
1180 1870 1407 1942 quum
1435 1843 1778 1939 frequens
1808 1844 2408 1941 supplicationem
2433 1845 2739 1917 Gabinio

618 1954 995 2052 denegavit
1025 1982 1041 2025 ε
1077 1959 1388 2052 primum
1410 2008 1429 2041 ,
1464 1952 1746 2023 homini
1784 1952 2213 2043 sceleribus,
2256 1954 2546 2052 flagitiis
2585 1982 2739 2027 con-

621 2108 793 2174 pronia
815 2141 831 2168 ,
865 2106 951 2155 sed
981 2107 1087 2171 lege
1121 2106 1292 2157 Clodia
1332 2122 1417 2170 per
1453 2105 1554 2154 vim
1589 2114 1638 2151 et

623 2187 909 2235 seditionem
950 2198 1260 2252 occuparant.
1303 2182 1532 2242 Senatus,
1582 2195 1639 2232 nt

621 2265 886 2329 superioris
910 2267 1025 2313 anni
1053 2266 1331 2314 vulneribus
1353 2265 1639 2323 mederetur,

621 2344 829 2410 primum
851 2346 1069 2393 omnium
1087 2345 1369 2394 Ciceronem
1387 2343 1448 2392 ab
1467 2342 1641 2393 exsilio

624 2424 868 2471 revocavit
885 2459 899 2482 ‚
928 2422 1105 2471 deinde
1130 2424 1414 2472 deliberavit
1444 2423 1506 2471 de
1534 2423 1644 2470 uni·

625 2520 760 2552 versa
771 2502 1307 2567 republica.Censebant
1321 2502 1461 2550 multi
1474 2518 1643 2549 omnes

625 2585 754 2647 leges
772 2581 931 2631 Clodii
948 2599 1036 2646 per
1057 2583 1155 2630 vim
1175 2595 1223 2629 et
1241 2594 1409 2630 contra
1428 2582 1642 2646 auspicia

623 2661 741 2710 latas
769 2679 870 2710 esse
895 2661 1224 2726 abrogandas,
1249 2672 1391 2723 atque
1419 2662 1545 2708 inter
1567 2676 1645 2707 ce·

626 2752 750 2789 teras
779 2757 882 2787 eam
902 2774 916 2797 ‚
951 2756 1045 2803 qua
1077 2739 1246 2787 Pisoni
1272 2737 1639 2799 Macedoniam,

627 2819 838 2868 Gabinio
857 2818 1042 2884 Syriam
1065 2817 1367 2874 decreverat;
1387 2816 1472 2864 sed
1490 2833 1644 2880 quum

625 2902 752 2948 inter
774 2917 852 2947 eas
878 2915 974 2947 una
1003 2909 1125 2945 esset
1144 2897 1352 2944 maxime
1368 2898 1645 2962 popularis,

626 2996 721 3046 qua
757 2980 963 3027 remissis
994 2976 1269 3024 semissibus
1303 2988 1350 3024 et
1391 2977 1644 3026 trientibus

623 3060 917 3107 frumentum
944 3057 1005 3105 de
1031 3055 1229 3120 publico
1260 3055 1395 3120 plebi
1420 3056 1645 3116 dabatur,

627 3140 812 3186 senatui
832 3137 1036 3186 liberum
1060 3152 1160 3185 non
1184 3136 1271 3184 fnit
1286 3171 1300 3194 ‚
1323 3136 1458 3200 quod
1477 3140 1643 3202 cupie-

624 3218 710 3268 bat
752 3221 1006 3269 decernet-e
1022 3255 1036 3280 ,
1078 3205 1227 3284 q⁰uum
1270 3220 1532 3284 praesertim
1583 3235 1642 3266 eo

628 3307 843 3362 tempore
873 3301 1043 3348 samem
1071 3310 1274 3363 propter
1298 3298 1473 3345 seditio
1502 3297 1643 3345 time·

627 3381 777 3433 retur,
789 3389 877 3420 nec
891 3375 1033 3435 hujus
1045 3373 1165 3438 legis
1177 3374 1489 3438 abrogatione
1505 3372 1644 3436 plebs

629 3449 955 3497 exacerbantis
974 3451 1235 3498 videretur.

701 3537 750 3585 4.
778 3529 1028 3576 Revocaeis
1046 3561 1062 3587 ,
1094 3540 1143 3575 ee
1179 3529 1252 3574 his
1289 3526 1399 3590 ipsis
1427 3529 1643 3590 proemiis

628 3607 848 3654 extortis.
901 3608 1179 3655 Provincias
1238 3609 1435 3670 praemia
1503 3589 1643 3655 voc'at

627 3686 892 3745 scelerum,
920 3686 1031 3750 quia
1069 3684 1272 3734 Clodius
1312 3702 1391 3732 eas
1428 3686 1645 3734 decrevit

625 3766 905 3815 consulibus
918 3764 1052 3828 quod
1065 3766 1347 3813 Ciceronem
1369 3777 1419 3814 et
1438 3766 1642 3830 patriam

623 3844 971 3911 prodidissent.

696 3926 745 3974 5.
775 3928 883 3989 Qua
907 3941 933 3972 e
952 3941 1118 3989 poena.
1154 3924 1233 3972 Al.
1260 3943 1408 3990 quam
1422 3943 1639 3990 poenam.

620 4003 818 4053 Etiamsi
834 4004 958 4051 hanc
976 4017 1169 4051 senatus
1190 4006 1505 4068 ignominiam
1525 4009 1643 4056 vita·

618 4086 801 4147 verint,
827 4100 929 4132 uon
954 4083 1105 4148 gratia
1130 4099 1214 4131 sua
1242 4095 1290 4132 et
1317 4087 1603 4135 auctoritate
1621 4120 1638 4147 ,

620 4163 704 4212 sed
744 4162 920 4228 opibus
965 4173 1012 4210 et
1060 4163 1207 4225 gratia
1253 4163 1507 4227 Pompeii,
1551 4165 1636 4226 qui

1724 2103 1986 2153 Gabinium
2015 2105 2330 2168 defendebat,
2359 2122 2410 2157 et
2435 2111 2626 2159 Curis
2650 2112 2735 2174 qui

1724 2184 1916 2233 Pisonis
1949 2201 2094 2249 gener
2120 2187 2241 2247 fuit,
2283 2191 2551 2252 graviorem
2581 2200 2734 2237 tamen

1725 2264 1966 2312 infamiam
1993 2265 2319 2315 incurrerunt.
2347 2295 2420 2305 —-
2448 2270 2737 2327 Evolamnt,

1726 2343 1975 2393 translatio
1995 2345 2056 2394 ab
2078 2346 2270 2406 avibus,
2298 2363 2410 2412 quae
2440 2366 2493 2397 se
2512 2351 2743 2399 extricant

1729 2424 2015 2485 tendiculis,
2047 2437 2129 2473 aut
2156 2443 2218 2474 ex
2250 2443 2502 2492 aucupum
2531 2428 2745 2477 manibus

1727 2503 1999 2552 elabuntur.
2027 2507 2084 2552 Iu
2106 2506 2305 2553 Verrem
2341 2506 2402 2554 de
2430 2519 2676 2571 quaestura
2700 2519 2746 2556 et

1728 2594 1935 2647 pretura
1965 2584 2178 2633 urbana:
2206 2608 2231 2626 α
2249 2587 2346 2634 Hic
2372 2589 2627 2636 sociorum
2648 2605 2744 2636 am·

1728 2661 1899 2710 bustus
1917 2663 2170 2723 incendio,
2189 2676 2428 2714 tamenex
2440 2667 2528 2715 illa
2546 2668 2746 2726 flamma,

1728 2740 2044 2805 periculoque
2061 2743 2270 2790 evolavit
2287 2767 2331 2791 a.

1802 2819 1855 2866 6.
1895 2822 2001 2867 Hoc
2029 2821 2195 2868 statuit
2220 2833 2436 2872 senatus.
2472 2823 2583 2872 Lib.
2618 2827 2664 2873 11
2687 2823 2746 2872 ad

1730 2898 1793 2958 Q.
1828 2897 2046 2955 fratrem,
2074 2915 2155 2962 ep.
2186 2917 2211 2960 7
2237 2915 2251 2948 :
2280 2922 2304 2942 α
2327 2900 2659 2951 Idibusmaiis
2679 2920 2749 2951 se·

1730 2987 1871 3023 natus
1898 2977 2121 3040 frequens
2145 2977 2339 3026 divinus
2364 2981 2458 3029 fuit
2486 2983 2541 3030 in
2563 2983 2750 3048 suppli·

1729 3055 1919 3102 catione
1956 3056 2168 3105 Gabinio
2196 3056 2500 3122 deneganda.
2545 3064 2748 3124 Adjurat

1729 3135 1964 3182 Procilius
1996 3136 2091 3183 boc
2124 3138 2305 3184 nemini
2341 3139 2611 3200 accidisse3
2636 3141 2747 3189 foris

1728 3212 1869 3262 valde
1882 3213 2146 3278 plauditur,
2165 3216 2284 3263 mihi
2296 3233 2451 3281 quum
2470 3236 2561 3268 sua
2579 3231 2748 3285 sponte

1724 3293 2023 3354 iucundum,
2054 3303 2157 3340 tum
2180 3295 2481 3356 jucundius,
2507 3299 2649 3362 quod
2678 3316 2751 3347 me

1728 3373 1923 3421 absente
1944 3374 2045 3420 sine
2066 3375 2456 3438 oppugnatione,
2477 3378 2588 3427 sive
2607 3380 2755 3444 gratia

1728 3464 1891 3501 nostra
1912 3474 1958 3501 a.
1981 3451 2108 3499 Vide
2147 3454 2456 3503 Pisonianam
2474 3491 2491 3515 ,
2528 3475 2646 3524 cap.
2672 3476 2768 3523 19}

1727 3532 2042 3596 Philippicam
2073 3532 2216 3592 XIV,
2242 3548 2347 3599 cap.
2366 3535 2418 3583 8.
2445 3536 2614 3586 Moris
2652 3540 2761 3594 suit,

1728 3628 1878 3676 quum
1911 3612 2220 3681 imperatores
2252 3612 2453 3676 publice
2487 3614 2664 3666 literas
2700 3615 2764 3665 ad

1729 3700 1944 3738 senatum
1979 3690 2039 3738 de
2078 3707 2127 3737 re
2164 3689 2288 3738 bene
2324 3705 2486 3755 gesta,
2526 3707 2582 3743 et
2628 3699 2766 3745 caesis

1727 3770 1951 3817 hostibus
1975 3769 2248 3828 dedissent,
2275 3782 2329 3818 ut
2354 3784 2555 3821 senatus
2582 3776 2768 3841 suppli·

1728 3847 1969 3907 cationes,
2011 3848 2061 3894 id
2098 3859 2201 3907 est,
2240 3852 2496 3912 gutiamm
2536 3858 2766 3904 actiones

1729 3928 1819 3976 diis
1844 3927 2144 3984 decerneret,
2173 3944 2283 3991 quae
2303 3946 2474 3993 magna
2498 3949 2701 3999 pompa
2719 3947 2767 3983 et

1727 4005 2003 4055 celebritate
2025 4024 2117 4072 pro
2143 4009 2333 4073 templis
2352 4011 2590 4061 omnibus
2618 4016 2766 4063 victi·

1725 4086 1816 4133 mis
1840 4084 2050 4149 {iebant3
2079 4089 2239 4152 itaque
2267 4088 2439 4136 diebus
2465 4090 2571 4139 illis
2598 4095 2763 4142 seriari

1724 4165 1939 4229 populns
1961 4166 2164 4216 solebat.
