2994 4778
606 408 742 483 528
1234 398 1327 480 Μ.
1380 414 1456 480 Τ.
1510 412 2081 487 oicERoNIS

597 532 817 605 modo
854 531 971 601 ille
1005 554 1132 601 vos
1164 532 1368 602 vivus
1398 529 1715 605 afficeret
1738 582 1758 620 ‚
1798 560 1988 631 quos
2018 551 2346 612 mortuus
2374 544 2572 615 inani
2602 571 2731 618 co-

599 638 989 743 gitatione⁶
1026 641 1425 737 percussit?

696 748 938 843 Quid?
969 752 1028 821 si
1061 752 1213 847 ipse
1251 755 1384 821 Cn.
1425 754 1847 849 PompeiuS‚
1879 758 2009 852 qui
2038 781 2120 828 ea
2156 760 2419 834 virtute
2455 787 2542 835 ac
2573 764 2726 838 for·

600 877 776 934 tuna
817 875 958 943 est,
1002 874 1085 929 ut
1135 882 1216 929 ea
1258 862 1574 956 potuerit
1622 886 1929 967 semper,
1977 891 2139 963 quae
2190 860 2401 942 nemo
2461 891 2726 971 praeter

597 973 845 1058 illum3
892 972 949 1043 si
995 971 1096 1055 is,
1149 971 1479 1066 inquam,
1538 972 1891 1066 potuisset
1929 990 2054 1045 aut
2104 983 2577 1075 quaestionem
2629 986 2724 1057 de

601 1097 829 1155 morte
871 1080 944 1151 P.
988 1078 1221 1152 Clodii
1270 1080 1485 1166 ferre,
1524 1095 1650 1151 aut
1683 1083 1920 1180 ipsum
1957 1084 2049 1156 ab
2089 1086 2335 1161 inferis
2371 1094 2723 1182 excitare,

593 1206 839 1263 utrum
879 1191 1144 1286 putatis
1193 1192 1436 1285 potius
1481 1184 1833 1262 facturum
1875 1192 2150 1267 fuisse?
2200 1201 2492 1273 Etiamsi
2540 1226 2719 1302 pro-

595 1318 757 1401 pter
793 1299 1174 1371 amicitiam
1197 1309 1223 1354 ⁷
1263 1298 1478 1370 vellet
1513 1292 1714 1371 illum
1766 1303 1857 1373 ab
1904 1303 2152 1378 inferis
2189 1335 2510 1399 evocare,
2541 1338 2716 1411 pro-

594 1426 756 1511 pter
807 1406 1327 1508 rempublicam
1394 1435 1544 1480 non
1604 1410 1903 1484 fecisset.
1959 1416 2131 1510 Ejus
2185 1420 2407 1516 igitur
2465 1431 2718 1497 mortis

595 1519 855 1592 sedetis
891 1518 1195 1599 ultores»,
1229 1516 1435 1611 cujus
1469 1523 1687 1589 vitam
1719 1522 1782 1591 si
1818 1527 2082 1619 putetis
2113 1552 2243 1624 per
2278 1554 2409 1601 vos
2431 1538 2716 1606 restitui

593 1654 835 1728 posse,
868 1627 1187 1711 nolletis3
1226 1641 1297 1697 et
1336 1622 1427 1697 de
1464 1629 1621 1722 ejus
1661 1652 1837 1702 nece
1878 1632 2017 1704 lata
2053 1642 2355 1732 quaestio
2394 1658 2540 1731 est,
2582 1651 2711 1742 qui

592 1740 650 1809 si
685 1738 931 1808 eadem
978 1735 1133 1832 lege
1176 1740 1599 1819 reviviscere
1644 1756 1911 1835 posset,
1964 1743 2103 1814 lata
2154 1736 2270 1816 lex
2311 1774 2711 1849 numquam

593 1861 797 1919 esset.
826 1844 1057 1939 Hujus
1084 1827 1255 1941 ergo
1290 1837 1707 1918 interfector
1738 1854 1868 1944 qui
1896 1866 2082 1922 esset
2096 1849 2151 1940 ⁸,
2193 1858 2267 1924 in
2298 1858 2713 1933 confitendo

588 1946 679 2029 ab
720 1957 899 2027 iisne
930 1978 1220 2052 poenam
1264 1950 1584 2042 timeret,
1630 1980 1815 2053 quos
1856 1957 2338 2035 liberavisset?

688 2067 916 2139 Graeci
951 2064 1283 2134 homines
1323 2056 1628 2134 deorum
1667 2062 1981 2139 honores
2018 2069 2350 2144 tribuunt
2384 2076 2469 2145 iis
2503 2078 2713 2161 viris,

582 2180 710 2276 qui
771 2192 1118 2271 tyrannos
1161 2189 1621 2244 necaverunt.
1681 2174 1858 2265 Quae
1916 2184 2050 2275 ego
2104 2182 2303 2253 vidis)
2359 2180 2710 2259 Athenis?

583 2309 745 2382 quae
782 2285 933 2353 aliis
961 2286 1035 2352 in
1065 2280 1374 2355 urbibus
1412 2282 1750 2355 Graeciae?
1783 2290 1963 2385 qua's
1990 2312 2106 2360 res
2140 2291 2414 2365 divinas
2445 2296 2712 2369 talibus

586 2398 942 2467 institutas
980 2395 1195 2463 viris?
1230 2417 1416 2490 quos
1445 2399 1744 2467 cantus?
1786 2422 1947 2496 quae
1973 2403 2330 2474 carmina?
2356 2428 2591 2504 prope
2619 2409 2713 2480 ad

584 2497 1137 2577 immortalitatis
1167 2516 1238 2574 et
1264 2505 1681 2602 religionem
1700 2560 1719 2594 ‚
1748 2521 1822 2577 et
1846 2514 2261 2582 memoriam
2288 2538 2715 2588 consecran-

587 2632 723 2689 tur.
782 2619 929 2684 Vos
981 2616 1160 2683 tanti
1207 2630 1781 2686 conservatorem
1836 2620 2130 2715 populi,
2190 2625 2370 2692 tanti
2422 2626 2711 2698 sceleris

582 2729 926 2810 ultorem,
981 2749 1131 2792 non
1187 2719 1407 2793 modo
1454 2723 1860 2795 honoribus
1904 2728 2120 2800 nullis
2156 2728 2520 2817 afficietis,
2575 2736 2709 2806 sed

583 2838 794 2908 etiam
851 2832 940 2903 ad
996 2825 1430 2929 supplicium
1485 2837 1645 2931 rapi
1702 2837 2123 2931 patiemini?
2179 2841 2705 2932 Confiteretur,

580 2944 1069 3028 confiteretur,
1118 2943 1447 3038 inquam,
1496 2946 1556 3013 si
1605 2942 1883 3016 fecisset
1910 2956 1993 3035 ¹⁰,
2048 2962 2120 3017 et
2159 2972 2422 3047 magno
2455 2953 2708 3024 animo

579 3124 738 3173 reditu
754 3120 908 3185 fingit,
928 3118 1062 3183 quasi
1081 3119 1181 3166 sola
1195 3118 1340 3180 hujus
1357 3120 1447 3166 viri
1463 3136 1596 3167 com-

580 3203 858 3250 memoratio
897 3215 979 3246 eos
1020 3198 1223 3245 horrore
1267 3208 1562 3247 concuteret.

650 3282 697 3327 6.
754 3279 909 3327 Inani
953 3277 1264 3342 cogitatione.
1315 3278 1478 3325 Inanis
1524 3291 1596 3327 est

577 3358 826 3421 cogitatio,
845 3356 954 3420 quia
976 3371 1076 3403 non
1097 3355 1243 3403 vitam
1264 3356 1469 3405 Clodius
1488 3374 1594 3405 rur·

576 3453 656 3484 sus
674 3446 745 3481 est
763 3435 1111 3498 auspicaturus.

649 3531 694 3573 7.
723 3515 927 3573 Propter
946 3508 1225 3558 amicitiam.
1253 3509 1381 3572 Quia
1401 3528 1504 3560 non
1526 3513 1593 3562 ita

574 3592 763 3658 pridem
798 3590 849 3635 in
884 3589 1083 3650 gratiam
1120 3587 1321 3652 Clodius
1356 3606 1412 3635 ac
1446 3593 1590 3638 Poin-

573 3673 712 3737 peius
737 3667 993 3716 redierant.

645 3750 695 3796 3.
726 3742 1012 3809 Interfector
1030 3743 1117 3807 qm*
1135 3756 1277 3792 esset.
1308 3745 1359 3792 Si
1381 3762 1433 3793 ea
1458 3747 1591 3796 fuere

571 3828 735 3879 Clodii
761 3827 1003 3880 facinora,
1031 3833 1084 3870 ut
1112 3839 1206 3871 una
1233 3825 1336 3886 ejus
1361 3829 1589 3876 memoria

570 3924 661 3956 vos
683 3918 863 3954 terrore
895 3905 1154 3968 exagitaret
1176 3938 1191 3962 ,
1220 3923 1344 3953 anne
1370 3906 1493 3954 Milo
1510 3945 1524 3967 ,
1550 3909 1591 3955 si

572 3989 673 4049 ejus
693 3986 858 4033 fuisset
877 3984 1171 4046 interfector,
1199 3984 1382 4049 aliquid
1404 4003 1429 4033 a
1448 3987 1588 4035 vobis

571 4065 768 4114 haberet
829 4061 1137 4110 metuendum
1198 4081 1347 4127 quum
1410 4067 1586 4114 suctum

571 4143 912 4192 confiteretur?
936 4143 1132 4200 Orator,
1168 4145 1388 4204 quamvis
1426 4143 1588 4194 laudes

1684 3132 1847 3168 censet
1866 3137 1968 3169 esse
1992 3122 2170 3171 Miloni
2196 3123 2550 3187 decernendas,
2570 3130 2708 3192 quod

1683 3199 1887 3261 patriam
1904 3216 1929 3247 a
1952 3201 2277 3263 perditissimo
2290 3205 2399 3252 cive
2411 3205 2706 3265 liberaverit,

1682 3293 1943 3342 numquam
1968 3279 2195 3329 Clodium
2217 3298 2243 3329 a
2273 3284 2464 3332 Milone
2489 3288 2702 3335 occisum

1680 3356 1828 3405 fuisse
1858 3357 2134 3421 profitetur.

1751 3451 1800 3498 9.
1835 3435 1957 3498 Quiz-
1983 3454 2077 3503 ego
2101 3439 2211 3488 vidi
2228 3441 2470 3491 Athenis?
2497 3445 2706 3494 Videtur

1680 3516 1918 3579 respicere
1949 3528 2129 3567 statuas
2156 3522 2410 3569 Harmodii
2437 3535 2485 3571 et
2514 3526 2707 3573 Aristo-

1681 3595 1888 3658 gitonis,
1916 3597 2000 3659 qui
2034 3598 2351 3647 Athenienses
2382 3617 2410 3648 a
2437 3604 2703 3651 Pisistrati·

1680 3674 1846 3722 darum
1860 3677 2116 3739 tyrannide
2129 3678 2329 3728 liberare
2340 3684 2550 3747 aggressi
2565 3695 2705 3744 sunt;

1678 3770 1789 3820 qnae
1804 3755 1869 3802 ita
1886 3755 2095 3803 mirabili
2114 3770 2215 3805 arte
2232 3758 2423 3808 fuerant
2440 3762 2703 3820 confecta,
2784 3771 2791 3778 '

1676 3843 1734 3879 ut
1771 3849 1849 3880 eas
1879 3833 2204 3883 in‘Persidem
2240 3839 2431 3887 Xerxes
2459 3841 2701 3901 auset-reu

1679 3911 1904 3959 Seleucus
1924 3929 2039 3960 vero
2059 3915 2240 3962 Graecis
2261 3918 2487 3965 restituit.

1755 4006 1827 4037 to.
1864 3991 1916 4036 Si
1931 3991 2158 4055 fecisset.
2190 3993 2241 4041 si
2270 3997 2552 4061 reipublic-‘e
2578 3998 2702 4047 ulci-

1675 4068 1863 4116 scendae
1898 4085 2038 4118 causa
2080 4073 2297 4131 fecisset,
2337 4092 2437 4124 non
2464 4087 2519 4123 ut
2551 4080 2699 4125 vit-m

1676 4147 1969 4196 defenderet.
