2994 4778
486 423 787 490 ORAT.
840 422 977 488 DE
1023 423 1310 491 PROV.
1365 414 2176 497 CONSULARIBUS'.
2284 427 2422 500 253

301 558 375 613 et
417 543 790 629 Pisonem,
845 540 991 611 duo
1049 543 1460 641 reipublicae
1513 559 1887 641 portenta,
1941 570 2023 618 ac
2068 572 2270 646 paene
2316 550 2420 623 fu-

306 677 468 723 nera
492 662 585 737 ¹⁰,
661 676 889 748 quum
949 668 1246 748 propter
1311 654 1479 725 alias
1544 677 1790 724 causas
1818 708 1835 741 ‚
1900 669 2055 725 tum
2112 664 2422 732 maxime

306 778 604 860 propter
655 760 835 832 illud
889 763 1162 858 insigne
1211 763 1438 833 scelus
1483 787 1775 851 eorum,
1827 777 1898 834 et
1933 765 2418 862 importunam

305 877 376 942 in
421 897 543 943 me
595 871 1091 942 crudelitatem
1119 926 1138 959 ,
1184 897 1330 943 non
1388 873 1622 944 solum
1678 878 2031 945 sententia
2084 900 2244 965 sua,
2301 879 2424 950 sed

301 985 514 1055 etiam
589 982 976 1054 verborum
1044 986 1383 1079 gravitate
1456 1009 1608 1055 esse
1673 984 2029 1056 notandos
2103 992 2423 1085 putavit3

298 1116 624 1190 quonam
672 1116 786 1162 me
832 1092 1072 1161 animo
1118 1096 1194 1161 in
1233 1116 1354 1163 eos
1390 1116 1543 1164 esse
1589 1109 1913 1189 oportet,
1950 1096 2159 1190 cujus
2188 1098 2289 1167 illi
2325 1124 2428 1169 sa-

297 1204 532 1273 lutem
588 1227 725 1300 pro
771 1203 1075 1300 pignore
1119 1201 1574 1274 tradiderunt
1616 1203 1704 1273 ad
1749 1205 2131 1300 expiandas
2160 1212 2218 1250 ¹¹
2268 1232 2429 1280 suas

297 1313 776 1411 cupiditates?
833 1312 972 1384 Sed
1032 1336 1167 1408 ego
1230 1317 1301 1382 in
1351 1312 1487 1384 hac
1535 1315 1886 1386 sententia
1936 1314 2237 1389 dicenda
2274 1343 2421 1389 non

299 1421 578 1521 parebo
640 1421 874 1492 dolori
932 1432 1203 1510 meon,
1262 1446 1397 1492 nec
1452 1421 1834 1494 iracundiae
1876 1429 2201 1497 serviam.
2264 1430 2427 1516 Quo

298 1533 547 1603 animo
595 1532 1097 1629 unusquisque
1141 1546 1454 1602 vestrum
1496 1531 1717 1603 debet
1754 1557 1908 1604 esse
1945 1535 2017 1604 in
2062 1535 2253 1623 illos,
2286 1538 2426 1610 hoc

307 1668 475 1712 ero:
527 1645 968 1739 praecipuum
1018 1642 1217 1712 illum
1265 1657 1338 1712 et
1389 1645 1768 1740 proprium
1816 1667 2107 1714 sensum
2158 1645 2430 1718 doloris

307 1755 483 1841 mei,
517 1777 740 1849 quem
778 1766 1015 1824 tamen
1049 1776 1180 1823 vos
1215 1776 1671 1823 communem
1719 1776 2005 1851 semper
2040 1753 2245 1826 vobis
2276 1781 2428 1828 me-

303 1885 469 1933 cum
508 1887 666 1934 esse
711 1861 1045 1951 duxistis,
1089 1888 1128 1932 a
1161 1865 1512 1933 sententia
1559 1861 1862 1933 dicenda
1912 1864 2300 1953 amoveb03
2337 1866 2426 1937 ad

303 1971 692 2043 ulciscendi
737 1986 1063 2069 tempora
1092 1970 1476 2042 reservabo
1504 1968 1587 2040 ¹3.

395 2086 488 2152 11.
538 2086 866 2172 Quatuor
901 2097 1070 2153 sunt
1115 2083 1573 2180 provinciae¹,
1610 2046 1848 2179 patres
1889 2085 2311 2182 conscripti,
2341 2086 2431 2159 de

305 2190 578 2287 quibus
619 2190 854 2262 adhuc
901 2191 1221 2288 intelligo
1261 2193 1650 2262 sententias
1688 2216 1842 2262 esse
1885 2191 2154 2264 dictas:
2190 2195 2431 2268 Galliae

313 2299 501 2388 duae,
546 2326 726 2399 quas
787 2301 929 2374 hoc
981 2317 1307 2403 tempore
1368 2327 1520 2374 uno
1564 2304 1871 2401 imperio
1909 2303 2234 2377 videmus
2277 2332 2431 2379 esse

320 2414 822 2508 conjunctas23
857 2428 928 2484 et
960 2417 1194 2512 Syria,
1232 2430 1302 2486 et
1331 2413 1788 2501 Macedonia,
1830 2440 2048 2511 quas,
2084 2417 2289 2488 vobis
2326 2423 2431 2488 in·

310 2661 533 2712 preterea
548 2650 886 2712 Carthaginem
903 2667 1004 2699 esse
1018 2650 1268 2699 delendam
1283 2673 1326 2702 n.

1415 2652 1536 2700 nino
1563 2668 1614 2700 se
1638 2651 1870 2700 vindictae
1890 2651 2217 2700 immemorem
2239 2652 2429 2703 denun-

383 2746 458 2778 ιο.
503 2731 616 2776 Duo
657 2729 934 2793 reipublicae
965 2742 1198 2794 portenta
1217 2765 1234 2792 ,
1266 2748 1328 2779 ae
1416 2731 1537 2787 tiat,
1589 2731 1675 2780 sed
1726 2731 1779 2778 in
1830 2741 2021 2796 tempus
2065 2731 2258 2795 seponit
2300 2749 2432 2782 com-

300 2808 661 2873 paenefunera.
677 2809 882 2856 Romam
907 2825 1107 2874 prorsus
1135 2811 1328 2857 evertis·

308 2900 442 2948 sent,
480 2889 577 2936 nisi
603 2888 775 2936 Cicero
802 2899 984 2937 tantam
1011 2888 1196 2937 cladem
1233 2905 1321 2938 ex-

310 2968 417 3016 silio
443 2967 782 3032 praevertisset.

388 3062 410 3095 1
427 3064 471 3096 ι.
499 3048 804 3111 &pianda-5.
831 3048 1022 3095 Manat.
1048 3046 1323 3106 Victorius,

311 3125 567 3173 [ambinus
586 3160 600 3184 ,
637 3124 857 3174 Graevius
875 3160 890 3184 ,
918 3126 1098 3174 Olivet.
1129 3125 1324 3173 Lallem.

313 3205 429 3254 edit.
465 3205 626 3269 princ.
657 3215 708 3252 et
730 3206 856 3252 Ven.
884 3205 1013 3263 1483
1036 3238 1052 3264 ,
1087 3207 1321 3254 Garaton-

311 3283 595 3349 explendas.

381 3380 462 3412 ια.
487 3364 603 3412 Non
615 3364 805 3428 parebo
825 3361 984 3410 dolon·
1002 3378 1123 3410 meo.
1145 3365 1322 3411 Demo·

313 3443 501 3492 sthenes
539 3445 680 3508 epist.
717 3460 780 3491 a:
810 3443 964 3491 «Non
1001 3443 1202 3507 privatae
1239 3458 1323 3489 ex·

312 3522 498 3585 plendae
535 3521 797 3570 iracundiae
835 3537 998 3580 causa,
1040 3519 1320 3584 reipublicae

315 3600 576 3649 commodis
626 3600 902 3649 nocendum
951 3610 1073 3663 puto
1103 3615 1119 3660 ;
1166 3614 1320 3662 neque

317 3680 452 3728 unam
471 3680 646 3745 privati
665 3680 769 3728 odii
788 3690 971 3745 partem
992 3677 1201 3742 publicis
1229 3677 1321 3725 uti·

315 3758 525 3808 litatibus
540 3759 785 3807 admisceo
803 3780 844 3806 n.

387 3840 462 3886 13.
489 3839 574 3887 Ad
588 3837 856 3887 ulciscendi
874 3847 1089 3900 tempora
1110 3852 1320 3884 reserva-

319 3916 389 3964 ὁο.
426 3917 685 3965 Pulchrum
727 3933 842 3964 sane
880 3927 953 3964 est
979 3927 1029 3964 et
1054 3915 1322 3963 oratorium

318 3994 533 4044 CIceroni
565 3996 661 4044 hos
695 3996 745 4043 in
786 4012 836 4043 re
874 3995 965 4043 bac
1001 3995 1324 4059 praenuntiare

1415 2809 1629 2859 modius.

1488 2890 1554 2938 11.
1574 2904 1618 2938 1.
1642 2892 1868 2953 Quatuor
1883 2888 2292 2952 suntpmvince'ae.
2313 2894 2430 2940 Haec

1415 2978 1488 3016 est
1520 2968 1750 3016 orationis
1776 2968 2050 3032 propositio
2068 3005 2083 3029 ,
2123 2969 2203 3016 cui
2230 2971 2431 3034 partitio

1409 3047 1515 3110 ipsa
1533 3047 1807 3107 conjuncta.
1820 3048 1991 3111 Neque
2010 3048 2137 3094 enim
2152 3050 2428 3098 narratione

1409 3136 1482 3173 est
1530 3140 1654 3190 opus
1702 3126 1754 3172 in
1804 3124 2249 3177 deliberationibus.
2301 3129 2425 3178 Satis

1409 3203 1571 3266 itaque
1604 3203 1786 3251 oratori
1826 3204 1917 3252 fnit
1946 3203 2216 3268 significare
2244 3208 2423 3269 verbo,

1411 3282 1549 3346 quasi
1573 3281 1636 3329 ad
1662 3281 2020 3341 transitionem,
2054 3283 2166 3347 quis
2201 3297 2324 3335 esset
2357 3288 2428 3337 rei

1406 3377 1463 3408 ac
1490 3359 1847 3408 deliberationis
1866 3371 2035 3409 status.

1482 3455 1535 3489 α.
1570 3442 1678 3488 Hoc
1712 3451 1924 3503 tempore
1950 3456 2047 3488 uno
2069 3439 2269 3505 imperio
2295 3443 2432 3494 aide.

1409 3535 1513 3567 mus
1537 3535 1642 3568 esse
1674 3519 1974 3584 conjunctas.
2000 3523 2148 3569 Anno
2176 3523 2301 3570 Urb.
2322 3526 2424 3589 694

1405 3599 1631 3649 Vatinius
1649 3598 1873 3646 tribunus
1897 3599 2051 3663 plebis
2069 3600 2223 3664 legem
2245 3618 2428 3668 propo-

1408 3680 1528 3738 suit,
1557 3696 1653 3744 qua
1685 3678 1841 3727 Gallia
1865 3680 2111 3743 Cisalpina
2136 3680 2314 3728 Caesari
2341 3682 2430 3731 de·

1409 3769 1710 3816 cerneretur3
1741 3768 1961 3816 senatus,
2000 3758 2208 3822 quijure
2227 3760 2429 3823 provin-

1410 3837 1507 3884 cias
1540 3834 1829 3883 decernendi
1861 3835 2135 3896 fruebatur,
2163 3840 2428 3902 proposita

1410 3913 1507 3976 legi
1539 3912 1729 3960 fortiter
1761 3912 1981 3971 obstitit,
2017 3929 2079 3961 ne
2100 3914 2180 3974 jus
2210 3915 2334 3963 illud
2366 3917 2431 3965 ad

1412 3991 1607 4039 comitia
1634 3992 1990 4049 transserram-3
2019 3991 2107 4039 sed
2125 3993 2248 4042 vicit
2273 3989 2434 4043 Cae'sar

321 4089 477 4122 seusus
497 4110 512 4132 ,
567 4076 654 4139 qui
712 4087 982 4123 senatorem
1044 4073 1327 4138 reipublicae
1415 4070 1634 4136 Pompeii
1657 4081 1708 4118 et
1732 4070 1889 4121 Crassi
1913 4071 2063 4118 fretus
2088 4073 2254 4134 gratia.
2285 4074 2433 4121 Sena·

320 4152 578 4201 studiosum
602 4152 817 4203 deceant.
845 4156 1017 4218 Neque
1043 4165 1199 4202 tamen
1226 4169 1330 4200 om-

1417 4162 1521 4198 mm
1549 4151 1685 4214 quasi
1713 4151 1930 4199 territum
1955 4148 2156 4210 videns,
2182 4148 2246 4198 ib
2266 4166 2327 4201 eo
2351 4168 2434 4216 pe-
