2994 4778
687 414 818 488 138
1310 421 1407 487 M.
1462 422 1535 489 T.
1593 420 2166 492 CICERONIS

671 536 1101 635 neglexerit?
1146 562 1324 611 num
1371 543 1651 613 consuli
1687 543 1829 612 vim
1881 539 2239 613 attulerit?
2269 564 2433 610 num
2481 541 2717 610 armatis

668 646 1087 719 hominibus
1119 649 1472 746 templum
1505 653 1865 723 tenuerit?
1914 676 2093 721 num
2139 653 2635 723 intercessorem
2668 653 2718 718 vi

667 756 1050 854 dejecerit?
1079 783 1259 830 num
1294 759 1678 855 religiones
1714 760 2108 858 polluerit?
2150 764 2463 832 aerarium
2499 758 2715 831 exhau-

667 868 882 940 serit?
938 868 1457 967 rempublicam
1511 872 1961 969 compilarit?
2005 875 2156 943 Tua
2194 884 2394 955 sunt,
2442 883 2548 941 tua
2584 881 2721 939 sunt

669 975 820 1050 haec
840 980 1104 1051 omnia.
1130 979 1468 1051 Cornelio
1504 980 1859 1076 ejusmodi
1893 981 2075 1051 nihil
2102 980 2459 1075 objectum
2487 993 2590 1050 est.
2613 981 2721 1049 Co-

666 1084 898 1163 dicem
935 1087 1184 1185 legisse
1213 1087 1587 1162 dicebatur
1604 1102 1656 1161 ⁷.
1682 1088 2230 1163 Defendebatur
2251 1144 2272 1178 ,
2309 1088 2579 1183 testibus
2602 1086 2718 1158 col·

670 1195 845 1294 legis
877 1197 1055 1283 suis,
1105 1219 1256 1268 non
1304 1198 1657 1272 recitandi
1696 1224 1906 1273 causa
1943 1200 2229 1297 legisse,
2271 1199 2392 1273 sed
2435 1220 2722 1294 recogno-

664 1298 981 1385 scendi&
1030 1307 1423 1382 Constabat
1463 1324 1740 1398 tamen,
1784 1310 2202 1384 Cornelium
2247 1309 2593 1382 concilium
2626 1304 2723 1375 illo

669 1413 787 1489 die
830 1414 1216 1505 dimisisse,
1274 1420 1777 1493 intercessioni
1819 1422 2141 1518 paruisse
2159 1432 2217 1490 ⁹.
2279 1422 2384 1490 Tu
2431 1442 2612 1504 vero,
2634 1415 2723 1485 cui

668 1524 982 1598 Cornelii
1014 1524 1339 1615 defensio
1372 1528 1735 1628 displicet,
1770 1554 1989 1628 quam
2017 1554 2304 1603 causam
2334 1527 2423 1601 ad
2448 1543 2726 1626 patronos

672 1648 874 1723 tuos,
912 1650 1039 1708 aut
1080 1637 1281 1734 quod
1321 1664 1406 1713 os
1440 1637 1825 1714 afferesm?
1861 1639 2131 1737 quibus
2160 1639 2310 1735 jam
2353 1634 2726 1735 praescribis,

673 1759 951 1843 quanto
993 1744 1135 1819 illis
1185 1746 1457 1845 probro
1496 1749 1824 1822 futurum
1879 1752 2013 1839 sit,
2064 1754 2125 1822 si
2174 1765 2249 1823 te
2298 1744 2726 1823 defenderint,

672 1878 900 1952 quum
934 1870 1019 1928 tu
1048 1857 1227 1929 mihi
1257 1861 1577 1935 Cornelii
1604 1858 2093 1933 defensionem
2123 1861 2202 1932 in
2240 1857 2599 1933 maledictis
2624 1852 2726 1924 ob·

666 1963 1052 2058 jiciendam
1106 1973 1396 2065 putaris.
1451 1975 1784 2043 Attamen
1836 1968 1979 2044 hoc
2002 2023 2022 2057 ‚
2068 1971 2350 2058 Vatini,
2394 1976 2730 2045 mementO,

674 2074 919 2171 paullo
954 2092 1121 2175 post
1152 2079 1358 2151 istam
1396 2078 1889 2154 defensionem
1930 2105 2193 2166 meam,
2232 2105 2447 2179 quam
2473 2093 2543 2150 tu
2567 2074 2733 2147 bonis

672 2185 845 2258 viris
903 2185 1351 2286 displicuisse
1417 2188 1630 2278 dicis,
1684 2215 1836 2276 me,
1887 2214 2118 2287 quum
2163 2188 2476 2261 universi
2532 2179 2733 2284 populi

669 2298 951 2371 romani
989 2321 1270 2371 summa
1306 2299 1679 2373 voluntate
1703 2356 1722 2385 ,
1758 2316 1911 2372 tum
1958 2302 2214 2400 optimi
2260 2301 2589 2396 cujusque
2624 2292 2735 2364 sin·

671 2405 900 2503 gula‘ri
936 2408 1178 2482 studio
1201 2464 1222 2498 ,
1277 2410 1978 2509 magnificentissime
2016 2426 2181 2509 post
2225 2411 2587 2484 hominum
2622 2426 2738 2473 me·

671 2517 973 2591 moriam
1006 2521 1379 2596 consulem
1406 2520 1709 2609 factum,
1743 2525 2135 2618 omniaque
2170 2546 2255 2592 ea
2292 2545 2406 2592 me
2443 2515 2743 2616 pudenter

580 2709 584 2714 ‚
670 2630 981 2703 vivendo
1023 2615 1555 2730 consequutum
1591 2656 1785 2718 esse,
1844 2655 2006 2728 quae
2049 2645 2129 2703 tu
2169 2627 2619 2729 impudenter
2648 2645 2742 2692 va·

671 2735 1113 2813 ticinando¹¹
1154 2764 1442 2837 sperare
1478 2756 1551 2813 te
1587 2764 1776 2838 saepe
1815 2740 2078 2812 dixisti.
2119 2788 2135 2805 .

676 2943 837 2991 omnin
871 2957 982 3007 quae
1011 2942 1292 2993 Cornelium
1324 2961 1592 3008 numquam
1617 2947 1685 2994 fe·
1773 2954 2023 2995 anensem
2064 2952 2162 3001 eet,
2196 2953 2439 3008 umquam
2468 2941 2548 3006 qui
2582 2932 2746 2987 tribuni·

675 3022 798 3073 eine
846 3023 1034 3089 profert
1050 3058 1066 3084 ,
1112 3035 1389 3089 patr-vernt
1426 3025 1691 3085 Vatinium

674 3101 808 3152 unde
842 3103 1037 3168 gravior
1068 3105 1123 3152 in
1160 3119 1274 3153 enm
1310 3115 1383 3155 eet
1412 3104 1602 3155 ironia.
1629 3108 1691 3155 In

673 3185 951 3234 moriem
970 3183 1053 3235 hie
1081 3196 1157 3235 eet
1179 3187 1538 3248 revocandum,
1556 3184 1695 3251 qnod

673 3260 736 3310 de
753 3278 814 3312 eo
824 3262 877 3312 in
889 3264 1183 3328 procedenti
1198 3266 1419 3317 oratione
1430 3267 1692 3330 scrip-erit.

749 3355 775 3400 7
788 3373 802 3386 .
832 3341 1028 3405 Legisse
1049 3340 1320 3391 dicebatur.
1345 3343 1532 3392 Multae
1564 3343 1695 3406 leges

676 3416 933 3467 Cornelius
965 3419 1156 3468 :enatat
1193 3420 1529 3470 infestissimas
1564 3421 1694 3469 tule-

676 3506 781 3558 ηις
806 3512 958 3560 quum
981 3512 1100 3547 vero
1127 3512 1296 3550 omne·
1328 3498 1383 3548 in
1411 3514 1522 3550 eum
1551 3513 1692 3547 exer-

676 3572 846 3624 derent
859 3608 877 3635 ‚
923 3590 1026 3624 non
1069 3591 1149 3625 eu
1198 3577 1459 3641 proposuit
1490 3592 1506 3627 ε
1546 3593 1692 3625 unam

676 3669 815 3717 vero,
833 3669 971 3720 (με,
987 3670 1050 3704 ne
1072 3655 1182 3717 quis
1202 3653 1289 3718 p'er
1307 3655 1550 3720 populum
1573 3654 1692 3718 lngi-

678 3732 772 3783 bm
791 3733 1075 3793 solveretur,
1093 3733 1338 3784 indicebat
1356 3768 1373 3796 ‚
1402 3734 1453 3782 in
1477 3733 1691 3784 medium

554 3845 569 3858 ,
674 3812 891 3878 proferre
906 3829 1009 3864 non
1027 3813 1285 3864 dubitavit.
1311 3814 1518 3864 Obstitit
1538 3815 1694 3864 Servi·

675 3886 1042 3945 lim‘Glohulu·
1078 3892 1302 3944 tribuum
1334 3893 1516 3959 plebia
1539 3910 1690 3958 quum

673 3989 792 4023 vero
822 3971 980 4021 scribe
1013 3973 1168 4036 legem
1199 3988 1301 4022 non
1329 3974 1540 4038 legeret,
1574 3975 1689 4037 qnia

671 4055 1002 4102 intercesserat
1056 4051 1279 4100 tribunus
1301 4085 1316 4109 ,
1376 4053 1481 4116 ipse
1533 4053 1689 4117 legem

675 4131 928 4183 Comfflm
965 4130 1201 4180 recitavit.
1237 4129 1386 4193 Quod
1413 4131 1480 4178 ob
1509 4132 1689 4179 foetum

1775 3024 1893 3072 tiam
1917 3022 2214 3071 imminuerit
2238 3033 2547 3086 potestatem.

1848 3103 1896 3152 8.
1922 3101 2326 3166 Recognoscendi.
2345 3099 2554 3150 videndi
2570 3112 2626 3144 an
2647 3099 2747 3142 reete

1778 3181 1956 3246 scripte
1981 3190 2124 3229 estet.

1852 3278 1903 3324 9.
1920 3258 2267 3309 laumessioni
2275 3258 2514 3324 paruisse.
2529 3253 2642 3318 Quia
2656 3263 2751 3298 cou-

1781 3339 1971 3388 cionem
2011 3337 2210 3386 dimisit.
2236 3339 2361 3388 Duae
2406 3337 2640 3387 orationes
2672 3328 2754 3393 qui·

1780 3418 1871 3468 bus
1888 3429 2054 3468 orator
2076 3417 2357 3467 Cornelium
2384 3416 2649 3467 defenderat
2671 3422 2754 3455 om·

1780 3499 1899 3545 nino
1921 3508 2142 3560 tempore
2169 3496 2492 3556 excidet-uun
2529 3494 2756 3557 saginent*

1778 3574 2000 3641 quadam
2052 3585 2238 3625 tantum
2279 3575 2343 3623 ab
2387 3575 2599 3624 Asconio
2647 3569 2757 3617 rnen

1779 3663 1983 3703 servata.

1854 3749 1934 3782 ro.
1960 3732 2109 3798 Quod
2132 3748 2188 3781 os
2218 3729 2420 3797 afferes.
2445 3734 2514 3782 Ut
2538 3723 2762 3779 defendere

1777 3823 1825 3862 te
1839 3813 1947 3874 jure
1965 3827 2107 3876 posse
2124 3812 2396 3861 videantur.

1853 3906 1874 3937 ι
1890 3907 1935 3940 1.
1961 3889 2310 3940 Vaticinando.
2330 3890 2527 3939 Alludit
2544 3889 2594 3936 in
2605 3879 2764 3932 Vatinii

1775 3986 1987 4029 nomen,
2012 3970 2151 4034 quod
2188 3970 2314 4019 idem
2349 3972 2503 4019 ferme
2542 3986 2597 4017 ee
2623 3961 2766 4014 vatici·

1775 4051 1879 4097 nari
1905 4061 2076 4111 sonatg
2102 4066 2310 4114 eumque
2336 4049 2551 4108 deridet,
2584 4041 2708 4110 quod
2723 4053 2767 4086 *θ

1776 4126 2023 4177 consulem
2052 4127 2156 4176 fore
2174 4126 2496 4187 jactitant-it,
2521 4135 2571 4173 et
2593 4139 2652 4172 ne
2681 4115 2769 4167 ms-
