2994 4778
624 441 762 539 594
1248 434 1345 501 M.
1399 432 1476 498 T.
1533 430 2107 500 cmssnoms

710 565 830 632 IX.
886 557 1027 629 Sed
1079 554 1274 642 vide,
1311 576 1594 649 quaeso,
1641 556 1717 623 C.
1756 556 2028 635 Caesar,
2068 554 2585 623 constantiam¹
2643 579 2787 624 or-

617 671 968 745 natissimi
1023 668 1197 752 viri,
1258 667 1337 733 L.
1390 659 1798 733 Tuberonis
1857 688 1874 731 ε
1913 687 2155 758 quam
2196 685 2367 759 eg0,
2425 665 2784 759 quamvis

618 791 775 885 ipse
823 778 1246 880 probarem,
1299 787 1381 843 ut
1411 770 1697 896 probO,
1747 787 1991 842 tamen
2044 798 2193 843 non
2240 797 2784 844 commemora·

616 920 811 980 rem,
863 891 999 962 nisi
1041 914 1081 958 a
1123 901 1195 957 te
1248 883 1741 981 cognovissem
1789 883 1865 952 in
1910 885 2164 980 primis
2206 907 2359 954 eam
2404 884 2780 954 virtutem

622 1006 854 1078 solere
889 998 1186 1071 laudari.
1233 997 1412 1085 Quae
1462 991 1602 1063 fuit
1655 993 1874 1088 igitur
1909 1017 2258 1088 umquam
2306 993 2384 1062 in
2431 992 2587 1063 ullo
2629 992 2780 1063 ho·

619 1117 816 1187 mine
853 1123 1050 1181 tauta
1080 1101 1533 1176 constantia?
1569 1103 2050 1171 constantiam
2087 1100 2289 1173 dico.
2275 1102 2304 1154 ‘⁵’
2340 1105 2624 1189 nescio,
2665 1130 2778 1174 an

624 1222 882 1296 melius
908 1217 1333 1317 patientiam
1361 1214 1632 1310 possim
1663 1210 1925 1283 dicere.
1966 1217 2256 1304 Quotus
2285 1215 2519 1284 enim'
2557 1216 2776 1285 istud

623 1335 934 1433 quisque
982 1326 1302 1410 fecisset,
1345 1337 1448 1409 ut,
1505 1347 1547 1392 a
1597 1319 1912 1418 quibus-'⁰
1961 1325 2041 1393 in
2078 1320 2520 1394 dissensione
2560 1325 2782 1394 civili

624 1469 772 1516 non
815 1453 999 1512 esset
1036 1449 1408 1533 receptus,
1445 1447 1778 1529 essetque
1829 1434 2041 1503 etiam
2084 1458 2250 1505 cum
2287 1434 2721 1505 crudelitate
2740 1435 2778 1491 4

624 1554 960 1650 rejectuS,
988 1547 1078 1619 ad
1106 1569 1233 1616 eos
1261 1546 1458 1640 ipsos
1482 1541 1799 1613 rediret?
1822 1544 2063 1640 Magni
2094 1545 2208 1639 cuj
2218 1543 2470 1615 usdarn
2497 1545 2776 1628 animi,

628 1679 847 1761 atque
886 1660 1039 1755 ejus
1079 1655 1213 1724 viri
1258 1667 1404 1741 est,
1446 1677 1668 1748 quem
1705 1650 1796 1722 de
1830 1668 2161 1751 suscepta
2198 1678 2448 1739 causa,
2493 1677 2780 1752 propo-

626 1764 907 1868 sitaque
948 1764 1346 1849 sententia,
1389 1761 1586 1832 nulla
1638 1764 2110 1850 contumelia,
2163 1764 2365 1835 nulla
2410 1765 2546 1849 vis,
2597 1764 2782 1833 nul-

626 1883 777 1952 lum
809 1872 1213 1975 periculum
1248 1876 1476 1971 possit
1505 1870 1882 1969 depellere.

720 1992 820 2059 Ut
856 1986 1052 2058 enim
1083 1999 1319 2054 cetera
1344 1983 1543 2081 paria
1575 1980 1945 2054 Tuberoni
1973 2010 2141 2056 eum
2166 1991 2360 2058 Varo
2381 1985 2410 2031 ⁵
2437 1985 2779 2075 fuissent,

629 2103 904 2187 honOS,
951 2093 1327 2179 nobilitaS,
1378 2089 1755 2190 splendor,
1803 2096 2219 2191 ingenium;
2277 2122 2440 2195 quae
2491 2121 2780 2193 nequa·

627 2233 848 2308 quam
885 2205 1184 2276 fuerunt
1213 2228 1233 2290 3
1270 2202 1414 2273 hoc
1445 2215 1638 2272 certe
1674 2205 2120 2303 praecipuum
2152 2206 2554 2279 Tuberonis
2589 2205 2780 2292 fuit,

628 2318 831 2419 quod
864 2317 1063 2413 justo
1112 2336 1280 2384 cum
1312 2311 1638 2410 'irnperio
1677 2335 1768 2382 ex
1813 2317 2444 2388 senatusconsulto
2481 2321 2557 2385 in
2596 2340 2777 2414 pro-

628 2430 933 2501 vinciam
962 2447 1163 2497 suam
1195 2437 1516 2494 venerat.
1552 2424 1735 2493 Hinc
1763 2426 2210 2522 prohibituS,
2244 2454 2400 2500 non
2427 2428 2518 2500 ad
2544 2433 2779 2501 Caesa-

627 2566 783 2613 rem
800 2533 856 2627 6,
886 2561 980 2607 ne
1012 2536 1269 2622 iratus,
1302 2558 1451 2604 non
1485 2531 1788 2605 domum
1809 2590 1828 2623 ,
1863 2563 1956 2609 ne
1989 2541 2183 2611 iners
2203 2594 2223 2624 ‚
2262 2565 2415 2610 non
2452 2542 2774 2639 aliquam

629 2654 704 2722 iu
748 2652 1120 2746 regionem
1139 2656 1194 2731 ⁷,
1254 2669 1348 2715 ne
1393 2640 1878 2719 condemnare
1922 2674 2207 2721 causam
2265 2651 2506 2739 illam,
2545 2676 2772 2750 quam

701 2832 892 2879 11.1.
946 2825 1297 2876 Constantiam.
1343 2826 1514 2889 Capite
1560 2823 1647 2871 illo
1734 2822 1799 2869 ad
1837 2833 2011 2871 terram
2036 2823 2303 2887 appellere,
2331 2840 2426 2873 nec
2457 2841 2635 2889 nquam
2661 2827 2778 2890 qui·

554 2932 559 2939 ¹
630 2908 848 2960 ostendit
872 2903 1254 2970 pervicacissimo
1283 2912 1453 2951 contre
1493 2903 1651 2951 cm-
1739 2902 1848 2951 dem
1872 2903 2082 2952 bannire.

633 3006 734 3039 rem
760 2986 1045 3037 Tuberones
1080 2984 1396 3048 pugnavisse,
1440 2981 1653 3044 ideoque

630 3082 895 3133 numquam
932 3063 995 3111 de
1043 3059 1275 3110 tradenda
1316 3062 1363 3108 ei
1401 3059 1655 3124 provincia

633 3146 955 3212 cogitavisse,
997 3141 1163 3205 quod,
1192 3157 1344 3204 quum
1378 3140 1539 3204 palem
1577 3138 1653 3186 di·

634 3244 742 3275 cere
777 3223 958 3281 nollet,
1002 3236 1064 3269 ue
1107 3219 1255 3267 nimis
1291 3217 1654 3282 consanguineo

629 3306 846 3352 infensus
875 3299 1134 3356 videretur,
1161 3314 1354 3345 omnem
1382 3295 1561 3361 agendi
1579 3312 1654 3343 ra·

631 3382 815 3429 tionem
850 3389 963 3426 aute
993 3374 1165 3424 oculos
1201 3375 1383 3437 judicis
1419 3375 1656 3438 exponit,

631 3461 845 3521 dumque
872 3473 975 3504 eum
1004 3455 1204 3503 laudere
1231 3454 1442 3512 videtur,
1467 3454 1656 3501 indicet

634 3546 819 3604 quanto
859 3533 978 3581 odio
1017 3533 1069 3579 iu
1109 3533 1346 3581 cns-rem
1383 3532 1533 3580 suerit
1575 3548 1654 3579 sc·

661 3632 820 3668 eunus.

633 3637 661 3669 c
704 3714 754 3748 2.
806 3695 986 3758 Quotus
1034 3689 1183 3737 enim.
1238 3689 1436 3751 Quanto
1484 3689 1652 3737 studio

632 3775 850 3842 Pompeii
874 3769 1103 3835 flagrabat
1127 3766 1208 3817 ille
1228 3803 1243 3826 ‚
1268 3782 1415 3831 quem
1446 3766 1571 3815 nihil
1588 3768 1651 3816 ab

629 3860 722 3906 hac
744 3870 888 3904 causa
906 3850 1145 3899 deterrere
1161 3848 1351 3912 potuit!

703 3937 754 3983 3.
796 3933 994 3981 Lallem.
1039 3928 1249 3976 servavit
1284 3937 1381 3975 vet.
1425 3927 1541 3975 lect.
1580 3949 1606 3970 α
1623 3943 1650 3973 s

629 4015 807 4079 quibus
829 4010 1071 4077 pertibus.
1085 4043 1097 4055 .
1110 4007 1199 4056 ‚sd
1217 4023 1295 4055 ess
1316 4008 1445 4072 ipsas
1458 4030 1501 4053 a.

698 4103 749 4151 ι.
772 4087 1080 4140 crudelitate.
1097 4085 1377 4149 AEgrotabnt
1394 4097 1515 4134 tuuc
1532 4097 1651 4134 tem·

634 4173 767 4238 poris
789 4169 1012 4225 Tubero;
1046 4176 1255 4214 attamen
1292 4166 1335 4211 ei
1372 4181 1475 4212 non
1515 4165 1652 4211 licuit

1813 2983 1865 3030 5.
1908 2983 2026 3031 Cum
2083 2986 2220 3031 Van>
2251 2984 2490 3050 fuissent.
2540 2985 2772 3033 Ostendit

1743 3076 1888 3124 quem
1916 3062 2128 3125 graviter
2140 3062 2338 3110 Tubero
2359 3063 2513 3111 fuerit
2529 3065 2773 3125 offensus,

1743 3155 1893 3203 quum
1918 3156 1948 3187 ι
1965 3145 2099 3190 Varo
2120 3142 2266 3190 fuerit
2297 3144 2511 3205 rejectus
2531 3181 2546 3204 ,
2571 3145 2774 3192 bomine

1741 3215 1911 3265 infimo
1930 3252 1945 3277 ,
1969 3220 2154 3283 quique
2186 3220 2323 3269 nullo
2366 3223 2522 3269 modo
2560 3240 2667 3272 cum
2703 3239 2770 3270 eo

1741 3298 1896 3362 possit
1940 3299 2188 3357 confer-rh
2230 3299 2454 3365 illudque
2501 3302 2774 3366 pta-sertin

1743 3376 1818 3424 his
1845 3376 1989 3425 rebus
2018 3391 2160 3443 suget
2176 3415 2191 3438 ,
2211 3377 2350 3443 quod
2371 3380 2571 3429 Tubero
2602 3382 2772 3445 tegiti-

1744 3472 1877 3503 mum
1900 3458 2155 3521 imperium
2178 3457 2418 3516 habeb-u
2454 3464 2614 3508 Varus
2646 3477 2774 3508 vero

1740 3546 2031 3599 potestatem
2051 3547 2237 3585 tentum
2261 3554 2350 3601 per
2375 3539 2471 3586 vim
2508 3540 2774 3588 obtineret.

1815 3615 1864 3664 6.
1884 3614 1995 3663 Non
2023 3616 2096 3663 ad
2122 3616 2380 3665 casm-em.
2410 3617 2536 3664 Nem
2567 3619 2612 3665 si
2646 3634 2774 3683 pro-

1742 3693 1952 3742 vinciam
1996 3695 2111 3743 huic
2153 3695 2343 3743 tradere
2392 3697 2630 3745 voluisset
2646 3732 2662 3755 ,
2701 3699 2774 3746 ud

1738 3770 1874 3819 illum
1902 3773 2283 3837 confugiendum
2305 3785 2435 3831 erat,
2466 3777 2552 3838 qui
2573 3776 2775 3824 auxiliis

1741 3850 1980 3915 potuisset
2005 3853 2204 3913 juvare,
2249 3863 2305 3901 ut
2340 3855 2649 3917 provinciam
2678 3873 2776 3921 per

1740 3929 1840 3977 vim
1862 3929 2138 3996 ademptam
2158 3944 2480 3996 recuperaret.

1813 4026 1861 4069 7.
1887 4008 2120 4073 Aliquam
2141 4010 2190 4059 in
2211 4012 2479 4075 regionem.
2501 4016 2627 4075 Quae
2648 4028 2773 4077 pro-

1739 4080 1867 4135 cul'a
1888 4088 2127 4137 bellorum
2151 4091 2364 4139 tumultu
2392 4094 2581 4156 posita,
2599 4092 2772 4155 perfu-

1742 4167 1874 4229 gium
1914 4168 2205 4217 tutissimum
2235 4169 2536 4233 praebuisset.
