2994 4778
681 373 807 455 ¹4²
1305 365 1401 433 M.
1453 366 1531 432 Τ.
1585 363 2152 433 CICERONIS

670 490 994 589 possint,
1045 499 1167 556 aut
1204 485 1304 555 ita
1335 483 1769 569 dolenter¹⁰‚
1821 497 1904 554 ut
1947 482 2336 581 aliquando
2378 485 2517 556 ista
2543 539 2566 571 ‚
2638 508 2782 582 quae

658 613 840 675 sunt
860 595 1101 668 inflata
1116 649 1137 683 ,
1157 606 1592 692 rumpantur
1608 600 1632 635 ¹
1645 602 1668 635 ¹
1691 607 1884 664 :tum
1911 596 2327 665 memoriter
2349 592 2786 692 respondeto

666 708 757 780 ad
789 733 871 780 ea
889 761 910 794 ‚
956 729 1117 803 quae
1151 703 1245 776 de
1286 718 1360 775 te
1403 705 1564 800 ipso
1610 726 1887 800 rogaro.

764 822 849 890 V.
878 820 1156 914 Atque¹
1197 810 1373 884 illud
1390 810 2125 884 tenebricosissimum
2148 827 2440 911 tempus
2475 818 2790 889 ineuntis

666 928 889 1001 aetatis
918 941 1060 997 tuoe
1086 924 1317 1021 patiar
1335 921 1555 993 latere
1572 932 1623 992 ².
1653 924 2165 1021 Licetimpune
2193 947 2325 1022 per
2338 947 2456 995 me
2484 926 2791 1022 parietes

663 1043 740 1110 iu
771 1035 1250 1110 adolescentia
1276 1029 1713 1130 perfoderis,
1737 1033 2014 1104 vicinos
2032 1030 2441 1131 compilatis
2458 1048 2788 1121 ‚matrem

666 1146 1085 1222 verberaris.
1132 1141 1409 1215 Habeat
1460 1142 1604 1213 hoc
1654 1142 2030 1240 praemium
2069 1156 2195 1213 tua
2240 1141 2669 1239 indignitas,
2714 1158 2793 1216 ut

668 1256 1160 1333 adolescentiae
1198 1251 1576 1349 turpitudo
1624 1251 2065 1324 obscuritate
2119 1266 2194 1323 et
2234 1250 2618 1325 sordibus³
2657 1255 2794 1326 tuis

671 1367 1068 1463 obtegatur.

764 1481 1212 1568 Quaesturam
1257 1474 1496 1571 petisti
1533 1496 1703 1543 cum
1735 1477 1805 1544 P.
1837 1474 2080 1543 Sextio
2099 1476 2158 1554 ⁴,
2189 1494 2424 1567 quum
2459 1471 2585 1544 bic
2617 1471 2795 1544 nihil

669 1587 1111 1684 loqueretur,
1150 1583 1283 1653 nisi
1325 1581 1526 1681 quod
1564 1579 1852 1679 agebat3
1901 1598 1981 1653 tu
2035 1581 2127 1653 de
2157 1581 2386 1652 altero
2417 1582 2793 1654 consulatu

673 1689 1031 1794 gerendo⁵
1057 1707 1127 1763 te
1166 1691 1440 1763 diceres
1474 1693 1806 1789 cogitare.
1852 1695 2115 1784 Quaero
2149 1689 2277 1763 abs
2314 1704 2423 1778 te,
2456 1707 2796 1764 teneasne

670 1802 1016 1876 memoria
1040 1853 1061 1887 ‚
1115 1824 1342 1898 quum
1386 1806 1462 1871 P.
1507 1803 1790 1872 Sextius
1834 1816 2148 1898 quaestor
2186 1803 2280 1872 sit
2324 1804 2608 1873 cunctis
2645 1800 2797 1874 suf·

670 1914 908 2011 fragiis
945 1909 1214 1998 factus,
1263 1924 1441 1981 tunc
1476 1924 1550 1982 te
1583 1912 1733 2000 vix,
1773 1913 2018 1982 invitis
2049 1910 2431 1997 omnibus,
2470 1936 2624 1999 non
2670 1938 2797 2012 po·

672 2024 825 2125 puli
852 2019 1239 2106 beneficiO,
1265 2020 1395 2092 sed
1426 2023 1781 2108 consulis,
1817 2020 2257 2094 extremum⁶
2281 2022 2796 2096 adhaesissent»

672 2159 761 2207 eo
782 2133 1221 2230 magistratu,
1238 2154 1467 2228 quum
1495 2131 1632 2202 tibi
1658 2156 1921 2228 magno
1948 2133 2262 2204 clamore
2284 2136 2599 2231 Aquaria
2633 2158 2802 2233 pro-

674 2245 943 2315 vincia⁷
1002 2255 1198 2313 sorte
1244 2239 1656 2338 obtigisset,
1711 2244 2064 2315 missusne
2101 2243 2196 2314 sis
2238 2267 2278 2314 a
2318 2241 2620 2314 consule
2674 2249 2804 2316 Pu-

672 2354 939 2441 teolos,
970 2365 1056 2424 ut
1093 2350 1265 2423 inde
1307 2375 1565 2424 aurum
1601 2352 1963 2452 exportari
2000 2368 2526 2452 argentumque
2563 2353 2805 2452 prohi-

671 2459 975 2538 beresss?
1037 2466 1114 2533 in
1169 2486 1258 2534 eo
1312 2465 1638 2561 negotiO‚
1671 2486 1899 2560 quum
1959 2477 2032 2534 te
2084 2485 2239 2534 non
2287 2462 2672 2536 custodem
2715 2463 2798 2536 ad

750 2648 831 2679 ιο.
862 2632 966 2678 Aue
1006 2628 1078 2677 ita
1112 2625 1355 2675 dolenter.
1392 2629 1560 2690 Quum
1598 2628 1693 2673 ira·

671 2711 885 2760 cundum
913 2707 1048 2756 fateri
1084 2721 1158 2753 ree
1198 2706 1305 2769 ipse
1341 2716 1507 2770 coget,
1541 2705 1694 2753 utine

1776 2628 1871 2677 Sed
1912 2626 2133 2692 loquitur
2173 2625 2523 2698 δπιρὸολυιῶς.
2562 2629 2614 2681 J.
2636 2631 2710 2681 V.
2753 2633 2806 2680 1..

1847 2707 1896 2757 6.
1944 2707 2228 2756 Extremum
2268 2706 2558 2757 adleoesisse.
2608 2709 2808 2759 Pome-

670 2793 816 2839 fuisse
848 2788 967 2851 reip.
992 2803 1071 2833 me
1106 2784 1263 2831 civem
1298 2801 1444 2848 quam
1467 2795 1515 2832 te
1539 2785 1692 2834 nasci.

747 2884 768 2914 r
784 2883 827 2916 t.
856 2867 1170 2928 Rumpanmr.
1196 2863 1403 2928 Propter
1425 2862 1525 2910 vim
1555 2862 1694 2912 dolo-

671 2947 755 2995 ris.
794 2944 979 2992 Festive
1010 2952 1214 2990 strumas
1251 2939 1492 3007 signifieat
1527 2941 1694 3005 potius

671 3041 817 3090 quem
837 3022 1073 3070 nominat.

724 3099 806 3153 Ὗ.
841 3118 887 3150 1.
926 3104 1103 3166 Aeque.
1132 3099 1206 3148 Al.
1233 3103 1320 3149 Ae.
1349 3101 1399 3150 J.
1420 3100 1483 3148 V.
1506 3101 1562 3148 L.
1593 3099 1600 3104 ’

744 3200 794 3232 2.
835 3180 1009 3230 Patiar
1041 3180 1206 3229 Iacere.
1245 3179 1392 3245 Quod
1435 3192 1598 3229 tamen
1632 3177 1694 3227 ad

674 3265 832 3312 lucem
851 3258 1096 3325 protrahit
1111 3294 1126 3315 ,
1152 3257 1240 3328 sed
1257 3259 1489 3319 breviter,
1513 3270 1568 3307 ut
1586 3275 1696 3323 pos·

675 3341 739 3390 eit
784 3354 893 3403 quae
947 3337 1147 3402 publice
1189 3348 1321 3400 gesta
1372 3346 1487 3384 sunt
1534 3353 1695 3401 repre-

609 3427 617 3434 ”
672 3417 904 3468 bendere.

746 3496 799 3544 3.
818 3491 1047 3541 Sor-dibus
1068 3490 1176 3539 tuis.
1201 3489 1447 3550 Obscum,
1462 3506 1693 3558 paupere,

592 3597 597 3600 ·
672 3587 721 3625 et
742 3572 912 3622 infami
937 3586 1110 3636 genere
1130 3566 1345 3618 vivendi.

748 3662 801 3708 4.
850 3648 968 3699 Cum
1009 3650 1060 3696 P.
1106 3644 1289 3694 Sextio.
1333 3646 1562 3710 Quaestor
1612 3647 1694 3697 ille

677 3735 738 3783 C.
759 3727 966 3779 Antonii
984 3727 1080 3776 fuit
1097 3761 1111 3785 ,
1137 3722 1339 3790 eollegae
1362 3723 1614 3776 Ciceronis
1639 3729 1691 3776 iu

679 3809 967 3866 consulatu3
1008 3819 1064 3856 ut
1108 3807 1163 3854 iu
1202 3805 1424 3854 oratioue
1455 3823 1547 3870 pro
1580 3807 1692 3874 ipso

679 3891 864 3939 dietum
888 3897 981 3936 ent.

747 3972 794 4020 5.
825 3969 1015 4016 Ernest.
1054 3973 1195 4030 putet
1235 3963 1495 4030 legendum
1531 3979 1692 4033 pecca.

674 4049 771 4110 do,·
795 4061 899 4094 nou
933 4044 1062 4092 euim
1100 4053 1204 4090 tum
1241 4041 1302 4090 de
1336 4043 1553 4106 gerendo
1578 4061 1691 4096 cou-

676 4128 835 4177 sulam
885 4122 1085 4173 stultum
1131 4119 1378 4172 homiuem
1427 4121 1685 4188 cogitasse.

1778 2804 1910 2836 mum
1972 2787 2191 2837 omnium
2243 2788 2394 2837 fuisse
2443 2790 2802 2839 renuntiatum.

1776 2868 1928 2914 Erant
1947 2877 2107 2915 nutem
2140 2867 2249 2931 lege
2270 2868 2416 2916 Sulla
2435 2880 2714 2931 quattor-ee
2732 2870 2806 2917 vi·

1777 2944 1903 3010 giuti
1923 2978 1940 3005 ,
1968 2962 2120 3010 quum
2142 2957 2259 2995 octo
2282 2958 2472 2995 tautum
2503 2959 2649 2995 antea
2682 2948 2805 2996 fnis-

1778 3035 1899 3075 seut.
1929 3026 2114 3076 Consul
2133 3042 2251 3074 vero
2269 3042 2414 3092 quem
2436 3025 2663 3091 designat
2697 3043 2808 3076 ora·

1780 3114 1888 3164 tor,
1920 3106 1975 3153 1..
2001 3105 2165 3155 Julius
2200 3106 2363 3156 Caesar
2381 3140 2399 3165 ,
2424 3114 2510 3154 eut
2534 3105 2589 3155 C.
2613 3106 2810 3153 Murius

1779 3180 1983 3249 Figulus
2013 3186 2130 3243 fuit,
2169 3185 2256 3249 qui
2278 3183 2504 3233 consules
2522 3195 2636 3232 aute
2660 3184 2810 3233 Cice·

1781 3280 1950 3313 rouem
1987 3264 2140 3312 fuere.
2169 3263 2344 3313 Obiter
2389 3262 2605 3311 declaret
2632 3276 2812 3313 orator

1780 3341 1988 3406 aliquam
2011 3358 2039 3390 a
2065 3342 2266 3391 consule
2294 3341 2513 3390 fraudem
2543 3342 2700 3391 fuisse
2738 3342 2812 3392 iu·

1781 3430 1960 3468 textam
1976 3453 1994 3479 ‚
2019 3432 2074 3469 ut
2092 3421 2318 3468 Vatinius
2347 3420 2626 3484 eligeretur.

1855 3517 1903 3562 7.
1950 3498 2180 3566 Aquario
2238 3497 2515 3565 provincia.
2584 3498 2817 3549 Puteolis

1780 3589 1950 3643 portus
1988 3590 2091 3627 erat
2108 3613 2125 3640 ,
2162 3578 2225 3627 ad
2261 3594 2407 3642 quem
2447 3589 2752 3627 mercatores
2789 3595 2817 3626 e

1780 3658 1965 3706 Grecis
1993 3659 2240 3706 venientes
2267 3657 2511 3723 appellere
2547 3657 2820 3716 eolebm3

1778 3736 1864 3799 qui
1888 3737 2051 3801 portui
2074 3733 2450 3801 preficiantur,
2481 3736 2524 3783 is
2557 3737 2817 3800 aquariam

1779 3814 2032 3864 dicebatur
2077 3832 2180 3864 esse
2227 3816 2428 3865 sortitus
2474 3815 2817 3880 provinciam.

1778 3893 2024 3950 Clamores
2064 3911 2178 3945 vero
2211 3895 2428 3960 populus
2471 3894 2539 3943 ob
2578 3893 2630 3943 id
2674 3896 2819 3954 tulit,

1777 3973 1914 4037 quod
1940 3990 2097 4039 quum
2117 3985 2235 4023 uota
2254 3985 2379 4023 esset
2395 3973 2589 4022 Vatinii
2608 3985 2788 4023 natura
2805 4007 2821 4033 ,

1776 4053 2057 4114 preclaram
2117 4052 2232 4103 inde
2282 4049 2468 4102 fraudis
2523 4053 2820 4102 exeoeeudae

1778 4131 2029 4180 materiam
2055 4130 2270 4180 haberet.
