2994 4778
1267 453 1361 517 M.
1414 452 1490 519 T.
1544 449 2105 520 CICERONIS

633 591 836 663 agam
864 568 1292 655 ¹moderate,
1348 585 1420 640 et
1478 569 1649 641 huic
1699 571 1935 668 potius
1989 565 2347 664 tempori⁶
2399 568 2736 652 serviam,

634 701 852 772 quam
889 664 1121 748 dolori
1154 702 1318 749 meo
1349 706 1364 749 ε
1412 679 1470 748 si
1502 682 1630 775 qui
1667 679 1947 750 occulte
1980 702 2022 748 a
2056 676 2281 747 salute
2319 690 2563 747 nostra
2597 674 2738 747 dis-

634 790 991 873 sentiunt,
1027 787 1325 874 lateant3
1368 791 1428 859 si
1465 792 1591 885 qui
1627 786 1955 860 fecerunt
1998 784 2267 882 aliquid
2311 784 2698 881 aliquando
2720 839 2739 868 ,

633 910 851 991 atque
886 895 1101 968 iidem
1148 920 1342 967 nunc
1391 912 1630 968 tacent
1680 913 1753 968 et
1801 898 2218 992 quiescunt,
2262 918 2398 965 nos
2444 918 2738 990 quoque

634 1007 853 1077 simus
897 1004 1133 1093 obliti}
1164 1007 1222 1074 si
1252 1007 1484 1105 quise
1519 990 1833 1081 offerunt
1863 1005 2259 1076 insolenter
2295 1018 2369 1074 et
2398 1004 2741 1074 insectan-

635 1126 817 1202 tur7,
844 1113 1085 1210 quoad
1114 1112 1283 1184 ferri
1309 1130 1655 1211 poterunt
1677 1170 1696 1204 ‚
1727 1114 2206 1213 perferemus;
2237 1136 2473 1207 neque
2500 1134 2743 1207 quem·

632 1248 849 1319 quam
889 1221 1208 1293 offendet
1244 1229 1473 1295 oratio
1509 1248 1704 1313 mea,
1757 1226 1895 1295 nisi
1941 1224 2068 1319 qui
2107 1247 2183 1292 se
2217 1222 2315 1291 ita
2356 1218 2741 1307 obtulerit,
2827 1226 2834 1233 '

632 1346 715 1407 ut
753 1333 827 1400 in
867 1355 1035 1401 eum
1070 1357 1222 1402 non
1258 1335 1627 1421 invasisse,
1667 1332 1791 1404 sed
1827 1331 2210 1403 incurrisse
2238 1327 2625 1399 videamur.

726 1440 865 1510 Sed
916 1465 1202 1513 necesse
1234 1457 1389 1529 -est,
1438 1456 1823 1539 antequam
1870 1442 1959 1513 de
2006 1439 2381 1511 tribunatu
2422 1443 2492 1509 Ρ.
2524 1436 2745 1507 Sextii

632 1550 870 1620 (licere
915 1552 1289 1647 incipiam,
1327 1576 1443 1622 me
1487 1566 1759 1638 totum,
1798 1551 2182 1649 superioris
2228 1544 2468 1635 anni⁸,
2510 1548 2742 1643 reipu-

629 1660 836 1734 hlicae
884 1659 1329 1756 naufragium
1386 1685 1746 1760 exponere
1783 1688 1798 1731 ε
1842 1663 1916 1730 in
1974 1685 2122 1756 quo
2177 1655 2620 1753 colligendo,
2664 1680 2746 1727 ac

632 1766 1019 1839 reficienda
1050 1770 1274 1841 salute
1303 1773 1706 1858 communi,
1736 1771 1978 1842 omnia
2004 1769 2457 1867 reperientur
2480 1769 2551 1835 P.
2578 1766 2746 1839 sex-

633 1879 714 1947 tii
749 1877 936 1949 dicta
956 1890 1012 1965 ⁹,
1053 1878 1267 1966 facta,
1307 1880 1603 1951 consilia
1634 1895 1924 1951 versata.

729 1976 886 2059 VII.
921 1992 1179 2060 Fuerat
1208 1989 1327 2059 ille
1357 1998 1630 2060 annus¹
1673 1992 1751 2059 in
1775 1986 2181 2087 reipublicae
2212 2009 2477 2081 magno
2503 1998 2708 2056 motu
2727 2037 2746 2071 ‚

636 2110 709 2167 et
747 2097 1138 2168 multorum
1182 2099 1477 2184 timore,
1513 2114 1876 2195 tamquam
1922 2099 2241 2168 intentus
2273 2119 2476 2167 arcus
2515 2095 2594 2165 in
2630 2117 2748 2165 me

634 2229 864 2275 unum
884 2210 1105 2293 ,sicut
1138 2206 1350 2303 vulgo
1388 2210 1613 2305 ignari
1648 2233 1890 2279 rerum
1918 2206 2438 2304 loquebantur;
2468 2229 2549 2276 re
2582 2207 2747 2300 qui·

637 2313 802 2385 dem
838 2339 1006 2386 vera
1042 2318 1118 2385 in
1154 2319 1554 2389 universam
1593 2317 2142 2417 rempublicam,
2178 2314 2630 2386 traductione
2655 2311 2750 2389 ad

637 2424 927 2522 plebem
954 2426 1322 2498 furibundi
1350 2427 1663 2501 hominis
1694 2454 1776 2500 ac
1811 2427 2110 2526 perditi,
2146 2425 2325 2496 mihi
2360 2425 2586 2510 irati2‚
2620 2422 2751 2494 sed

637 2535 869 2606 multo
910 2538 1140 2607 acrius
1183 2539 1312 2607 otii
1359 2553 1430 2608 et
1477 2540 1878 2610 communis
1919 2536 2162 2607 salutis
2203 2534 2492 2604 inimici.
2535 2538 2750 2604 Hunc

639 2644 749 2713 vir
816 2643 1244 2729 clarissimus
1274 2702 1293 2734 ‚
1366 2646 1689 2743 mihique
1716 2702 1735 2737 ‚
1796 2645 2040 2716 multis
2067 2642 2094 2687 ³
2157 2641 2753 2742 repugnantibu5‚

636 471 721 515 2⁰2

708 2892 760 2938 6.
797 2889 960 2938 Potius
986 2890 1204 2952 tempori.
1232 2891 1381 2953 Quod
1406 2891 1651 2954 postulare

641 2969 851 3029 videtur,
869 2981 925 3016 ut
947 2985 1002 3016 ea
1021 2969 1357 3017 tantummodo
1374 3004 1388 3028 ,
1411 2985 1519 3032 quae
1541 2986 1653 3016 cum

640 3046 792 3096 Sextii
814 3063 955 3095 causa
977 3048 1234 3109 conjuncta
1258 3058 1394 3105 eunt,
1423 3059 1651 3110 exponat.

714 3143 757 3188 7.
777 3129 837 3175 Se
854 3125 1067 3192 offerunt
1079 3127 1339 3175 insolenter
1355 3138 1403 3174 ee
1417 3126 1654 3177 insectan-

642 3217 735 3253 mr.
767 3208 880 3255 Duo
913 3206 1155 3270 siguificat
1178 3207 1431 3256 hominum
1456 3224 1651 3273 genera,

644 3284 703 3332 de
717 3284 893 3348 quibua
905 3286 1127 3348 proxime
1142 3285 1291 3343 dixit3
1307 3302 1455 3332 unum
1469 3302 1652 3343 eorum,

644 3378 767 3425 quoe
792 3362 940 3410 latere
966 3362 1141 3423 vellen
1171 3363 1400 3421 alterum,
1428 3379 1554 3426 quos
1582 3374 1654 3411 ta-

645 3456 779 3499 cere,
796 3451 847 3487 et
863 3441 1136 3502 quiescere:
1159 3441 1242 3503 qui
1261 3440 1325 3498 ei,
1348 3440 1532 3506 iuquit,
1552 3457 1653 3489 nou

642 3516 884 3576 latebunt,
921 3518 1006 3565 sed
1040 3534 1091 3564 se
1132 3518 1336 3564 offerent
1364 3518 1653 3576 insolenter,

644 3613 747 3645 nou
779 3595 1035 3652 tacebunt,
1072 3605 1121 3642 et
1150 3595 1426 3659 quiescent,
1464 3597 1550 3644 sed
1574 3598 1654 3645 iu·

645 3674 956 3723 sectabuntur
972 3690 986 3733 3
1003 3688 1085 3720 eos
1101 3706 1116 3731 ,
1142 3673 1306 3735 quoad
1330 3673 1522 3732 licebit,
1545 3691 1654 3738 per·

645 3756 867 3802 feremus.

717 3834 765 3880 8.
789 3828 1052 3895 Superioris
1068 3829 1208 3877 anni.
1231 3832 1346 3893 Quo
1367 3830 1535 3879 Cicero
1552 3827 1656 3895 lege

648 3910 818 3962 Clodia
840 3908 1006 3974 pulsus
1030 3919 1118 3956 est.

719 4007 766 4053 9.
795 3989 935 4035 Dicta
951 4019 964 4043 ,
981 3985 1133 4051 facea
1152 4020 1167 4046 ,
1198 3987 1406 4036 consilia
1430 4001 1652 4036 versam.

647 4076 769 4142 Hoeq
791 4064 1004 4121 addidit,
1032 4082 1095 4112 ue
1121 4077 1253 4114 extra
1280 4083 1467 4114 causam
1497 4069 1653 4116 futura

648 4147 856 4196 narratio
878 4143 1111 4191 videatur.

1806 2894 1915 2940 vn.
1945 2907 1989 2939 1.
2007 2893 2182 2938 Fuerat
2207 2889 2288 2938 ille
2312 2904 2471 2937 annus
2507 2887 2558 2936 in
2587 2888 2754 2953 reipa-

1738 2968 1879 3017 blicae
1897 2985 2076 3033 magno
2104 2979 2251 3015 motu.
2284 2970 2358 3025 Ie,
2388 2983 2487 3030 quo
2517 2969 2574 3016 C.
2593 2968 2756 3015 Caesar

1739 3047 1910 3095 consul
1936 3050 1992 3095 P.
2018 3047 2243 3097 Clodium
2268 3045 2523 3093 Pulchrum
2551 3045 2612 3092 nd
2643 3046 2752 3108 ple-

1739 3125 1849 3174 bem
1888 3126 2129 3182 traduxit,
2165 3126 2311 3172 iratus
2342 3124 2564 3173 Ciceroni
2583 3159 2598 3182 ,
2638 3126 2754 3187 quia

1737 3216 1913 3254 etatum
1943 3204 2222 3269 reipublicae
2248 3203 2457 3267 quodam
2485 3205 2537 3250 in
2557 3203 2752 3264 judicio

1738 3285 1904 3349 paullo
1940 3283 2139 3331 liberius
2187 3282 2532 3346 deploraverat.
2580 3282 2755 3330 Sueto·

1738 3363 1880 3423 nius,
1916 3360 2140 3424 idemque
2174 3362 2279 3424 ipse
2315 3361 2485 3409 Cicero
2513 3361 2754 3425 significat

1739 3441 1792 3489 in
1812 3441 2030 3487 oratioue
2051 3455 2142 3504 pro
2164 3440 2325 3486 Domo
2346 3456 2448 3488 sua.
2651 3427 2656 3432 ’

1812 3535 1862 3568 a.
1895 3518 2021 3566 Mihi
2048 3518 2177 3567 irati.
2214 3519 2363 3581 Quod
2388 3520 2441 3565 iu
2471 3520 2658 3584 ipsum,
2690 3519 2755 3568 de

1741 3599 1924 3645 incestu
1961 3608 2265 3656 accusatum,
2309 3599 2635 3646 testimonium
2677 3599 2755 3646 di-

1742 3686 1893 3724 xerat.

1813 3756 1862 3803 3.
1903 3757 2077 3815 Hune,
2117 3753 2201 3802 vit
2240 3755 2531 3802 clarissimus
2555 3787 2570 3813 ,
2610 3754 2756 3802 milti-

1743 3851 1835 3898 que
1856 3869 1871 3894 ,
1907 3832 2065 3881 multis
2101 3835 2492 3899 repugnantibus.
2530 3833 2754 3897 Pompeii

1742 3913 1940 3978 gratiam
1957 3923 2222 3977 aucupatur
2242 3927 2256 3963 :
2279 3914 2412 3980 cupit
2429 3912 2554 3960 enim
2577 3911 2622 3958 ei
2643 3929 2754 3976 per-

1740 4007 1934 4039 suasum
1956 4007 2085 4053 esse,
2109 3991 2291 4039 nullam
2315 3989 2443 4057 apud
2469 4007 2519 4037 ee
2541 4003 2752 4055 acceptae

1740 4069 1925 4129 iujuriae
1939 4070 2215 4116 memoriam
2225 4086 2641 4135 sapenix-»equum
2657 4070 2750 4118 sibi

1741 4156 1906 4195 contra
1927 4146 2152 4197 Clodium
2170 4148 2351 4196 auxilio
2375 4165 2476 4196 non
2494 4149 2602 4197 suit.
