2994 4778
639 393 775 466 288
1268 399 1369 466 M.
1423 401 1499 467 T.
1553 403 2120 473 CICERONIS

634 520 789 613 ejus
837 519 1048 606 actis,
1101 533 1336 589 metus
1393 519 1649 592 caedis³
1695 522 1909 595 bonis
1953 526 2339 614 omnibus»,
2385 532 2785 604 consulum

633 628 864 699 scelus
893 683 912 715 ‚
969 628 1359 726 cupidum,
1412 647 1722 729 egestas,
1776 632 2091 706 audacia.
2147 639 2409 709 Sinon
2451 666 2619 712 sum
2659 643 2785 713 ad·

622 740 862 834 jutus3
897 763 1045 808 non
1083 737 1406 810 debuit4.
1450 744 1523 810 Si
1565 741 1892 815 desertus
1915 742 1985 830 ⁵3
2009 746 2149 816 sibi
2179 745 2481 821 fortasse
2519 757 2784 848 provi-

630 849 752 919 dit.
784 849 852 918 si
883 852 1098 919 etiam
1131 866 1633 948 oppugnatuS‚
1676 868 1756 923 ut
1801 854 2095 951 quidam
2137 873 2260 928 aut
2307 876 2606 957 putant,
2647 880 2790 936 aut

631 956 973 1044 volunt63
1026 959 1285 1029 violata
1338 962 1648 1032 amicitia
1695 978 1844 1050 est,
1900 968 2143 1064 accepi
2198 967 2575 1061 injuriam,
2633 974 2786 1043 ini-

629 1070 855 1141 micus
891 1093 1042 1140 esse
1080 1067 1299 1140 debui
1325 1082 1378 1156 ⁷,
1426 1096 1578 1142 non
1624 1098 1832 1170 nego.
1885 1075 2062 1162 Sed,
2101 1078 2162 1148 si
2207 1077 2398 1149 idem
2452 1081 2570 1151 ine
2607 1096 2782 1153 tum

626 1204 742 1250 me
771 1179 1044 1249 salvum
1083 1204 1234 1250 esse
1274 1182 1537 1270 voluit,
1568 1208 1798 1279 quum
1835 1210 1963 1256 vos
2000 1212 2117 1257 me
2146 1241 2165 1273 ‚
2208 1203 2289 1258 ut
2320 1191 2779 1264 carissimum

626 1287 896 1376 filium,
961 1286 1520 1379 desiderabatis;
1566 1306 1638 1364 et
1694 1294 1752 1363 si
1803 1318 1931 1364 vos
1984 1296 2200 1367 iidem
2258 1301 2611 1394 pertinere
2667 1302 2776 1373 ad
2837 1316 2841 1318 ‘

626 1422 912 1469 causam
973 1397 1164 1468 illam
1231 1399 1638 1497 putabam,
1703 1402 2149 1476 voluntatem
2207 1410 2283 1476 C.
2335 1403 2672 1480 Caesaris⁸
2721 1436 2774 1481 a

624 1507 851 1577 salute
895 1531 1054 1578 mea
1097 1533 1247 1578 uon
1294 1508 1729 1598 abhorrere3
1771 1528 1844 1583 et
1883 1516 1939 1583 si
1982 1514 2172 1586 illius
2214 1518 2602 1589 voluntatis
2636 1543 2767 1615 ge·

625 1642 882 1687 nerum
931 1619 1087 1712 ejus
1135 1617 1372 1689 habeo
1419 1635 1714 1710 testem,
1760 1624 1889 1720 qui
1935 1624 2128 1696 idem
2164 1627 2441 1699 Italiam
2481 1631 2559 1698 in
2603 1655 2771 1700 mu·

627 1729 910 1823 nicipiis
930 1738 983 1815 9,
1027 1728 1381 1825 populum
1429 1755 1815 1801 romanum
1871 1735 1947 1802 in
1991 1738 2381 1823 concione,
2418 1762 2582 1823 voS‚
2624 1741 2773 1810 mei

614 1839 1485 1934 ‘sempercupidissimoffi
1521 1843 1594 1909 in
1629 1842 2032 1938 Capitolio,
2073 1845 2165 1915 ad
2195 1870 2434 1916 meam
2462 1845 2770 1917 salutem

622 1947 977 2034 incitavit3
1013 1950 1071 2018 si
1100 1946 1416 2047 denique
1462 1954 1592 2023 Cn.
1630 1954 2017 2050 Pompeius
2039 1966 2100 1999 ¹⁰
2137 1954 2327 2027 idem
2358 1955 2542 2027 mihi
2568 1961 2771 2029 testis

1807 2155 1856 2202 6.
1896 2158 1960 2202 Ue
1979 2155 2183 2220 quidam
2214 2169 2305 2204 aut
2322 2169 2525 2220 putant,
2548 2169 2639 2204 aut
2661 2174 2762 2205 vo-

630 2159 791 2207 Caesar
814 2173 875 2204 ne
891 2192 907 2216 ‚
932 2174 1040 2221 quae
1059 2174 1187 2206 anno
1213 2160 1460 2225 superiore
1487 2175 1664 2232 gesse-¹

1734 2232 1856 2282 lune.
1885 2235 2121 2294 Bibulus,
2155 2238 2436 2295 Domitius,
2466 2236 2762 2293 Marcellus,

624 2248 698 2285 rat
715 2272 728 2296 ‚
745 2254 772 2285 a
793 2237 1083 2302 praetoribus
1100 2235 1482 2294 infirmat-eman
1507 2236 1650 2285 ideir-

627 2333 689 2363 co
723 2319 777 2364 P.
809 2315 1035 2365 Clodium
1053 2352 1067 2376 ‚
1106 2317 1336 2366 audacem
1370 2317 1646 2376 homiuem,

627 2408 675 2445 et
700 2396 948 2445 tribunum
972 2396 1129 2462 plebis
1152 2414 1238 2446 sua
1263 2414 1407 2462 opera
1432 2399 1611 2445 factum
1631 2431 1648 2458 ,

627 2473 721 2521 sibi
747 2473 1061 2537 adjunxerat,
1087 2475 1172 2539 qui
1196 2475 1487 2540 praetoribus
1515 2476 1647 2524 obsi-

626 2564 787 2601 steret.
816 2553 991 2601 Cicero
1018 2555 1069 2602 in
1097 2556 1322 2603 Pisonem
1345 2570 1358 2604 ε
1383 2555 1650 2603 ιιΑᾶᾶῑιοιι

628 2649 702 2680 res
721 2633 772 2680 iu
790 2644 1031 2682 certarnen
1047 2668 1062 2692 ‚
1086 2646 1132 2683 te
1159 2636 1357 2683 consule
1376 2635 1652 2698 petebatur,

628 2722 789 2760 utrum
814 2729 922 2776 quae
944 2716 1193 2778 superiore
1216 2730 1344 2761 anuo
1365 2714 1446 2762 ille
1470 2714 1649 2778 gessis-

626 2802 722 2848 set,
750 2804 993 2839 manerent
1016 2810 1076 2839 an
1098 2792 1481 2840 rescinderentur
1501 2815 1542 2841 ι.

701 2872 749 2917 3.
789 2872 943 2917 Metus
969 2872 1128 2918 caede's.
1168 2874 1333 2934 Quum
1363 2874 1417 2922 P.
1447 2871 1650 2921 Clodius

629 2964 793 2996 servos
811 2966 873 2997 ex
890 2951 1139 3012 ergastulis
1158 2950 1361 2999 eductos
1375 2950 1436 2998 ad
1452 2950 1652 3011 cadem,

631 3029 821 3093 rapinas
837 3062 851 3087 ,
888 3028 1109 3077 incendia
1153 3031 1451 3089 concitaret3
1497 3047 1651 3094 quum

632 3107 832 3155 revulsis
878 3107 1108 3172 gradibus
1158 3109 1392 3173 templum
1437 3111 1651 3159 Castoris

628 3185 819 3232 armatis
863 3186 1145 3235 bominibus
1186 3200 1444 3252 occuparet
1463 3226 1478 3250 ‚
1519 3211 1543 3230 «ι
1570 3189 1653 3237 cui

628 3264 861 3327 templum
890 3265 1012 3314 illud
1048 3252 1140 3316 fuit
1170 3284 1259 3316 arx
1286 3268 1464 3315 civium
1489 3268 1652 3332 perdi-

631 3351 789 3388 torum
802 3376 817 3400 ‚
833 3347 1186 3408 receptaculum
1198 3359 1413 3395 veterum
1429 3348 1651 3396 Catiliuae

627 3418 860 3476 militnm,
908 3424 1157 3471 castellnm
1200 3425 1407 3474 forensis
1452 3427 1650 3475 latroci-

627 3496 698 3543 nii
721 3519 768 3554 a,
796 3509 850 3544 ut
871 3497 1050 3548 dicitur
1068 3502 1120 3549 in
1141 3502 1382 3549 Pisonem.

701 3578 749 3631 12.
777 3574 861 3623 Al.
886 3592 983 3623 non
1008 3578 1166 3625 debui.
1195 3578 1323 3626 J.V.
1355 3583 1407 3625 L.

699 3649 749 3699 5.
774 3651 1067 3702 Sidesereus.
1085 3654 1297 3701 subaud.
1312 3657 1381 3703 fui
1399 3673 1425 3703 a
1445 3658 1644 3708 Caesare.

625 3758 694 3767 --
715 3728 1278 3796 Sibifortasseprovidie.
1307 3737 1363 3781 In
1385 3736 1610 3784 Pisonem
1632 3754 1644 3788 2

623 3834 646 3851 ι
670 3811 718 3855 Si
749 3821 936 3857 tantum
962 3811 1015 3858 in
1041 3828 1117 3859 me
1145 3812 1224 3860 ille
1253 3831 1353 3861 esse
1382 3816 1572 3864 roboris
1598 3830 1647 3865 et

624 3890 815 3936 virtutis
838 3889 1027 3953 putavit
1048 3928 1063 3952 ‚
1090 3901 1145 3938 ut
1165 3909 1217 3939 ea
1240 3910 1347 3957 quae
1363 3894 1467 3958 ipse
1489 3912 1645 3959 gesse·

623 3980 720 4026 rat,
759 3968 1103 4032 conciderent,
1132 3972 1171 4018 si
1201 3972 1303 4036 ipse
1322 3976 1606 4024 'restitissem
1625 4014 1639 4035 ,

1734 2313 1821 2376 qni
1850 2330 1999 2377 quum
2021 2327 2178 2363 essent
2203 2316 2408 2365 (Ζῶσαι-ῖς
2433 2316 2652 2375 inimici,
2685 2316 2768 2363 vel

1734 2408 1899 2440 revera
1941 2395 2207 2458 putabant,
2239 2395 2319 2443 vel
2343 2396 2619 2461 cupiditate
2645 2413 2769 2461 qua·

1734 2470 1844 2518 dam
1862 2476 2048 2537 potius,
2065 2474 2412 2538 quamjudicio
2427 2475 2652 2534 inducti,
2674 2477 2765 2524 sibi

1734 2552 2022 2615 persuadere
2076 2555 2338 2618 cupiebant
2395 2556 2691 2604 Ciceronem
2742 2576 2770 2604 a

1736 2630 1923 2679 Caute
1948 2621 2369 2681 fuisse-violatum.

1809 2726 1857 2769 7.
1883 2713 1965 2759 In.
1985 2728 2083 2758 esse
2098 2711 2263 2762 debui.
2286 2714 2450 2775 Quam
2477 2715 2521 2760 si
2555 2715 2768 2762 inimici-

1735 2789 1851 2836 tiam
1878 2801 2002 2838 esset
2021 2802 2341 2854 persequutus
2355 2825 2371 2849 ,
2389 2795 2565 2841 nescio
2585 2811 2648 2842 an
2669 2811 2768 2841 me·

1734 2868 1830 2916 lius
1857 2868 1916 2916 de
1939 2869 2237 2935 neptuim:
2262 2871 2486 2920 meritus.

1810 2949 1859 2995 8.
1890 2948 2161 3008 Putabaa‘s,
2190 2949 2498 2998 voluntatem
2531 2952 2585 2999 C.
2614 2953 2774 3001 (Γιττα-

1736 3024 1818 3073 ris.
1844 3028 2094 3074 Senatores
2115 3028 2341 3075 Publium
2367 3031 2595 3078 Sextium
2617 3032 2766 3079 tribu-

1735 3121 1854 3153 uum
1884 3105 2038 3170 plebis
2075 3106 2139 3153 ad
2173 3108 2412 3156 Caesarem
2447 3110 2765 3173 legaverunt,

1736 3197 1792 3233 ut
1825 3201 1931 3232 eum
1967 3185 2029 3233 ad
2068 3186 2319 3234 Ciceronis
2343 3204 2545 3236 causam
2564 3205 2667 3236 cum
2689 3205 2770 3236 se·

1736 3275 1852 3312 natu
1873 3264 2225 3328 suscipiendam
2239 3299 2253 3323 ,
2278 3266 2554 3315 induceret.

1808 3361 1856 3407 9.
1894 3344 1986 3405 Qui
2019 3343 2145 3390 idem
2173 3344 2376 3392 Italiam
2404 3346 2457 3393 in
2482 3345 2772 3410 municipiis.

1735 3420 1862 3469 vide
1902 3420 2171 3469 orationem
2216 3422 2268 3469 in
2307 3435 2484 3471 senatu
2524 3436 2627 3488 post
2661 3426 2773 3472 Re-

1739 3500 1918 3557 ditum‚
1962 3516 2072 3564 cap.
2126 3516 2145 3546 1
2163 3517 2182 3547 ι
2210 3535 2224 3557 ,
2278 3501 2366 3548 ubi
2424 3504 2533 3551 fuse
2587 3504 2647 3552 de
2694 3504 2779 3552 his

1741 3578 1985 3627 omnibus.
2216 3570 2222 3581 ⁸

1815 3675 1894 3707 10.
1918 3658 1972 3705 Si
1986 3657 2191 3720 denique
2215 3659 2299 3706 Cn.
2316 3660 2589 3724 Pompeius.
2605 3662 2724 3711 Lib.
2743 3667 2788 3723 1,

1736 3754 1814 3801 ep.
1846 3753 1876 3799 9
1894 3772 1907 3795 ‚
1936 3737 1995 3784 ad
2024 3738 2135 3785 Div.
2164 3737 2374 3785 reddens
2408 3742 2654 3787 rationem
2690 3760 2788 3789 cut

1734 3816 1783 3862 in
1801 3818 1999 3878 gratiam
2016 3833 2126 3875 cum
2140 3818 2325 3865 Caesare
2344 3818 2574 3867 redierit:
2599 3842 2626 3859 σ-
2652 3822 2788 3869 Gra·

1733 3896 1925 3942 vissime
1957 3906 2127 3943 ‚autem
2170 3914 2244 3944 me
2288 3898 2339 3943 iu
2381 3898 2512 3945 hanc
2550 3912 2786 3948 mentem

1731 3974 1927 4038 impulit
1943 3985 1990 4021 et
2011 3977 2226 4039 Pompeii
2247 3974 2370 4024 fides
2385 4011 2399 4033 ‚
2422 3994 2565 4041 quam
2595 3978 2673 4025 de
2703 3997 2786 4027 me

616 4063 703 4093 cur
735 4048 777 4092 ei
812 4063 911 4094 non
953 4048 1201 4111 ignoscam
1222 4086 1236 4110 ‚
1291 4053 1331 4099 si
1359 4056 1639 4117 anteposuit
1727 4055 1906 4102 Caesari
1937 4052 2163 4114 dederat,
2195 4067 2242 4102 et
2279 4056 2439 4104 fratris
2465 4056 2575 4114 mei,
2618 4074 2786 4122 quam

614 4143 750 4174 suam
770 4127 969 4175 salutem
992 4143 1106 4176 meae
1130 4149 1171 4174 ι.

1729 4133 1963 4197 Pompeio
1986 4155 2023 4180 ».
