2994 4778
392 441 691 508 ORAT.
747 441 872 508 DE
921 442 1218 510 PROV.
1276 442 2103 515 CONSULARIBUS.
2213 447 2351 544 273

310 568 397 631 X.
445 562 740 633 Etenim
787 564 843 631 si
894 562 1022 648 iis,
1068 564 1195 657 qui
1234 562 1383 632 haec
1418 566 1668 633 omnia
1714 564 1994 635 flamma
2032 592 2115 638 ac
2156 569 2349 643 ferro

213 672 452 744 delere
499 670 941 757 voluerunt,
985 695 1133 740 non
1186 672 1590 742 inimicitias
1640 672 1916 759 solum,
1963 676 2083 746 sed
2142 684 2351 751 etiam

212 782 490 853 bellum
543 780 779 850 indixi
837 794 1057 876 atque
1098 782 1344 868 intuli,
1390 807 1622 878 quum
1664 785 1925 880 partim
1976 786 2153 856 mihi
2197 790 2353 860 illo-

211 916 374 960 rum
405 888 790 960 familiares
811 944 830 976 ‚
860 891 1118 987 partim
1149 892 1359 962 etiam
1385 944 1405 978 ,
1436 916 1550 961 me
1594 884 2029 964 defendente
2049 949 2068 982 ,
2102 902 2352 994 capitis
2450 918 2460 931 ·

200 1001 497 1096 judiciis
552 1014 796 1072 essent
844 998 1161 1088 liberati3
1219 1025 1350 1071 cur
1406 998 1658 1072 eadem
1703 1002 2146 1101 respublica,
2196 1033 2365 1104 quae.

207 1137 319 1182 me
352 1112 430 1181 in
462 1114 734 1182 amicos
762 1110 1209 1181 inflammare
1242 1112 1519 1208 potuit,
1554 1114 1860 1184 inimicis
1889 1113 2169 1210 placare
2203 1142 2357 1188 non

204 1223 491 1320 possit?
549 1220 765 1311 Quod
813 1221 991 1292 mihi
1043 1220 1294 1292 odium
1346 1245 1511 1291 cum
1566 1225 1638 1289 P.
1695 1221 1954 1293 Clodio
1999 1222 2169 1311 fuit,
2221 1228 2356 1298 nisi

203 1331 408 1429 quod
450 1332 944 1430 perniciosum
997 1332 1243 1429 patriae
1296 1334 1523 1402 civem
1576 1330 1733 1400 fore
1777 1331 2158 1429 putabam,
2194 1339 2356 1432 qui,

203 1444 632 1540 turpissima
675 1440 976 1512 libidine
1018 1442 1432 1524 incensus¹,
1474 1440 1655 1511 duas
1695 1466 1809 1512 res
1838 1446 2355 1532 sanctissimas,

203 1553 638 1648 religionem
708 1564 780 1620 et
851 1550 1267 1647 pudicitiam
1302 1562 1357 1638 ²,
1426 1575 1579 1621 uno
1645 1552 1911 1623 scelere
1968 1554 2355 1627 violasset?

204 1666 401 1732 Num
454 1676 565 1732 est
621 1661 840 1758 igitur
895 1659 1202 1730 dubium
1255 1686 1343 1730 ex
1395 1661 1481 1731 iis
1533 1658 1785 1743 rebus,
1827 1683 2008 1758 quas
2051 1666 2110 1734 is
2163 1667 2349 1763 egit,

203 1775 500 1869 agitque
540 1768 905 1867 quotidie,
945 1772 1122 1867 quin
1169 1794 1346 1869 eg0,
1374 1771 1448 1839 in
1477 1770 1603 1840 illo
1631 1773 2125 1868 oppugnando
2149 1828 2168 1860 ,
2203 1777 2345 1846 rei-

163 1882 516 1981 ‘publicoe
565 1879 767 1979 plus,
810 1906 1029 1977 quam
1075 1882 1225 1951 otio
1267 1906 1472 1968 me03
1532 1881 1906 1968 nonnulli,
1965 1884 2043 1953 in
2090 1884 2349 1957 eodem

209 1990 717 2078 defendendo,
779 2015 913 2061 suo
974 1990 1134 2087 plus
1186 1991 1383 2077 otio,
1441 2014 1662 2087 quam
1714 1993 2126 2081 communi,
2179 2019 2353 2091 pro·

211 2102 632 2202 spexerint?

299 2219 451 2312 Ego
482 2238 604 2285 me
637 2238 677 2283 a
711 2217 791 2285 C.
831 2216 1108 2307 Caesare
1136 2214 1214 2281 in
1244 2209 1615 2310 republica
1651 2209 2061 2283 dissensisse
2091 2212 2346 2303 fateor,

215 2338 288 2393 et
327 2325 626 2396 sensisse
678 2321 1094 2394 vobiscum:
1141 2320 1267 2395 sed
1319 2336 1515 2392 nunc
1563 2319 1815 2392 iisdem
1864 2320 2071 2394 vobis
2113 2348 2352 2397 assen-

215 2439 393 2519 tior,
457 2461 625 2507 cum
685 2433 952 2530 quibus
1018 2448 1238 2505 antea
1292 2430 1715 2504 sentiebam.
1765 2435 1913 2501 Vos
1975 2434 2208 2520 enim,
2261 2436 2355 2506 ad

212 2570 399 2641 quos
439 2546 679 2617 literas
721 2550 800 2615 L.
837 2546 996 2615 Piso
1033 2543 1125 2613 de
1164 2544 1310 2613 suis
1337 2534 1558 2618 reb⁸us
1589 2565 1737 2611 non
1767 2539 1983 2611 audet
2026 2544 2347 2630 mittere;

210 2657 335 2751 qui
375 2655 667 2728 Gabinii
713 2655 951 2725 literas
994 2655 1257 2751 insigni
1299 2652 1615 2750 quadam
1657 2665 1832 2722 nota
1878 2666 2096 2746 atque
2134 2656 2345 2750 igno-

207 2767 421 2836 minia
461 2760 700 2834 nova3
731 2761 1303 2849 condemnastis,
1331 2766 1408 2832 C.
1444 2765 1700 2832 Caesari
1732 2760 2349 2858 supplicationes-‚⁴

201 2873 658 2961 decrevistiS,
704 2897 1016 2942 numero
1047 2867 1097 2959 ⁵,
1145 2886 1224 2942 ut
1260 2871 1535 2941 nemini
1572 2867 1776 2940 uno6
1818 2895 1900 2941 ex
1949 2870 2172 2958 bello;
2216 2871 2353 2956 hoq

1390 3043 1442 3090 4.
1465 3035 1871 3098 supplicationes.
1895 3035 2022 3085 cod.
2042 3037 2147 3087 Etr.
2164 3038 2352 3102 snppli-

1318 3114 1575 3162 cationem.
1606 3115 1657 3162 J.
1677 3117 1741 3162 V.
1778 3116 1833 3161 L.

199 3040 458 3096 homines,
496 3038 578 3086 sed
616 3037 736 3101 quid
770 3037 880 3096 ille,
907 3039 991 3100 qui
1023 3037 1151 3097 justa
1182 3046 1228 3084 et

199 3121 414 3179 injusta,
454 3134 564 3180 quae
596 3134 688 3166 nos
718 3118 955 3181 gerimus,
995 3115 1231 3179 auditque

200 3210 248 3245 et
269 3198 423 3257 videt,
441 3198 527 3260 qui
549 3214 674 3245 unus
695 3208 793 3255 est,
810 3209 856 3244 et
876 3197 977 3259 ipsa
997 3196 1172 3243 veritas
1186 3217 1228 3243 n.

270 3281 335 3326 X.
395 3295 444 3326 ι.
501 3277 722 3324 Libidine
765 3274 999 3323 incensus.
1049 3275 1229 3323 Amore

197 3357 443 3422 Pompeiae
464 3356 638 3404 uxoris
660 3355 878 3403 Caesaris.

274 3453 318 3484 2.
357 3435 663 3500 Religionem
700 3446 750 3482 ee
771 3432 1082 3498 pudicitiam.
1123 3432 1231 3480 No·

199 3517 376 3564 tissima
417 3529 495 3564 est
538 3514 741 3562 historia
768 3514 828 3561 de
856 3514 907 3562 Ρ.
934 3512 1111 3562 Clodio
1138 3512 1228 3558 snb

197 3594 366 3644 habitu
397 3596 618 3643 tibicinae
643 3593 695 3640 in
723 3608 912 3639 sacrum
940 3593 1088 3639 Bonae
1113 3593 1229 3638 Deae

198 3687 349 3722 noctu
371 3678 626 3739 ingresso,
653 3688 804 3735 qutun
831 3671 885 3718 in
912 3670 1101 3718 aedibus
1128 3671 1230 3720 Cae·

193 3754 318 3800 satis
342 3772 476 3802 sacra
502 3752 713 3801 fiebant.

271 3835 320 3881 3.
371 3832 663 3898 Ignominia
705 3847 847 3879 nova.
901 3830 1230 3892 Denegatione

187 3913 594 3976 supplicationis,
608 3926 736 3958 nova
755 3920 803 3958 et
822 3910 1047 3957 inusitata
1062 3926 1077 3959 ε
1092 3910 1231 3972 quip-

183 4009 259 4057 pe
290 4008 395 4054 quae
433 3991 514 4040 vel
550 3991 736 4038 nemini
771 3989 1004 4048 omnino,
1041 3988 1120 4036 vel
1143 3989 1229 4035 uni

186 4069 411 4118 Albucio
456 4080 572 4134 post
612 4068 839 4119 homines
884 4078 1025 4116 natos
1072 4069 1228 4115 inusta

183 4162 319 4198 nota
347 4152 519 4198 suerat.

351 4239 436 4304 xl.
492 4253 585 4298 Cic.
609 4267 720 4312 pars
755 4251 965 4298 setim-lu.

1391 3194 1439 3242 5.
1479 3195 1710 3241 Numero.
1747 3193 1906 3240 Caesar
1932 3194 1984 3240 in
2012 3192 2097 3240 fin.
2137 3195 2222 3244 lib.
2254 3198 2300 3244 11
2330 3215 2343 3246 :

1324 3295 1345 3315 ι
1366 3272 1444 3319 ob
1462 3287 1637 3335 easque
1659 3288 1737 3320 res
1762 3289 1822 3319 ex
1848 3272 2000 3319 literis
2019 3275 2219 3323 Caesaris
2244 3275 2349 3323 ‹lies

1317 3369 1382 3399 xv
1411 3351 1705 3417 supplicatio
1728 3352 1920 3399 decreta
1947 3363 2046 3410 est,
2072 3354 2206 3416 qnod
2228 3366 2343 3403 ante

1316 3431 1370 3478 id
1392 3442 1581 3495 tempus
1605 3431 1846 3478 acciderat
1873 3430 1992 3478 nulli
2010 3454 2052 3479 a.
2075 3432 2210 3481 Idem
2225 3433 2342 3481 Plu-

1318 3511 1513 3559 tarchus
1557 3510 1609 3557 in
1653 3510 1783 3556 illius
1830 3510 1956 3567 vita,
2002 3522 2050 3558 et
2080 3509 2344 3561 Suetonius

1319 3591 1533 3638 tradunt.
1573 3591 1800 3638 Honores
1825 3590 2134 3639 commendat
2161 3607 2220 3639 eo
2243 3609 2343 3640 ma-

1318 3670 1390 3732 gis
1420 3679 1612 3726 orator,
1644 3668 1779 3730 quod
1814 3683 1898 3715 eos
1931 3668 2216 3731 ignominiae
2243 3688 2343 3734 qna

1317 3750 1521 3796 affectus
1544 3758 1615 3794 est
1638 3747 1874 3794 Gabinius
1893 3750 2124 3812 opponit3
2146 3762 2344 3799 senato-

1319 3843 1489 3890 resque
1509 3826 1703 3872 eosdem
1726 3826 1916 3872 Pisonis
1934 3839 1984 3874 et
1999 3827 2196 3875 Gabinii
2216 3840 2346 3878 atro·

1320 3922 1400 3952 ces
1424 3919 1681 3960 censores3
1714 3903 1767 3950 iu
1793 3906 2143 3954 remuneranda
2163 3907 2343 3956 virtute

1315 4001 1419 4033 non
1438 3998 1610 4032 avaros
1629 3982 1861 4032 ostendit.

1390 4065 1441 4109 s».
1493 4063 1572 4108 Sic
1624 4062 1814 4110 Gruter.
1857 4080 1919 4111 ex
1965 4065 2194 4113 omnibus
2240 4066 2341 4115 Pal.

1319 4141 1467 4192 codd.
1489 4143 1646 4188 Antea
1662 4175 1679 4202 ,
1699 4141 1816 4193 ullo.
1847 4143 1893 4190 J.
1914 4143 1978 4188 V.
2011 4144 2066 4189 L.

1968 4231 2046 4293 ιδ
