2994 4778
650 398 790 496 378
1295 401 1393 470 Μ.
1444 402 1522 469 Τ.
1573 399 2160 470 CICERONIS
2486 482 2491 487 „

645 546 759 606 es,
793 517 1132 591 orbatum
1160 520 1426 618 patria,
1461 519 1588 592 sed
1614 575 1634 609 ‚
1666 535 1749 592 ut
1783 534 2072 592 senatus
2103 519 2230 591 illo
2260 520 2423 617 ipso
2453 530 2764 621 tempore

641 630 1028 729 appellavit
1046 686 1065 717 ‚
1136 632 1364 704 civem
1415 646 1995 704 conservatorem
2055 629 2475 728 reipublicae
2496 686 2518 717 ‚
2590 658 2761 704 com·

644 739 1030 813 mendavit.
1080 741 1181 812 Ad
1220 766 1453 814 meam
1491 743 1707 815 unius
1752 741 2060 813 salutem
2102 756 2390 814 senatus
2434 743 2760 844 auxilium

639 852 973 923 omnium
1015 853 1280 924 civium
1330 867 1593 925 cuncta
1646 877 1731 924 ex
1786 852 2023 940 Italia,
2074 854 2203 949 qui
2252 851 2760 950 rempublicam

641 954 912 1034 salvam
959 986 1114 1035 esse
1162 961 1474 1049 vellent,
1515 963 1832 1037 consulis
1881 987 2057 1035 voce
2108 977 2182 1034 et
2233 961 2466 1035 literis
2526 964 2761 1062 implo-

643 1072 953 1144 randum
1000 1077 1295 1171 putavit.
1349 1075 1492 1146 Mei
1539 1076 1790 1172 cupitis
1832 1073 2164 1145 servandi
2220 1097 2439 1145 causa
2480 1081 2756 1147 Romam

643 1206 795 1252 uno
833 1197 1197 1282 tempore,
1244 1186 1448 1282 quasi
1492 1189 1700 1282 signo
1741 1184 1948 1269 dam,
1989 1184 2191 1256 Italia
2229 1199 2381 1255 tota
2419 1187 2755 1256 convenit.

642 1293 753 1362 De
797 1316 956 1365 mea
989 1295 1253 1381 salute,
1286 1300 1362 1365 P.
1404 1294 1730 1381 Lentuli,
1759 1295 2328 1393 praestantissimi
2356 1296 2534 1380 viri,
2561 1309 2755 1390 atque

641 1403 898 1498 optimi
939 1404 1254 1475 consulis
1280 1459 1300 1493 ‚
1352 1407 1483 1475 Cn.
1529 1405 1894 1501 Pompeii,
1933 1404 2304 1475 clarissimi
2342 1419 2564 1501 atque
2597 1405 2760 1473 invi-

643 1512 938 1584 ctissimi
976 1514 1184 1597 civis,
1211 1529 1770 1610 ceterorumque
1807 1515 2224 1613 principum
2247 1567 2267 1596 ‚
2299 1514 2759 1585 celeberrimae

642 1634 718 1691 et
774 1622 1187 1718 gratissimae
1230 1625 1618 1696 conciones
1659 1622 1976 1696 fuerunt.
2024 1627 2136 1695 De
2178 1649 2298 1696 me
2348 1639 2635 1695 senatus
2673 1625 2759 1693 ita

642 1729 957 1801 decrevit
973 1785 993 1818 ‚
1018 1735 1147 1803 Cn.
1178 1736 1527 1831 Pompeio
1549 1749 1844 1805 auctore
1870 1789 1889 1820 ‚
1916 1749 1988 1806 et
2011 1733 2075 1829 ej
2087 1758 2170 1805 us
2189 1738 2561 1807 sententiae
2584 1736 2756 1830 prin·

639 1840 833 1936 cipe,
858 1854 977 1928 ut,
1007 1844 1068 1911 si
1097 1844 1260 1939 quis
1287 1844 1701 1941 impedisset
1719 1843 2033 1915 reditum
2057 1868 2301 1915 meum
2320 1900 2339 1929 ‚
2365 1846 2448 1915 in
2466 1845 2752 1915 hostium

643 1972 949 2020 numero
987 1950 1409 2048 putaretur⁴
1448 1980 1464 2022 ε
1510 1953 1741 2048 iisque
1793 1952 2031 2026 verbis
2070 1978 2156 2025 ea
2203 1954 2299 2025 de
2337 1979 2459 2027 me
2493 1967 2754 2027 senatus

639 2063 1026 2132 auctoritas
1056 2060 1406 2133 declarata
1428 2077 1566 2150 est,
1596 2075 1678 2133 ut
1698 2064 1970 2134 nemini
1999 2067 2088 2135 sit
2112 2066 2529 2163 triumphus
2546 2064 2752 2135 hono-

644 2169 1074 2259 rificentius,
1109 2197 1331 2269 quam
1369 2172 1548 2243 mihi
1581 2171 1773 2243 salus
1815 2174 2331 2271 restitutioque
2358 2176 2751 2272 perscripta.

643 2280 752 2352 De
806 2306 963 2370 me,
1029 2308 1259 2379 quum
1322 2306 1578 2355 omnes
1634 2287 2088 2379 magistratus
2153 2285 2761 2381 promulgassent,

641 2406 900 2490 praeter
949 2418 1178 2465 unum
1218 2410 1595 2492 praetorem
1621 2382 1676 2481 ⁵,
1728 2419 1770 2465 a
1819 2418 1970 2490 quo
2014 2418 2163 2465 non
2213 2392 2354 2465 fuit
2414 2394 2761 2493 postulan-

643 2501 855 2586 dum,
889 2502 1181 2576 fratrem
1213 2504 1487 2576 inimici
1524 2506 1698 2589 mei,
1739 2518 2145 2601 praeterque
2183 2503 2373 2575 duos
2412 2504 2508 2576 de
2549 2501 2765 2601 lapide

644 2628 929 2712 emptos
953 2612 986 2660 ⁶
1037 2615 1368 2686 tribunos
1402 2615 1670 2712 plebis,
1732 2614 1960 2712 legem
2007 2615 2320 2686 comitiis
2360 2615 2766 2687 centuriatis

644 2726 807 2796 tulit
845 2731 919 2797 P.
950 2725 1303 2797 Lentulus
1331 2725 1584 2796 consul
1629 2723 1719 2795 de
1748 2723 2040 2821 collegae
2065 2727 2151 2815 Q.
2184 2724 2466 2796 Metelli
2503 2738 2766 2796 senten·

643 2835 780 2905 tia:
811 2859 1029 2931 quem
1049 2858 1334 2906 mecum
1359 2834 1610 2905 eadem
1636 2834 2076 2932 respublica,
2103 2860 2267 2931 quae
2292 2836 2371 2905 in
2404 2835 2761 2907 tribunatu

639 2950 837 3043 ejus7
872 2945 1316 3038 disjunxerat
1339 3000 1359 3031 ‚
1400 2946 1474 3015 in
1513 2945 1924 3034 consulatu,
1960 2947 2227 3017 virtute
2254 2948 2524 3043 optimi
2561 2971 2641 3017 ac
2664 2944 2765 3038 ju·

642 3059 931 3131 stissimi
971 3059 1140 3145 viri,
1179 3057 2132 3155 sapientiaque‚conjunxit.
2162 3060 2342 3148 Quae
2365 3056 2482 3127 lex
2527 3078 2762 3154 quem·

643 3167 1033 3240 admodum
1095 3181 1385 3266 accepta
1438 3172 1566 3254 sit,
1621 3165 1798 3264 quid
1852 3192 1965 3239 me
2028 3168 2289 3238 attinet
2346 3165 2630 3238 dicere?
2675 3187 2757 3232 ex

641 3341 802 3404 alpina
820 3343 1067 3406 profectus
1079 3377 1093 3399 ,
1120 3344 1410 3393 Placentiam
1429 3343 1664 3392 Insubriae

643 3419 809 3466 urbem
833 3433 1055 3479 veneram
1082 3422 1197 3468 iude
1222 3423 1445 3469 Pisonem
1474 3423 1554 3469 his
1575 3437 1661 3470 vo-

641 3497 780 3546 cibus
800 3499 1014 3562 appellat
1033 3510 1216 3554 orator,
1233 3510 1285 3545 eu
1303 3499 1522 3546 Insuber.

718 3586 766 3634 4.
803 3580 865 3624 In
906 3578 1109 3625 hostium
1145 3593 1342 3625 numero
1378 3587 1660 3641 putaretur.

642 3657 844 3705 Senatus
868 3656 1152 3720 plerumque
1172 3656 1249 3704 his
1278 3655 1439 3704 verbis
1466 3673 1551 3704 sua
1583 3657 1661 3706 de·

642 3749 774 3787 creta
794 3737 1038 3785 muniebat
1056 3770 1071 3794 ,
1099 3746 1154 3783 ut
1171 3736 1260 3799 qui
1275 3752 1413 3785 secus
1434 3736 1624 3785 fecisset
1644 3773 1661 3799 ,

643 3820 686 3867 is
709 3818 786 3865 vel
808 3826 977 3866 coum
997 3816 1344 3880 rempublicam
1364 3818 1518 3881 egisse
1533 3854 1549 3880 ‚
1586 3818 1660 3866 vel

644 3899 694 3944 in
740 3897 957 3944 hostium
1004 3912 1207 3945 numero
1253 3897 1508 3947 habendus
1556 3914 1658 3948 ease

644 3976 900 4024 diceretur.

713 4057 761 4105 5.
785 4057 940 4104 Umcm
951 4065 1231 4120 proeeorem.
1248 4056 1463 4119 Appium
1482 4055 1638 4105 scilic.

715 4138 765 4184 6.
788 4137 860 4183 De
876 4135 1041 4200 lapide
1057 4147 1252 4199 emptos.
1275 4137 1341 4185 ui
1354 4136 1456 4184 duo
1476 4134 1658 4183 tribuni

1751 3354 1887 3391 eraut
1913 3342 2090 3392 Sextus
2108 3341 2315 3390 attilius
2342 3341 2573 3389 Serranus
2594 3349 2639 3386 et
2656 3338 2759 3385 Nn-

1750 3422 1928 3471 met-ius
1959 3421 2193 3484 Quintus.
2229 3421 2420 3485 Lepide
2454 3419 2594 3482 empti
2630 3415 2761 3463 diee-

1749 3501 1929 3550 bantur
1945 3502 2092 3563 servi,
2107 3499 2192 3564 qui
2216 3499 2312 3547 sub
2334 3500 2470 3549 basta
2487 3513 2582 3545 non
2599 3496 2763 3542 venie-

1751 3580 1888 3632 bant.
1918 3583 2024 3629 Hoa
2054 3595 2216 3644 praeco
2235 3578 2507 3637 vendebat,
2532 3588 2591 3625 ut
2611 3592 2676 3623 ex
2692 3574 2771 3622 hia

1752 3660 1907 3709 Plauti
1958 3659 2178 3708 versibus
2226 3669 2362 3724 patet
2400 3675 2416 3708 :
2464 3681 2487 3702 ι
2504 3660 2552 3706 O
2600 3656 2745 3705 stulte
2763 3692 2779 3717 ‚

1749 3739 1896 3790 stulte
1928 3740 2087 3789 nescis
2123 3755 2255 3788 nunc
2292 3742 2465 3788 venire
2503 3751 2585 3797 te,
2628 3741 2688 3786 ln
2721 3752 2777 3784 eo

1747 3818 1856 3882 ipso
1875 3830 1973 3867 atas
1986 3818 2166 3882 lapide,
2182 3818 2271 3866 ubi
2293 3835 2461 3883 praeco
2478 3817 2721 3883 predict
2739 3836 2780 3860 ι.

1821 3915 1871 3959 7.
1898 3901 1959 3946 In
1980 3898 2227 3945 tribunatu
2244 3895 2365 3959 ejus.
2394 3900 2569 3960 Quum
2594 3899 2663 3960 Q.
2678 3897 2780 3944 Me·

1749 3977 1894 4026 tellus
1923 3978 2208 4028 Ciceronem
2255 3977 2514 4026 consulem
2562 3990 2780 4025 extremo

1745 4057 2026 4104 consulatus
2077 4055 2158 4102 die
2222 4057 2481 4105 concioni·
2542 4055 2780 4104 habende

1746 4145 1989 4198 potestate
2011 4133 2239 4199 privavit.
