2994 4778
683 403 819 499 578
1354 400 2120 471 ARGUMENTUM.

748 546 864 585 non
896 537 961 584 ut
983 530 1057 598 Q.
1080 523 1345 602 Ligarius
1367 523 1784 584 condemnetur
1798 570 1816 598 ,
1837 525 1939 583 sed
1966 537 2032 582 ut
2052 535 2306 581 necetur.
2337 526 2528 596 Quam
2548 520 2807 580 crudeli-

752 634 929 681 tatem
959 621 1211 699 graviter
1238 620 1645 699 reprehendit,
1671 642 1740 681 ac
1767 623 1815 681 si
1843 622 1996 679 hanc
2023 618 2254 680 Tubero
2284 638 2317 675 a
2344 638 2409 676 se
2436 617 2686 676 alienam
2715 616 2806 675 di-

747 732 871 791 cat,
909 718 1046 776 satis
1076 716 1286 774 durum
1308 735 1432 776 esse
1451 759 1467 788 ,
1486 718 1535 775 si
1564 719 1821 795 postulet
1847 737 1920 775 ne
1947 715 2180 794 Ligario
2202 715 2562 791 ignoscatur,
2592 734 2725 791 cap.
2750 715 2804 771 5.

752 823 821 874 Et
852 813 1014 893 quod
1041 812 1277 873 Tubero
1312 812 1539 871 dixerat
1572 834 1632 873 se
1668 815 1816 872 velle
1847 810 1924 872 de
1964 819 2035 887 Q.
2066 812 2280 889 Ligarii
2327 812 2544 869 scelere
2584 810 2803 883 dicere,

747 925 919 993 negat
941 913 1141 971 Cicero
1168 930 1399 970 causam
1430 930 1666 983 eorum,
1695 913 1796 989 qui
1823 932 1956 970 cum
1985 910 2263 988 Pompeio
2290 922 2490 967 contra
2519 912 2804 967 Cmarem

747 1011 1033 1081 steterint,
1058 1009 1242 1067 scelus
1262 1007 1666 1087 appellandam
1687 1029 1829 1081 esse,
1856 1029 1982 1087 cap.
2005 1009 2059 1066 6.
2082 1006 2310 1066 Deinde
2334 1006 2549 1083 Ligarii
2576 1025 2803 1063 causam

749 1128 881 1165 cum
906 1103 1231 1164 Tuberonis
1271 1117 1602 1182 comparat,
1647 1118 1707 1163 et
1743 1103 1891 1163 hanc
1928 1105 2028 1162 illa
2064 1104 2248 1161 multo
2278 1103 2603 1180 graviorem
2634 1102 2804 1160 fuisse

747 1203 1034 1272 ostendit,
1061 1221 1189 1279 cap.
1213 1221 1336 1277 7-9.
1361 1206 1661 1260 Postremo
1683 1221 1745 1259 se
1770 1202 1830 1259 in
1858 1201 1967 1259 hac
1992 1221 2166 1260 causa
2193 1199 2347 1279 apud
2375 1203 2658 1258 Caesarem
2684 1219 2801 1256 non

744 1315 815 1359 ut
843 1298 918 1358 ad
936 1297 1197 1373 judicem
1224 1283 1418 1372 agere,
1448 1296 1553 1355 sed
1583 1310 1646 1355 ut
1674 1296 1745 1355 ad
1778 1311 2077 1376 parentem
2110 1297 2305 1376 loqui,
2337 1296 2414 1355 ad
2442 1296 2798 1355 clementiam

734 1398 871 1475 ejus
911 1395 1256 1473 confugere,
1296 1407 1353 1451 et
1391 1381 1456 1451 ut
1484 1394 1718 1473 Ligario
1760 1396 2023 1471 ignoscat
2049 1413 2254 1468 orare,
2297 1413 2424 1472 cap.
2467 1412 2561 1452 xo.
2586 1399 2647 1452 In
2680 1413 2799 1471 quo

746 1495 915 1556 simul
939 1492 1082 1553 illud
1107 1493 1411 1550 confirmat
1428 1537 1444 1565 ,
1468 1497 1750 1552 Caesarem
1774 1493 1833 1551 in
1863 1498 1932 1566 Q.
1962 1493 2195 1570 Ligario
2223 1492 2650 1565 conservando,
2677 1512 2802 1549 om·

744 1593 917 1652 nibus
943 1591 1189 1660 Sabinis,
1211 1594 1277 1650 Τ.
1298 1590 1559 1649 Broccho
1583 1589 1798 1669 L‘igarii
1819 1592 2105 1648 avunculo
2134 1591 2371 1668 ejusque
2405 1591 2560 1661 filio,
2586 1593 2640 1649 in
2667 1591 2794 1668 pri-

656 1679 663 1684 ·
746 1692 854 1748 mis
888 1701 1077 1747 autem
1120 1684 1350 1745 duobus
1390 1688 1605 1766 Ligarii
1641 1683 1947 1759 fratribus,
1986 1687 2236 1765 denique
2280 1687 2475 1746 multis
2514 1685 2798 1765 equitibus

744 1785 996 1844 romanis
1033 1783 1419 1862 gratissimum
1460 1805 1582 1843 esse
1617 1786 1935 1858 faciurum,
1987 1806 2117 1864 cap.
2143 1805 2230 1842 11.
2268 1790 2575 1843 Postremo
2604 1798 2795 1864 rogat,

743 1896 810 1940 ut
836 1882 895 1939 in
921 1881 1154 1958 Ligario
1182 1881 1540 1940 restituendo
1568 1881 1771 1939 eadem
1793 1880 2054 1940 bonitate
2078 1895 2136 1940 et
2163 1881 2570 1941 misericordia
2591 1895 2797 1948 utatur,

741 1997 914 2056 quam
941 1995 1132 2056 nuper
1163 1978 1223 2035 in
1258 1979 1544 2036 Marcello
1567 1990 1801 2035 senatus
1834 1975 2107 2055 precibus
2131 1976 2510 2037 concedendo
2540 1977 2797 2037 ostende-

745 2075 838 2133 rit.
860 2073 1017 2133 Nihil
1045 2076 1199 2133 enim
1227 2095 1333 2131 nec
1355 2075 1645 2132 fortunam
1665 2074 1789 2152 ejus
1817 2073 2036 2133 habere
2066 2075 2277 2151 majus,
2305 2095 2484 2152 quam
2510 2089 2574 2133 ut
2602 2075 2795 2154 possit,

646 2180 651 2192 '
741 2191 850 2229 nec
880 2184 1148 2229 naturam
1188 2171 1390 2228 melius
1422 2189 1598 2246 quam
1629 2181 1692 2226 ut
1717 2169 1891 2242 velit,
1924 2191 2098 2249 quam
2123 2171 2408 2248 plurimos
2430 2191 2793 2242 conservare,

741 2287 869 2346 rap.
902 2288 991 2325 ια.
1953 2337 1966 2346 .

824 2367 948 2422 Hac
997 2363 1261 2421 oratione
1301 2367 1493 2422 Caesar
1528 2363 1714 2423 victus
1755 2368 1826 2437 Q.
1874 2362 2109 2442 Ligario
2155 2363 2379 2443 ignovit
2397 2411 2416 2438 ,
2465 2365 2572 2442 qui
2614 2378 2794 2423 tamen

742 2460 915 2539 hujus
954 2459 1220 2520 beneficii
1259 2463 1565 2519 immemor
1592 2475 1795 2541 postea
1825 2482 1956 2521 cum
1985 2464 2189 2521 ceteris
2215 2464 2276 2521 in
2310 2484 2446 2522 eum
2476 2463 2795 2540 conjuravit

745 2558 1019 2637 (Appian.
1044 2557 1119 2614 de
1141 2561 1205 2615 B.
1234 2560 1302 2616 C.
1322 2556 1439 2616 lib.
1473 2561 1565 2630 11,
1588 2577 1714 2637 cap.
1748 2580 1771 2615 1
1790 2557 1916 2637 13);
1947 2558 2159 2617 deinde
2195 2579 2335 2617 vero
2375 2558 2550 2638 (ibid.
2576 2566 2671 2632 IV,
2700 2559 2794 2636 aa)

746 2655 1107 2733 proscriptus
1129 2672 1246 2712 una
1268 2672 1404 2713 cum
1431 2655 1614 2712 altero
1639 2655 1819 2713 fratre
1842 2656 2034 2734 periit.

821 2756 1091 2810 Ceterum
1124 2746 1455 2808 Tuberonis
1486 2752 1547 2808 in
1578 2750 1870 2825 Ligarium
1900 2748 2089 2809 oratio
2120 2750 2468 2824 Quintiliani
2504 2766 2676 2812 aetate
2702 2774 2795 2811 ex-

740 2847 888 2905 stitit
905 2891 922 2919 ,
946 2848 1047 2925 qui
1069 2862 1201 2905 eam
1215 2860 1347 2904 curn
1360 2849 1660 2907 Ciceronis
1687 2846 1949 2906 oratione
1974 2848 2197 2907 utiliter
2226 2850 2562 2927 comparari
2586 2863 2795 2922 censet,

738 2949 828 3017 X,
860 2966 912 3019 1,
942 2946 1035 3003 23.
1065 2949 1325 3022 Eamque
1354 2946 1429 3003 ab
1459 2947 1589 3025 ipso
1617 2947 1822 3004 lectam
1851 2966 1974 3004 esse
1997 2946 2093 3005 hic
2116 2947 2278 3004 locus
2310 2948 2650 3020 confirmat,
2679 2950 2793 3019 XI,

682 3116 683 3119 Ἴ
742 3063 770 3121 ,ι
789 3086 807 3115 ,
832 3043 943 3119 80,
974 3040 1083 3103 ubi.
1106 3069 1130 3095 «ι
1148 3041 1419 3115 Tubero,
1448 3042 1673 3119 inquit,
1698 3042 1975 3119 juvenem
2001 3062 2063 3100 se
2088 3044 2243 3121 patri
2273 3043 2545 3115 haesisse,
2579 3044 2740 3104 illum
2761 3065 2792 3101 a

735 3152 940 3199 senatu
965 3139 1197 3198 missum
1215 3181 1231 3207 ,
1262 3159 1379 3209 non
1408 3139 1482 3197 ad
1512 3138 1730 3198 bellum
1753 3183 1769 3209 ‚
1794 3138 1891 3197 scd
1921 3138 1997 3197 ad
2031 3140 2386 3199 frumentum
2415 3143 2789 3201 coemendum

672 3292 677 3299 ,
737 3236 854 3308 ait,
881 3249 946 3294 ut
968 3236 1223 3314 primum
1245 3235 1572 3307 licuerit,.a
1596 3235 1862 3313 partibus
1891 3236 2186 3295 recessisse
2205 3279 2224 3307 ,
2247 3237 2548 3315 Ligarium
2579 3252 2640 3299 et
2667 3259 2792 3317 per-

738 3351 1027 3409 severasse
1049 3380 1066 3406 ,
1093 3344 1152 3389 et
1179 3351 1299 3407 non
1328 3351 1438 3409 pro
1467 3335 1571 3390 Cn.
1598 3332 1875 3409 Pompeio
1893 3377 1913 3406 ,
1936 3332 2087 3391 inter
2108 3352 2281 3410 quem
2309 3348 2370 3392 et
2390 3338 2680 3395 Cmreni
2699 3336 2791 3394 di-

736 3427 969 3503 gnitatis
1015 3428 1191 3489 fuerit
1226 3429 1524 3503 contentio
1548 3471 1569 3498 ‚
1608 3428 2046 3505 quumzsalvam
2094 3443 2338 3507 uterque
2378 3432 2790 3510 rempublicam

740 3523 947 3594 vellet,
990 3522 1093 3580 sed
1127 3543 1238 3600 pro
1272 3524 1426 3587 ,tuba
1456 3538 1631 3599 atque
1661 3526 1815 3583 Afris
1841 3527 2246 3586 inimicissimis
2282 3529 2509 3606 populo
2556 3548 2790 3588 romano

737 3629 956 3677 stetisse
975 3644 1045 3672 ι..

1176 3863 2280 3896 -Q
