2994 4778
619 417 745 463 roa
1238 394 1336 459 M.
1390 395 1468 461 Τ.
1523 392 2088 501 (ΣΙΟΕῌΟΝΙΞ

602 515 864 585 fortem
912 526 984 584 et
1023 511 1301 583 bonum
1355 517 1585 585 civem
1635 538 1783 584 non
1825 512 2392 610 petulantissime
2446 527 2556 583 est
2609 516 2730 584 in-

606 625 957 697 sectatus?
994 625 1162 721 qui,
1201 637 1283 694 ut
1315 624 1570 711 cred0,
1605 649 1755 695 non
1789 624 2104 695 libidinis
2141 632 2438 708 causa2,
2476 623 2603 694 sed
2646 639 2738 694 ut

609 731 1010 832 plebicola³
1049 734 1435 819 videretur,
1459 732 1867 805 libertinam
1912 731 2117 802 duxit
2157 754 2479 802 uxorem.
2519 736 2589 801 Is
2633 731 2734 802 de

606 868 728 916 me
772 842 1193 941 suffragium
1252 842 1448 928 tulit,
1497 844 1558 914 is
1615 841 1856 929 affuit,
1912 846 1971 912 is
2015 840 2342 913 interfuit
2378 839 2604 939 epulis
2652 855 2739 911 et

609 951 1211 1050 gratulationibus
1258 952 1794 1049 parricidarum.
1847 950 1932 1021 In
1975 975 2124 1048 quo
2167 966 2407 1021 tamen
2460 964 2567 1020 est
2606 975 2736 1020 me

608 1063 836 1151 ultus,
895 1085 1125 1160 quum
1171 1060 1295 1132 illo
1347 1067 1525 1134 ore‘·
1579 1064 1905 1133 inimicos
1953 1075 2061 1132 est
2103 1082 2302 1131 meos
2343 1064 2728 1130 suaviatus.

606 1175 788 1355 iQui,
829 1172 1034 1269 quasi
1094 1195 1252 1248 mea
1297 1171 1508 1273 culpa
1548 1154 1744 1242 bona
1789 1169 2222 1294 perdiderit,
2277 1172 2403 1293 ita·
2419 1167 2518 1239 ob
2570 1192 2735 1238 earn

606 1309 872 1460 Utrum
909 1413 1042 1485 ego
1084 1360 1215 1460 tibi
1250 1390 1763 1487 patrimonium
1810 1390 2077 1487 eripui,
2107 1388 2328 1477 Gelli,
2372 1411 2463 1458 an
2500 1401 2577 1457 tu
2607 1411 2738 1457 co-

607 1496 947 1569 medisti?
1003 1498 1226 1595 quid?
1273 1513 1356 1570 tu
1398 1523 1565 1569 meo
1614 1498 1939 1596 periculo
1968 1551 1989 1585 ,
2039 1520 2301 1595 gurges
2343 1521 2426 1569 ac
2461 1522 2735 1594 vorago

605 1610 1050 1703 patrimonii,
1085 1605 1543 1679 helluabare⁵
1573 1635 1589 1677 ε
1625 1622 1742 1696 ut,
1778 1612 1837 1678 si
1871 1632 2003 1703 ego
2036 1607 2288 1678 consul
2326 1607 2735 1704 rempubli—

612 1740 771 1787 cam
820 1731 1071 1788 contra
1114 1731 1186 1787 te
1226 1732 1299 1788 et
1336 1716 1654 1815 gregales
1699 1733 1859 1788 tuos
1874 1703 2409 1802 defendissem,
2448 1721 2526 1787 in
2561 1718 2738 1786 civi·

612 1839 757 1897 tate
817 1851 968 1929 esse
1012 1851 1128 1899 me
1177 1828 1448 1899 nolles?
1505 1833 1605 1899 Te
1647 1852 1861 1899 nemo
1906 1843 2200 1899 tuorum
2246 1827 2489 1899 videre
2535 1826 2739 1914 vult3

618 1959 872 2007 omnes
890 1937 1162 2008 aditum
1177 1991 1200 2026 ,
1221 1962 1627 2010 sermonem
1646 1991 1666 2026 ,
1695 1961 2160 2035 congressum
2177 1948 2384 2009 tuum
2414 1936 2738 2035 fugiunt3

613 2059 688 2115 te
735 2047 1002 2118 sororis
1045 2044 1235 2118 filius
1282 2051 1704 2136 Postumus,
1758 2047 2170 2119 adolescens
2224 2050 2490 2144 gravis,
2530 2046 2738 2118 senili

613 2153 931 2248 judicio,
976 2157 1286 2243 notavit,
1345 2180 1576 2253 quum
1632 2159 1707 2226 in
1762 2181 2023 2253 magno
2075 2179 2380 2227 numero
2419 2169 2740 2226 tutorem

614 2260 915 2360 liberis⁶
942 2289 1090 2336 non
1117 2265 1447 2336 instituit.
1477 2264 1615 2337 Sed
1644 2265 1870 2337 elatus
1902 2263 2111 2355 odio,
2148 2280 2221 2336 et
2255 2289 2421 2336 meo
2441 2317 2462 2352 ,
2496 2279 2568 2335 et
2600 2267 2741 2335 rei-

620 2370 931 2470 publicae
955 2378 1245 2447 nomine
1262 2429 1283 2456 ,
1303 2401 1616 2472 quorum
1636 2374 1753 2447 ille
1784 2375 1929 2445 utri
1949 2377 2039 2447 sit
2071 2374 2449 2463 inimicior,
2468 2376 2745 2462 nesci0,

619 2482 828 2580 plura
863 2483 1046 2571 dixi,
1068 2510 1286 2582 quam
1323 2483 1705 2556 dicendum
1732 2482 1911 2572 fuit,
1951 2487 2025 2555 in
2058 2484 2599 2556 furiosissimum
2628 2500 2742 2555 at-

619 2618 768 2690 que
807 2595 1342 2693 egentissimum
1382 2619 1811 2691 ganeonem.
1848 2594 2032 2666 Illuc
2070 2609 2441 2667 revertor:
2487 2609 2746 2666 contra

614 2727 734 2774 me
762 2729 990 2800 quum
1020 2706 1110 2775 sit
1139 2719 1378 2775 actum
1397 2758 1417 2791 ,
1449 2719 1655 2802 capta
1694 2705 1876 2776 urbe
1915 2720 2131 2803 atque
2159 2729 2535 2802 oppressa,
2565 2704 2742 2775 Gel-

609 2809 825 2898 lium,
861 2811 1279 2884 Firmidium
1297 2823 1348 2899 ⁷,
1391 2815 1693 2901 Titium,
1736 2814 2050 2909 ejusdem
2084 2813 2281 2886 modi
2314 2812 2747 2901 furias,illis

619 2923 1075 2991 mercenariis
1119 2921 1456 3019 gregibus
1497 2923 1716 2995 duces
1754 2939 1828 2994 et
1863 2939 2192 2997 auctores
2225 2923 2478 3011 fuisse,
2510 2947 2746 3020 quum

621 3031 775 3128 ipsc
803 3025 1037 3102 lator8
1076 3032 1253 3102 nihil
1289 3031 1379 3103 ab
1406 3032 1674 3104 horum
1698 3034 2185 3131 turpitudine,
2224 3033 2516 3105 audacia
2538 3088 2557 3122 ,
2593 3058 2747 3103 sor-

598 3137 839 3212 sdibus
882 3140 1327 3215 abhorreret.
1386 3147 1518 3230 At,
1560 3168 1788 3241 quum
1833 3142 1926 3214 de
1966 3145 2306 3242 dignitate
2356 3169 2517 3215 mea
2554 3141 2747 3214 fere-

693 3325 744 3356 n.
759 3310 998 3358 Libidinis
1015 3328 1190 3361 causa.
1207 3314 1367 3360 Inonia
1380 3313 1471 3361 hae
1485 3314 1643 3362 omnis

524 3395 534 3406 ’
622 3388 768 3436 Gellii
794 3389 1047 3452 turpitudo
1072 3390 1467 3455 deprehenditur,
1491 3408 1642 3454 quum

624 3485 687 3516 ex
703 3465 871 3516 infimo
886 3467 1019 3527 loco,
1036 3468 1251 3517 libidinis
1270 3481 1458 3518 tautum
1475 3486 1614 3519 causa
1628 3508 1645 3534 ,

626 3549 703 3596 vir
725 3548 960 3610 equestris
979 3563 1181 3596 uxorem
1205 3548 1412 3598 duxerit.

693 3630 742 3678 3.
761 3625 1028 3677 Plebicola.
1050 3627 1130 3676 Al.
1145 3627 1411 3692 poplicola.
1430 3630 1482 3677 J.
1500 3628 1563 3673 V.
1583 3629 1639 3676 1..

695 3715 747 3762 4.
787 3707 944 3768 Quum
975 3705 1060 3753 illo
1092 3722 1192 3754 ore.
1227 3704 1369 3754 Adeo
1401 3705 1643 3770 impurum

622 3796 669 3833 et
689 3783 972 3833 obscoeuum
996 3786 1142 3835 Gellii
1168 3803 1224 3835 os
1248 3796 1350 3833 erat
1370 3818 1384 3845 ,
1412 3796 1465 3832 ut
1492 3786 1643 3832 nemi-

619 3879 730 3912 nem
751 3863 1063 3923 oscularetur,
1083 3867 1203 3930 quin
1220 3866 1288 3913 illi
1309 3865 1487 3913 malum
1505 3865 1643 3912 affer-

620 3952 710 3991 ret.
739 3943 896 3990 Locus
924 3944 1006 3991 ille
1036 3960 1064 3991 ι
1100 3945 1401 4010 Pantagatho
1428 3947 1483 3992 in
1507 3945 1642 3993 hunc

621 4020 822 4070 modum
848 4033 921 4068 est
953 4024 1221 4074 restitutus.

695 4101 740 4150 5.
771 4100 1076 4152 Helluabare.
1103 4105 1267 4165 Quum
1290 4113 1490 4167 propter
1517 4117 1640 4165 quo·

1728 3314 1932 3362 tidiaun
1944 3313 2171 3363 libidines
2188 3331 2296 3379 quae
2308 3314 2652 3377 patrimonium
2668 3312 2753 3361 ab·

1727 3404 2026 3457 sumpserant
2040 3427 2055 3451 ‚
2083 3394 2201 3441 mihi
2223 3396 2376 3442 factus
2395 3394 2461 3441 sis
2479 3394 2721 3441 inimicus.

1800 3471 1849 3519 6.
1891 3475 2112 3521 Tutorem
2152 3473 2326 3521 liberis.
2367 3474 2583 3520 Maxime
2623 3472 2753 3520 illud

1728 3549 2102 3611 ignominiosum
2128 3551 2261 3615 apud
2286 3554 2528 3600 Romanos
2555 3562 2682 3612 eret,
2708 3552 2757 3598 si

1731 3632 2200 3693 consanguineorum
2224 3640 2510 3680 testamento
2534 3630 2643 3693 quis
2660 3630 2757 3677 im-

1728 3706 2030 3769 probaretur.

1801 3801 1850 3845 ·7.
1874 3785 2174 3834 Fe‘rmidimn.
2194 3788 2268 3836 De
2290 3785 2519 3835 Fiunidio
2540 3783 2621 3831 hio
2639 3773 2754 3832 tan-

1714 3847 1832 3909 *tnm
1851 3865 2033 3912 mentio
2056 3877 2127 3914 est
2146 3866 2270 3915 sacta
2284 3903 2299 3928 ,
2322 3868 2373 3914 in
2399 3864 2609 3914 Gellium
2629 3881 2749 3913 vero

1728 3951 1778 3989 et
1797 3942 1979 3991 Titium
2005 3946 2182 4009 saepius
2202 3959 2365 3998 orator
2384 3946 2643 3994 invehitur.

1801 4023 1828 4069 8
1837 4057 1848 4069 .
1867 4026 1977 4088 Ipse
1988 4026 2136 4074 lator.
2150 4028 2203 4075 P.
2215 4026 2418 4076 Clodius
2426 4042 2493 4074 sc.
2505 4027 2587 4089 qui
2597 4025 2750 4086 legem

1728 4099 1789 4147 de
1811 4101 2043 4153 Cicerone
2068 4104 2181 4152 tulit
2206 4106 2258 4152 in
2282 4105 2502 4153 exsilium
2520 4103 2726 4166 egendo.
