2994 4778
597 391 737 463 328
1241 394 1339 461 M.
1390 393 1468 460 T.
1520 392 2065 461 CICERONIS

607 512 1271 587 senatusconsulta4
1306 511 1655 584 fecerunt.
1707 515 1948 583 Potuit
1984 512 2209 609 magis
2262 509 2536 582 fundus
2609 535 2732 608 po·

602 621 818 722 pulus
868 621 1263 693 Gaditanus
1291 621 1445 693 fieri
1480 622 1510 716 (
1545 623 1891 719 quoniam
1941 622 2086 693 hoc
2127 645 2570 718 magnopere
2618 619 2733 690 de·

603 732 866 803 lectare
924 731 1154 804 verbo
1185 732 1259 828 ),
1301 733 1357 801 si
1420 747 1575 801 tum
1636 729 1718 801 fit
1779 730 2079 819 fundus,
2118 756 2348 829 quum
2405 733 2585 802 scita
2658 755 2732 801 ac

594 841 791 937 jussa
839 855 1084 912 nostra
1120 864 1247 912 sua
1294 842 1646 912 sententia
1699 841 2159 936 comprobat,
2213 865 2436 937 quam
2495 865 2726 938 quum

604 950 997 1048 hospitium
1048 948 1249 1038 fecit,
1308 965 1387 1021 ut
1439 967 1514 1022 et
1570 953 1851 1022 civitate
1902 951 2105 1021 illum
2156 965 2514 1022 mutatum
2569 975 2729 1021 esse

600 1060 968 1148 fateretur,
1010 1075 1082 1132 et
1111 1061 1331 1157 hujus
1354 1050 1382 1104 ⁵
1413 1062 1716 1132 civitatis
1759 1060 2039 1131 honore
2079 1060 2572 1158 dignissimum
2601 1060 2723 1154 ju-

599 1169 917 1242 dicaret?
970 1172 1206 1269 potuit
1264 1172 1530 1242 certius
1573 1175 2040 1268 interponere
2073 1169 2432 1266 judicium
2463 1169 2721 1239 volun-

600 1280 763 1350 tatis
787 1305 954 1368 suae‚
985 1305 1202 1377 quam
1233 1305 1461 1377 quum
1494 1282 1708 1351 etiam
1738 1295 2227 1351 accusatorem
2259 1280 2476 1377 hujus
2497 1280 2722 1349 multa

603 1405 676 1462 et
694 1414 909 1488 poena
937 1391 1310 1461 multavit?
1337 1392 1576 1489 potuit
1612 1392 1834 1487 magis
1853 1389 1943 1460 de
1974 1414 2054 1460 re
2073 1389 2398 1486 judicare
2423 1387 2478 1477 5,
2506 1415 2721 1487 quam

605 1523 831 1595 quum
859 1498 946 1569 ad
982 1514 1300 1569 vestrum
1319 1498 1671 1593 judicium
1698 1500 1886 1570 cives
1913 1498 2392 1597 amplissimos
2428 1500 2721 1596 legavit,

604 1623 816 1678 testes
850 1607 1065 1703 hujus
1103 1607 1318 1701 juriS‚
1354 1610 1515 1679 vitae
1551 1608 1996 1696 laudatoreS,
2038 1608 2340 1706 periculi
2386 1610 2722 1706 depreca-

606 1718 844 1787 tores?
875 1721 1154 1786 Etenim
1183 1718 1345 1813 quis
1374 1732 1481 1788 est
1508 1732 1652 1788 tam
1692 1717 2030 1806 demens,
2066 1720 2244 1816 quin
2289 1721 2587 1805 sentiat,
2609 1721 2725 1814 jus

607 1825 748 1897 hoc
803 1824 1171 1898 Gaditanis
1222 1851 1376 1898 esse
1428 1827 1885 1898 retinendum
1913 1883 1932 1915 ‚
1969 1854 2062 1899 ne
2099 1831 2574 1927 interseptum
2632 1832 2722 1899 sit

606 1937 689 2006 iis
728 1936 864 2006 iter
886 1951 1256 2034 *perpetuo
1294 1936 1383 2007 ad
1416 1936 1559 2007 hoc
1596 1937 2114 2035 amplissimum
2149 1939 2524 2035 praemium
2561 1939 2718 2028 civi-

607 2047 809 2132 tatis;
858 2059 932 2117 et
969 2070 1404 2146 magnopere
1432 2046 1518 2117 iis
1549 2069 1701 2117 esse
1739 2045 2162 2132 laetandum,
2199 2047 2421 2143 hujus
2446 2051 2521 2116 L.
2552 2049 2719 2116 Cor-

611 2157 776 2228 nelii
838 2157 1404 2229 benivolentiam
1471 2180 1639 2255 erga
1700 2182 1871 2229 suos
1924 2182 2298 2229 remanere
2364 2155 2718 2244 Gadibu53

610 2268 905 2365 gratiam
952 2282 1024 2338 et
1069 2266 1482 2338 facultatem
1533 2266 2093 2339 commendandi
2125 2271 2200 2338 in
2261 2266 2400 2339 hac
2447 2268 2729 2338 civitate

611 2377 917 2449 versari?
947 2378 1127 2470 Quis
1164 2380 1359 2449 enim
1409 2392 1741 2450 nostrum
1778 2394 1922 2464 est,
1962 2380 2079 2450 cui
2114 2404 2264 2450 non
2322 2378 2446 2449 illa
2493 2381 2734 2450 civitas

611 2490 704 2561 sit
737 2489 955 2585 hujus
990 2487 1267 2573 studi0‚
1294 2513 1461 2559 cura
1482 2543 1503 2575 ‚
1531 2488 1897 2587 diligentia
1917 2544 1937 2577 ‚
1962 2489 2596 2561 commendatior?

706 2603 893 2672 XIX.
937 2601 1255 2684 omitto,
1289 2601 1579 2696 quantis
1629 2601 2068 2670 ornamentis
2114 2599 2480 2697 populum
2523 2605 2732 2671 istum

619 2719 698 2787 C.
743 2720 1011 2801 Caesar‚
1046 2739 1270 2810 quum
1312 2727 1497 2784 esset
1530 2714 1606 2783 in
1634 2717 1975 2811 Hispania
2008 2727 2297 2811 praetor,
2335 2712 2665 2785 affecerit
2685 2725 2735 2801 ¹,

619 2824 1142 2896 controversias
1176 2820 1434 2893 sedarit
1454 2832 1510 2908 ²,
1550 2824 1715 2917 jura
1741 2878 1760 2910 ,
1786 2826 2114 2920 ipsorum
2157 2825 2554 2920 permissu,
2600 2838 2739 2894 sta·

621 2936 874 3019 tuerit;
929 2934 1395 3002 inveteratam
1426 2927 1844 3029 quondam³
1889 2932 2295 3004 barbariam
2336 2957 2428 3002 ex
2457 2934 2739 3005 Gadita-

615 3068 879 3117 norum
936 3041 1264 3143 moribus
1335 3042 1854 3140 disciplinaque
1910 3040 2255 3128 delerit43
2322 3065 2606 3114 summa
2663 3045 2734 3112 in

688 3183 735 3230 4.
750 3175 955 3222 Senatus
977 3170 1464 3238 conviciasecerune,
1485 3173 1622 3237 quod
1783 3174 1929 3221 XIX.
1958 3187 2005 3221 1.
2038 3169 2291 3237 Affecerie.
2316 3173 2511 3222 Ernest.
2540 3173 2732 3221 arbitra-

611 3253 807 3317 quidam
851 3254 1107 3303 ediderunt
1127 3292 1143 3317 ‚
1185 3254 1309 3303 nihil
1354 3265 1425 3302 est
1461 3254 1595 3302 aliud
1612 3290 1626 3313 ‚
1715 3262 1793 3299 tur
1841 3250 2078 3299 excidisse
2140 3252 2241 3315 qm'.
2297 3251 2499 3301 schfiu.
2547 3251 2733 3300 addidit

613 3347 757 3396 quam
784 3334 1037 3398 corruptio
1072 3351 1134 3381 ex
1169 3334 1374 3396 pessima
1400 3343 1626 3381 notarum
1714 3330 1851 3395 quod
1864 3364 1880 3390 ‚
1923 3330 2082 3378 minus
2107 3330 2327 3378 feliciter.
2355 3334 2406 3380 J.
2423 3336 2489 3380 V.
2509 3336 2557 3381 1..

614 3410 706 3458 SC.
758 3410 1156 3474 interpretatione
1217 3412 1452 3476 profecta.
1502 3412 1626 3475 Quia
1787 3426 1835 3459 a.
1856 3407 2214 3457 eona-omnm
2231 3410 2569 3461 sedas-itam
2588 3410 2732 3473 ipso·

616 3487 713 3536 hoc
755 3502 857 3534 nou
901 3489 1063 3548 videt,
1105 3501 1191 3538 aut
1234 3493 1343 3553 quis
1386 3491 1627 3538 miratur?
1715 3505 1822 3537 rum
1877 3491 2114 3553 permissu
2160 3489 2364 3548 statuit,
2407 3493 2522 3556 quia
2562 3501 2738 3536 eontra

614 3567 923 3617 Contrarium
939 3568 1101 3615 evenit
1125 3568 1177 3613 in
1194 3568 1337 3615 Verr.
1359 3570 1401 3625 1,
1423 3568 1472 3626 8,
1493 3568 1625 3631 apud
1715 3583 1879 3615 eorum
1909 3568 2205 3616 voluntatem
2219 3568 2614 3628 jurisdictionem
2637 3585 2748 3616 uon

614 3641 945 3693 Rufinianum.
1716 3657 1993 3709 usurpasset
2028 3647 2080 3694 in
2117 3646 2350 3695 foederata
2386 3659 2440 3697 et
2477 3647 2632 3695 libera
2674 3651 2757 3697 ci-

684 3723 733 3771 5.
755 3723 924 3788 Hujus.
941 3723 1020 3771 Al.
1029 3722 1116 3788 jus
1140 3721 1358 3770 civitatis.
1718 3726 1881 3773 vitate.

682 3802 732 3851 6.
766 3805 841 3849 De
874 3819 927 3850 re
949 3801 1201 3869 judicare.
1232 3802 1406 3850 Omnia
1434 3804 1486 3851 iu
1514 3805 1620 3853 Bal·
1787 3805 1834 3852 3.
1856 3803 2136 3866 Qteondam.
2154 3804 2301 3852 Multi
2330 3803 2545 3867 probant
2568 3809 2759 3868 conje-

610 3881 725 3929 bum
749 3882 1032 3946 conspirant
1051 3916 1065 3940 ,
1090 3883 1174 3946 qni
1200 3900 1226 3931 a
1255 3883 1491 3948 Pompeio
1516 3884 1624 3933 viro
1714 3892 1899 3931 cturam
1919 3883 2167 3940 Lambini,
2191 3904 2213 3924 ι
2235 3883 2495 3947 quamdam
2510 3919 2525 3940 ,
2546 3894 2652 3932 ete.
2675 3909 2702 3926 -

608 3960 1006 4026 praestantissimo
1033 3960 1269 4018 laudetur,
1294 3972 1343 4010 et
1370 3978 1395 4009 a
1432 3964 1623 4013 civibus
1785 3969 1832 4017 4.
1872 3960 2242 4026 Disciplinaqeee
2282 3963 2474 4010 delerit.
2525 3964 2605 4009 De
2647 3966 2760 4012 ritu

608 4039 708 4088 auis
731 4038 889 4086 modia
912 4038 1139 4088 omuibus
1158 4039 1441 4105 celebretur,
1460 4053 1508 4090 et
1535 4043 1622 4090 ad·
1711 4040 2065 4089 Gaditanorum
2080 4075 2095 4099 ,
2122 4040 2207 4105 qui
2228 4043 2492 4089 Saturnum
2515 4040 2766 4091 hum-nia

603 4119 803 4180 juvetur
826 4118 878 4166 in
902 4117 1000 4168 hoc
1019 4118 1225 4179 judicio.
1710 4120 1884 4168 hostiis
1928 4120 2162 4185 placarint
2180 4157 2196 4183 ‚
2244 4136 2383 4184 aeque
2427 4131 2480 4168 ut
2506 4121 2660 4184 Tyrii
2707 4134 2762 4170 et
