2994 4778
612 442 998 510 oRAT1o
1049 442 1257 509 PRo
1309 441 1397 526 o.
1452 442 1920 519 LLGARIO.
2199 441 2337 540 593

209 564 431 660 igitur
460 567 537 632 in
570 560 878 633 Africam
911 564 1388 659 provinciam,
1420 587 1640 632 unam
1680 588 1769 633 ex
1797 562 2138 636 omnibus
2167 566 2337 639 huic

205 676 528 744 victoriae
563 677 869 743 maxime
913 670 1277 758 infestam3
1314 674 1388 741 in
1418 696 1564 768 qua
1591 686 1742 743 erat
1772 697 1897 743 rex
1930 677 2334 771 potentissi-

208 782 438 870 mus4,
476 784 805 854 inimicus
847 782 1017 854 huic
1055 806 1321 867 causae3
1361 782 1589 852 aliena
1617 781 1988 869 voluntas,
2023 808 2333 857 conven-

206 908 327 964 tus
382 891 569 963 firmi
615 906 831 990 atque
868 894 1127 989 magni.
1171 895 1433 982 Quaero
1458 946 1475 979 ,
1523 890 1701 988 quid
1750 891 2009 964 facturi
2051 891 2333 967 fuistis?

204 1004 705 1098 Quamquam,
765 1001 943 1099 quid
1014 999 1269 1072 facturi
1337 998 1614 1072 fueritis
1641 1055 1660 1087 ,
1741 1026 1891 1072 non
1969 999 2331 1092 dubitem,

206 1135 437 1206 quum
475 1109 750 1181 videam
774 1109 828 1194 ⁵,
862 1110 1038 1208 quid
1074 1108 1407 1182 feceritis.

302 1220 656 1292 Prohibiti
695 1225 862 1292 estis
892 1223 969 1290 in
1026 1222 1393 1317 provincia
1434 1234 1671 1291 vestra
1714 1218 1977 1317 pedem
2019 1247 2332 1318 ponere,

205 1345 280 1400 et
304 1329 694 1429 prohibiti,
728 1345 808 1401 ut
844 1327 1273 1428 perhibetiS,
1308 1353 1588 1400 summa
1616 1353 1781 1400 cum
1815 1331 2094 1425 injuria.
2136 1336 2334 1423 Quo·

204 1439 427 1511 modo
453 1439 526 1510 id
572 1440 873 1511 tulistis?
907 1454 1212 1537 acceptae
1257 1438 1533 1532 injuriae
1577 1440 1941 1535 querelam
1979 1439 2070 1510 ad
2113 1467 2333 1538 quem

203 1548 557 1621 detulistis
571 1551 599 1622 ?
612 1553 891 1647 Nempe
906 1548 993 1618 ad
1016 1572 1183 1620 eum
1200 1545 1257 1629 ⁶,
1277 1548 1479 1643 cujus
1499 1550 1999 1620 auctoritatem
2018 1555 2330 1649 sequuti,

203 1663 279 1728 in
323 1665 735 1731 societatem
776 1658 949 1731 belli
982 1660 1358 1730 veneratis,
1395 1657 1614 1749 Quod
1659 1659 1720 1728 si
1754 1661 2092 1731 Caesaris7
2121 1685 2333 1735 causa

202 1770 277 1839 in
330 1771 772 1867 provinciam
829 1767 1264 1854 veniebatiS,
1320 1766 1411 1839 ad
1468 1792 1636 1838 eum
1678 1767 2010 1866 profecto
2062 1773 2332 1844 exclusi

200 1881 575 1975 provincia
616 1879 1007 1950 venissetis.
1047 1879 1357 1949 Venistis
1394 1876 1484 1947 ad
1530 1879 1975 1975 Pompeium.
2022 1884 2201 1971 Quae
2227 1899 2335 1955 est

200 2013 378 2086 ergo
416 1989 568 2059 haec
602 1987 793 2087 apud
830 1991 1174 2060 Caesarem
1213 1987 1551 2085 querela,
1588 2011 1815 2084 quum
1853 2003 2019 2059 eum
2057 2016 2334 2064 accusa·

200 2099 293 2168 tis
318 2151 339 2182 ,
372 2123 412 2167 a
457 2123 607 2195 quo
639 2099 1043 2195 queramini
1085 2121 1210 2167 vos
1251 2096 1659 2194 prohibitos
1696 2111 1948 2168 contra
1985 2103 2331 2173 Caesarem

197 2205 471 2278 bellum
515 2202 859 2306 gereress?
900 2214 1134 2304 Atque
1168 2208 1245 2276 in
1280 2207 1420 2277 hoc
1456 2205 1755 2304 quidem
1790 2208 1903 2278 vel
1941 2232 2103 2282 cum
2133 2235 2333 2283 men-

198 2317 408 2388 dacio
431 2372 449 2403 ,
488 2320 548 2389 si
590 2318 835 2405 vultis,
870 2319 1275 2416 gloriemini
1310 2342 1442 2417 per
1483 2342 1601 2388 me
1636 2317 1836 2406 licet,
1871 2343 2000 2392 vos
2036 2327 2329 2419 provin-

196 2430 380 2499 ciam
435 2426 652 2500 fuisse
687 2430 945 2501 Caesari
987 2427 1407 2517 tradituros,
1448 2429 1584 2498 nisi
1628 2452 1669 2497 a
1715 2432 1902 2499 Varo
1953 2444 2025 2499 et
2065 2455 2103 2500 a
2161 2436 2325 2528 qui-

196 2536 504 2610 busdam
545 2540 697 2611 aliis
733 2536 1080 2638 prohibiti
1124 2538 1391 2609 essetis.
1431 2540 1581 2635 Ego
1619 2551 1859 2608 autem
1897 2537 2324 2627 confitebor,

195 2648 486 2745 culpam
531 2673 684 2720 esse
720 2648 1014 2744 Ligarii,
1047 2648 1176 2744 qui
1211 2672 1340 2718 vos
1378 2661 1594 2718 tantae
1630 2645 1861 2718 laudis
1897 2650 2323 2722 occasione9

198 2761 604 2853 privaverit.

268 2907 438 2962 4.Iie.2·
454 2904 832 2970 potentissimus.
860 2884 989 2954 Iuba
1013 2902 1212 2961 scilicet,
1375 2920 1426 2963 7.
1467 2902 1668 2952 casaris
1692 2916 1862 2951 causa.
1884 2904 2190 2952 Provinciam
2227 2916 2324 2955 tra·

192 3000 283 3031 rex
307 2985 612 3033 Mam-itania
628 2976 923 3047 ;*Pompeius
958 2982 1214 3047 Hiempsa-
1303 2981 1466 3030 ditari.

192 3063 291 3109 lem
311 3062 415 3123 ejus
432 3073 617 3127 patrem
634 3059 762 3110 solio
783 3050 1072 3110 restituerat.
1092 3064 1215 3109 Post

191 3156 410 3205 pugnam
433 3142 498 3189 ad
513 3142 787 3206 Thapsum,
809 3140 938 3189 Juba
957 3138 1020 3185 ad
1043 3138 1215 3186 urbem

192 3221 334 3283 regni
366 3220 641 3285 primariam
672 3220 935 3282 confugere
967 3232 1213 3280 aggressus

193 3312 298 3358 est,
316 3299 403 3347 sed
420 3300 482 3347 ab
500 3299 670 3348 incolis
689 3308 763 3346 est
778 3296 1068 3362 prohibitus.
1086 3297 1211 3343 Tum

192 3379 452 3443 imperavit
469 3380 553 3426 uni
571 3396 597 3426 e
616 3378 767 3426 servis
782 3412 797 3436 ‚
821 3388 878 3425 ut
895 3386 1098 3423 mortem
1116 3375 1212 3437 ipsi

190 3458 418 3515 inferret,
442 3474 503 3505 ne
519 3472 548 3504 a
565 3457 751 3505 Caesare
772 3464 1046 3519 caperetur3
1064 3451 1142 3500 vel
1158 3451 1211 3499 id

192 3554 220 3583 a
255 3537 447 3584 Petreio
478 3536 781 3599 impetravit,
822 3547 879 3582 ut
923 3532 1068 3580 tradit
1102 3530 1209 3579 Flo·

192 3631 309 3675 rus,
333 3614 419 3671 IV,
444 3630 492 3661 2.

266 3693 321 3741 5.
345 3694 502 3757 Quum
519 3693 738 3741 addeum.
761 3690 923 3739 Africa
945 3686 1210 3754 prohibiti,

191 3772 246 3819 in
271 3772 510 3821 Graeciam
532 3773 596 3820 ad
621 3770 909 3835 Pompeium
937 3769 1106 3815 ivistis.

266 3851 319 3898 6.
351 3851 538 3917 Nempe
560 3849 634 3896 ad
655 3865 781 3896 eum.
804 3848 883 3896 Ad
911 3845 1212 3909 Pompeium,

191 3930 335 3989 cujus
357 3929 633 3976 auctoritati
657 3928 900 3992 paruistis.
932 3922 1214 3988 Respondet

190 4024 287 4073 pro
304 4008 363 4054 iis
379 4018 559 4065 orator,
580 4006 655 4053 vel
673 4006 837 4070 potius
861 4021 915 4051 ea
935 4004 1082 4063 dicit,
1106 4017 1213 4065 quae

193 4085 464 4134 necessario
498 4083 833 4148 respondenda
867 4082 926 4129 iis
964 4082 1147 4140 forent,
1173 4082 1215 4128 si

194 4163 443 4213 veritatem
466 4160 825 4227 profiterentur.

339 4251 425 4319 V.
465 4268 552 4312 Cic.
572 4283 682 4329 pars
702 4264 917 4312 secunda.

1373 3063 1426 3108 8.
1458 3060 1647 3107 Bellum
1679 3075 1865 3123 gerere.
1908 3060 2211 3111 Paucissimis
2248 3065 2323 3113 his

1302 3138 1460 3187 verbis
1503 3136 1717 3186 ostendit
1764 3153 1911 3200 quam
1946 3136 2153 3186 absurda
2195 3142 2322 3190 inu-

1300 3233 1461 3281 naque
1480 3217 1543 3263 sit
1561 3216 1641 3264 illa
1659 3217 1922 3263 accusatiO.
1943 3216 2021 3263 Illi
2043 3218 2170 3265 enim
2188 3223 2321 3286 apud

1300 3298 1536 3347 Caesarem
1566 3295 1807 3358 Ligarium
1841 3295 2088 3355 incusant,
2108 3296 2199 3347 hac
2225 3317 2321 3350 um

1301 3374 1362 3423 de
1375 3390 1426 3421 re
1442 3407 1456 3431 ,
1473 3368 1608 3436 quod
1626 3388 1716 3436 per
1737 3388 1847 3420 eum
1868 3372 2048 3420 bellum
2062 3376 2239 3426 Caesari
2251 3382 2332 3428 in-
2405 3414 2414 3425 ,

1299 3453 1420 3500 serre
1438 3467 1602 3499 revera
1622 3451 1723 3499 siut
1738 3451 1977 3515 impediti.
1998 3454 2116 3500 Tam
2136 3456 2321 3506 violen-

1298 3542 1401 3578 tum
1411 3542 1570 3579 autem
1581 3528 1729 3577 telum
1739 3530 1791 3577 in
1800 3529 2099 3580 adversarios
2110 3537 2324 3597 conjicit,

1301 3622 1358 3658 ut
1385 3609 1626 3658 mendacii
1655 3609 1965 3658 solummodo
1989 3611 2119 3659 viam
2152 3616 2220 3662 eis
2249 3632 2325 3664 re-

1297 3689 1488 3753 linquat
1499 3725 1512 3747 ,
1527 3705 1673 3752 quam
1687 3703 1806 3736 mox
1822 3689 1891 3735 eis
1904 3701 1978 3737 est
1993 3690 2321 3755 adempturus.

1373 3785 1422 3831 9.
1453 3767 1733 3813 Occasione.
1769 3768 1896 3828 Quia
1941 3783 2057 3814 saue
2102 3785 2324 3833 maguam

1299 3844 1490 3893 laudem
1518 3844 1650 3908 apud
1676 3860 1764 3891 vos
1791 3844 2167 3893 redundaturam
2192 3850 2323 3898 arbi-

1302 3922 1584 3979 trahamini,
1599 3922 1640 3968 si
1659 3921 1961 3984 provinciam
1991 3923 2324 3981 tradidisse-ti».

1302 4002 1398 4049 Sed
1432 4016 1586 4065 quum
1626 3999 1762 4048 nullo
1789 4003 1940 4049 modo
1965 4001 2091 4049 hanc
2118 4020 2326 4056 mentem

1301 4081 1534 4129 haberent
1559 4080 1838 4127 Tuberones
1855 4117 1868 4139 ,
1902 4083 1995 4129 hoc
2015 4083 2198 4135 ironice
2216 4102 2328 4136 ora-

1305 4172 1383 4209 tor
1401 4157 1682 4211 confitetur.

2041 4247 2131 4316 35
