2994 4778
632 442 770 525 240
869 450 872 453 ’

1252 439 1350 506 Μ.
1399 438 1475 504 Τ.
1535 434 2100 506 CICERONIS

725 564 977 631 XXXI.
1040 558 1314 629 Vellem
1359 558 1502 629 alio
1552 557 1835 653 potius¹
1891 578 2059 624 enm
2103 552 2455 649 cupiditas
2508 551 2758 649 gloriae

629 671 1036 759 ‹letulisset3
1070 668 1194 740 sed
1232 667 1455 739 abiit²
1492 667 1710 761 hujus
1741 680 2029 763 tempus
2064 664 2399 761 querelae.
2439 668 2759 739 Accusa-

632 785 733 852 vit
768 785 846 852 C.
896 778 1295 849 Antonium
1319 773 1372 863 ³,
1420 775 1765 872 collegam
1802 798 2090 845 meum:
2136 775 2255 844 cui
2287 776 2551 847 misero
2586 801 2765 873 prae·

625 891 795 963 clari
848 892 921 959 in
980 884 1501 983 rempublicam
1558 882 1895 955 beneficii
1956 886 2297 953 memoria
2354 883 2537 954 nihil
2586 909 2760 981 pro-

622 998 756 1070 fuit
772 1002 827 1084 6,
856 999 1100 1069 nocuit
1124 995 1372 1093 opinio
1403 991 1732 1065 maleficii
1758 993 2049 1087 cogitati
2071 990 2123 1063 ⁵.
2149 996 2404 1063 Postea
2432 991 2759 1064 nemini⁶

625 1110 978 1182 concessit
1015 1106 1432 1203 aequalium,
1479 1104 1645 1202 plus
1693 1118 1777 1173 ut
1820 1107 1894 1173 in
1942 1101 2145 1189 foro,
2188 1103 2350 1198 plus
2384 1117 2468 1173 ut
2509 1107 2585 1173 in
2630 1128 2757 1174 ne·

625 1221 836 1317 gotiis
864 1232 1286 1300 versaretur,
1312 1216 1689 1311 causisque
1717 1213 2111 1283 amicorum
2132 1265 2152 1296 ,
2178 1211 2342 1310 plus
2367 1227 2452 1282 ut
2486 1213 2758 1284 valeret

628 1331 817 1398 inter
865 1350 1035 1396 suos
1090 1326 1333 1422 gratia.
1372 1326 1550 1414 Qum
1597 1322 1737 1392 nisi
1785 1321 2159 1417 vigilantes
2206 1321 2575 1408 homines,
2615 1323 2758 1392 nisi

630 1437 895 1524 sobrii,
940 1436 1080 1505 nisi
1115 1434 1490 1521 industrii,
1536 1433 1885 1528 consequi
1932 1456 2082 1503 non
2120 1447 2467 1530 possunt,
2514 1434 2757 1503 omnia

627 1545 873 1617 labore
927 1559 1002 1615 et
1051 1544 1413 1640 diligentia
1480 1557 1591 1614 est
1652 1556 2160 1637 consequutus.
2218 1546 2304 1611 In
2366 1542 2509 1613 hoc
2567 1542 2753 1615 flexu

628 1656 831 1752 quasi
870 1654 1129 1724 aetatis⁷
1179 1652 1405 1748 (nihil
1450 1654 1648 1725 enim
1683 1649 2103 1740 occultab0‚
2145 1648 2372 1722 fretus
2417 1651 2752 1723 humani-

624 1872 846 1938 apologia
889 1870 1155 1935 posteriore
1184 1885 1197 1919 :
1231 1871 1444 1935 -Neque
1477 1880 1639 1917 autem

629 1952 795 2016 gloriae
820 1965 958 1997 cansa
1000 1966 1076 1997 me
1099 1959 1325 2005 accusat,
1365 1961 1420 1996 ut
1440 1933 1511 1996 Μ.
1539 1950 1644 1996 An-

629 2030 792 2077 tonius
851 2028 942 2077 Cn.
986 2026 1257 2075 Carbonem
1279 2063 1295 2086 ,
1354 2027 1412 2075 C.
1457 2026 1646 2073 Mutius

629 2110 703 2156 M.
740 2107 1105 2163 Albutium,.P.
1136 2106 1371 2171 Sulpitins
1402 2107 1493 2154 Cn.
1519 2106 1647 2154 Nor·

629 2186 843 2244 banum,
893 2186 946 2234 C.
997 2185 1166 2231 Furius
1221 2182 1309 2231 Μ’.
1357 2183 1643 2247 Aquilium,

632 2266 692 2314 C.
740 2264 890 2311 Curio
934 2265 999 2325 Q.
1041 2261 1309 2310 Metellum.
1356 2264 1558 2328 Quippe
1593 2261 1644 2309 hi

629 2358 797 2391 omnes
845 2340 1157 2388 eruditis-imi
1209 2342 1441 2402 juvenes,
1487 2339 1645 2389 landis

631 2422 777 2486 gratia
813 2422 1021 2484 primum
1060 2419 1158 2468 hoc
1204 2420 1533 2468 rudimentum
1572 2421 1647 2467 fo·

628 2501 779 2550 rensis
798 2515 960 2564 operae
978 2499 1208 2548 subibant
1224 2535 1240 2559 ‚
1259 2511 1315 2548 nt
1339 2500 1506 2564 aliquo
1524 2501 1643 2547 insi·

628 2580 710 2644 gni
732 2578 922 2640 jndicio
947 2578 1138 2626 civibus
1172 2579 1275 2627 suis
1312 2589 1643 2627 noscerentur.

626 2659 728 2722 Qui
762 2674 866 2706 mos
897 2657 1244 2721 incipientibus
1269 2657 1646 2705 adolescentulis

627 2739 689 2787 ad
710 2737 1046 2785 illustrandum
1073 2739 1254 2800 ingenii
1275 2736 1442 2784 florem
1458 2770 1473 2794 ‚
1514 2736 1646 2800 apud

629 2817 854 2880 antiquos
880 2831 1151 2871 concessus,
1169 2814 1354 2875 jamdiu
1372 2815 1585 2863 exolevit
1599 2837 1643 2862 ιι.

699 2898 893 2944 xxm.
925 2911 967 2942 1.
997 2894 1175 2952 Vellem
1203 2893 1504 2957 caliopolim.
1533 2897 1572 2944 1.
1600 2911 1644 2942 e.

631 2975 802 3022 vellem
832 2975 885 3020 in
915 2972 1063 3019 alium
1096 2973 1292 3036 potius,
1329 2989 1472 3036 qnam
1509 2974 1561 3020 in
1586 2975 1645 3022 C.

632 3052 903 3100 Antonium
940 3065 1042 3098 ωε
1071 3053 1391 3099 accusationis
1412 3052 1646 3115 impetum

630 3132 964 3178 convertisset.
999 3155 1070 3166 -—
1113 3129 1392 3178 Deculissee.
1435 3132 1476 3178 A
1518 3131 1650 3178 navi·

532 3203 540 3211 ”
629 3208 855 3271 gantibns
877 3209 1022 3257 ducta
1048 3209 1326 3271 translatio,
1345 3208 1432 3272 qui
1454 3210 1505 3256 vi
1526 3221 1647 3258 tem-

629 3289 858 3350 pestatis,
886 3304 984 3334 nou
1011 3288 1218 3335 consilio
1236 3322 1250 3344 ‚
1296 3288 1560 3350 quamlibet
1594 3289 1647 3336 in

631 3376 817 3428 partem
853 3364 1151 3414 deferuntur.
1188 3368 1355 3414 Horat.
1381 3369 1536 3429 -Quo
1570 3383 1647 3416 me

633 3457 841 3504 cumque
881 3443 1006 3506 rapit
1044 3453 1298 3507 tempestas
1332 3444 1525 3492 deferor
1564 3446 1647 3493 ho-

632 3537 742 3584 spes
755 3541 796 3566 ιι.

704 3617 753 3646 a.
778 3597 880 3645 Sed
909 3596 1051 3645 abiit.
1077 3597 1136 3645 Id
1163 3608 1257 3652 est,
1284 3597 1368 3644 sed
1395 3601 1549 3647 serius
1575 3613 1648 3649 est

632 3679 795 3743 queri,
814 3686 1070 3740 postquam
1090 3678 1339 3725 Antonius
1352 3677 1451 3736 jam
1473 3681 1647 3729 exsilio

630 3759 889 3818 mulctatus
916 3766 1005 3801 est.
1152 3753 1156 3760 ’

704 3840 750 3885 3.
797 3833 1066 3883 Accusavit
1108 3834 1155 3884 (5.
1187 3835 1470 3885 Antonium.
1523 3840 1646 3903 Lege

628 3914 1002 3980 repetundarum
1039 3931 1102 3962 ex
1137 3917 1388 3978 provincia
1418 3918 1648 3967 Macedo-

626 3997 703 4043 nia
725 3995 990 4058 digressum
1013 3995 1063 4041 iu
1082 3994 1320 4055 judicium
1341 3997 1412 4044 sic
1432 3999 1643 4061 vocavit,

624 4088 678 4123 ut
715 4087 873 4122 tamen
904 4074 1160 4121 maximam
1184 4076 1505 4123 accusationis
1529 4093 1640 4141 par·

627 4166 748 4215 tem,
785 4169 888 4203 non
926 4153 980 4200 in
1024 4153 1430 4218 repetundarum,
1472 4155 1637 4203 sedin

1738 1868 2087 1928 coniurationis
2119 1868 2319 1917 crimine
2363 1871 2751 1934 consumpserit3

1735 1948 1871 2011 quasi
1905 1948 2147 1996 Antonius
2191 1947 2483 1998 Catilinariae
2527 1951 2753 2010 conjura·

1735 2027 1884 2074 tionis
1912 2027 2078 2075 fnisset
2104 2029 2361 2091 particeps.

1807 2115 1855 2163 4.
1883 2104 2113 2173 Benficii
2138 2104 2370 2153 memoria
2401 2102 2528 2152 m‘lnil
2545 2103 2752 2167 profuit.

1735 2184 1849 2233 Scil.
1875 2185 2140 2233 Catilinarii
2170 2184 2414 2232 exercitus
2437 2181 2613 2230 clades.
2652 2182 2750 2231 Sed

1733 2263 1977 2312 Antonius
2013 2263 2231 2310 victoria
2275 2277 2377 2309 non
2428 2261 2521 2308 fnit
2554 2273 2751 2319 auctor,

1734 2358 1822 2391 nec
1845 2341 2042 2406 quidem
2082 2356 2258 2405 pugna!
2288 2339 2448 2388 adfuit
2468 2373 2485 2399 ,
2515 2351 2575 2388 ut
2596 2352 2759 2389 narrat

1733 2422 1926 2471 Sallust.
1947 2421 2143 2470 Catilin.
2166 2437 2272 2485 cap.
2296 2421 2363 2482 59
2393 2437 2409 2468 ε
2449 2442 2477 2462 ιι
2494 2421 2643 2469 Caius
2662 2424 2760 2470 An-

1733 2503 1897 2549 tonius
1920 2499 2126 2563 pedibus
2152 2516 2293 2562 aeger.
2316 2498 2453 2562 quod
2476 2500 2652 2563 praelio
2675 2500 2761 2547 ad·

1733 2596 1835 2628 ease
1860 2579 2121 2643 nequibat,
2159 2581 2332 2627 Mamo
2368 2579 2567 2627 Petreio
2603 2579 2759 2642 legato

1733 2660 1997 2707 exercitum
2024 2658 2265 2722 permittit
2284 2680 2326 2705 ιο.

1805 2739 1856 2785 5.
1887 2735 2067 2784 Not-uit
2092 2734 2256 2800 opinio
2283 2735 2517 2803 maleficii
2543 2735 2758 2800 cogitati.

1732 2816 1914 2865 Contra
1939 2815 2284 2878 rempublicam
2304 2829 2317 2862 :
2345 2815 2611 2864 conscium
2629 2814 2758 2863 euim

1733 2905 1782 2943 et
1801 2894 2087 2958 participem
2105 2895 2458 2954 conjurationis
2481 2893 2631 2941 fnisse
2650 2909 2762 2940 ere·

1734 2974 1887 3021 ditum
1916 2983 2003 3020 est.
2021 2976 2054 3021 J
2055 2989 2131 3021 am
2148 2988 2280 3021 anno
2295 2973 2447 3020 Urbis
2464 2975 2572 3035 689
2586 2973 2762 3021 Cicero

1731 3052 1783 3099 in
1811 3063 1981 3099 senatu
2019 3054 2228 3116 graviter
2262 3052 2316 3098 in
2351 3053 2623 3100 coitionem
2649 3054 2755 3099 An·

1734 3132 1858 3178 tonii
1883 3142 1931 3178 et
1952 3131 2175 3180 catilina
2196 3131 2422 3178 invectus
2437 3144 2571 3185 eratz
2594 3130 2761 3179 habita

1735 3211 1953 3259 oratione
1986 3211 2039 3258 in
2066 3212 2201 3273 Toga
2222 3208 2458 3269 candida,
2494 3211 2608 3274 qnia
2633 3226 2763 3258 eon·

1732 3288 1942 3338 sulatum
1989 3288 2199 3352 petebat.
2238 3291 2526 3350 Fragmenta
2566 3300 2769 3338 exstant

1732 3367 1875 3428 hujus
1900 3368 2150 3415 orationis.
2168 3367 2342 3416 Cicero
2369 3368 2548 3415 consul
2580 3369 2773 3425 faetus,

1733 3457 1951 3494 metuens
1976 3462 2037 3493 ne
2056 3446 2301 3494 Antonius
2324 3445 2512 3509 collega
2540 3464 2634 3496 εκ
2666 3448 2774 3496 ob-

1734 3537 1871 3573 rutus
1896 3525 2058 3572 alieno
2084 3524 2368 3589 reipublice
2395 3539 2627 3584 noceret,
2646 3529 2777 3576 Ma·

1733 3602 1984 3651 eedoniam
2006 3604 2309 3667 provinciam
2335 3605 2551 3668 opimam
2566 3640 2583 3665 ,
2608 3623 2777 3670 quam

1733 3683 1933 3731 sortitus
1962 3694 2092 3740 erat,
2124 3683 2196 3731 illi
2222 3685 2380 3731 cessit.

1803 3762 1855 3810 6.
1885 3761 2182 3826 Palimpsest.
2205 3762 2435 3810 Ambros.
2461 3760 2595 3825 apud
2624 3759 2787 3827 Aug.

1730 3837 1946 3897 Maium,
1996 3857 2106 3905 pag.
2138 3843 2235 3900 54,
2276 3840 2461 3889 narnien*
2499 3857 2788 3904 unqua-s.

1732 3921 1782 3968 J.
1810 3922 1871 3967 V.
1912 3921 1966 3968 L.

1803 4016 1853 4059 7.
1889 4001 1950 4046 In
1999 3999 2093 4048 Ιιοσ
2107 4000 2262 4067 flexu
2304 4000 2450 4064 quusi
2487 4000 2693 4052 anatis.
2739 4001 2791 4052 A

1728 4079 1863 4127 circo
1910 4082 2305 4145 cimemibmque
2350 4082 2480 4131 ludis
2522 4082 2791 4147 allegoria

1729 4158 2007 4220 deducitur3
2025 4161 2434 4225 quemadmodum
2446 4162 2632 4226 auriga·
2648 4181 2794 4212 eon·
