2994 4778
720 422 856 503 244
1238 379 1243 387 ’
1340 415 1435 481 Μ.
1485 414 1562 480 Τ.
1616 411 2199 480 CICERONIS

715 547 811 611 M.
849 536 1077 609 Coelio
1118 530 1556 630 respublica,
1587 530 1900 625 judices,
1946 528 2123 599 duas
2157 532 2696 615 accusationeS,
2735 531 2836 600 vel

715 648 1000 721 obsides
1037 638 1405 742 periculi-¹⁵,
1441 641 1551 710 vel
1594 644 1893 737 pignora
1943 640 2350 709 voluntatis
2391 642 2642 729 Quare
2679 665 2837 723 oro,

714 758 1180 850 obtestorque
1213 775 1373 835 VOS,
1395 749 1673 844 judices
1695 804 1713 836 ,
1751 763 1830 820 ut
1865 774 2007 845 qua
2040 751 2114 819 in
2146 750 2428 819 civitate
2456 752 2712 847 paucis
2739 750 2837 820 his

716 865 972 938 diebus
1025 867 1212 933 Sext.
1260 855 1604 930 Clodius⁶
1655 857 2027 929 absolutus
2080 861 2204 946 sit,
2261 882 2481 956 quem
2536 884 2671 930 vos
2720 885 2838 958 per

713 976 1081 1048 biennium
1141 985 1262 1041 aut
1314 969 1722 1038 ministrum
1775 967 2181 1055 seditionis,
2242 983 2367 1039 aut
2422 967 2684 1040 ducem
2739 973 2838 1040 vi·

713 1086 959 1182 distis,
1009 1083 1133 1179 qui
1177 1079 1362 1150 aedes
1397 1102 1666 1164 sacras,
1713 1080 1840 1174 qui
1877 1101 2172 1148 censum
2220 1077 2474 1176 populi
2517 1083 2837 1166 romani,

715 1199 841 1292 qui
884 1191 1300 1263 memoriam
1344 1187 1705 1285 publicam
1748 1189 1895 1257 suis
1936 1186 2269 1257 manibus
2315 1188 2674 1277 incendit,
2715 1189 2840 1260 ho·

713 1309 980 1377 minem
1033 1304 1186 1373 sine
1236 1325 1312 1371 re
1331 1301 1589 1387 ⁷,·sine
1629 1297 1815 1385 fide,
1851 1300 2004 1368 sine
2041 1322 2203 1395 spe,
2245 1300 2405 1370 sine
2440 1299 2609 1371 sede
2632 1355 2652 1387 ‚
2689 1304 2838 1372 sine

713 1415 1058 1500 fortuni3‚
1096 1436 1261 1498 ore,
1300 1410 1539 1505 lingua
1566 1462 1584 1497 ,
1625 1431 1879 1491 manu,
1917 1409 2057 1477 vita
2095 1411 2294 1477 omni
2332 1410 2836 1504 inquinatum;

715 1528 842 1624 qui
898 1524 1132 1594 Catuli
1186 1533 1736 1590 monumentum
1780 1516 2069 1606 afflixit,
2120 1543 2352 1589 meam
2400 1518 2706 1590 domum
2744 1521 2838 1591 di-

712 1640 903 1720 ruit,
955 1632 1097 1701 mei
1162 1627 1397 1699 fratris
1451 1626 1810 1713 incendit;
1869 1627 1995 1722 qui
2056 1628 2132 1696 in
2185 1627 2449 1725 palatio
2505 1643 2730 1726 atque
2767 1630 2833 1698 in

715 1743 917 1815 urbis
952 1739 1179 1812 oculis
1214 1739 1494 1809 servitia
1533 1736 1621 1808 ad
1660 1736 1921 1808 caedem
1942 1789 1960 1821 ‚
1995 1751 2066 1806 et
2101 1736 2698 1809 inflammandam
2730 1765 2839 1810 ur-

714 1852 882 1925 bem
924 1849 1283 1921 incitavit:
1328 1853 1400 1917 in
1454 1871 1537 1917 ea
1581 1849 1861 1941 civitate
1911 1870 2005 1915 ne
2053 1849 2429 1943 patiamini
2478 1848 2689 1919 illum
2724 1848 2837 1918 ab·

715 1963 1030 2033 solutum
1065 1957 1395 2028 muliebri
1427 1958 1652 2053 gratia
1674 2010 1694 2043 ‚
1722 1959 1818 2026 M.
1849 1955 2155 2025 Coelium
2186 1953 2472 2027 libidini
2504 1957 2838 2029 muliebri

712 2063 1289 2155 condonatum33
1330 2093 1421 2139 ne
1456 2065 1705 2137 eadem
1741 2065 2023 2152 mulier,
2055 2090 2222 2136 cum
2258 2091 2393 2138 suo
2429 2067 2739 2163 conjuge
2769 2082 2839 2138 et

712 2183 928 2253 fratre
947 2193 1003 2268 9,
1036 2180 1528 2277 turpissimum
1567 2176 1920 2246 latronem
1954 2176 2337 2274 eripuisse,
2384 2192 2453 2249 et
2489 2177 2841 2249 honestis·

714 2297 968 2362 simum
1008 2289 1532 2361 adolescentem
1571 2286 2008 2384 oppressisse
2037 2284 2389 2357 videatur.

807 2399 1027 2493 Quod
1076 2424 1304 2495 quum
1356 2397 1570 2492 hujus
1619 2397 1911 2469 vobis¹⁰
1967 2394 2527 2468 adolescentiam
2582 2422 2838 2496 propo·

788 2648 836 2695 ⁵.
862 2643 950 2691 Vel
969 2640 1158 2689 obsides
1174 2638 1389 2702 pen'euIe'.
1413 2637 1615 2698 Fabius,
1635 2636 1727 2685 lib.
1889 2639 1942 2685 8.
1985 2635 2190 2684 Libidine·
2230 2637 2456 2687 muliebri
2494 2639 2833 2688 eoadem

719 2727 843 2782 xa,
871 2738 981 2786 cap.
1008 2738 1034 2781 7
1056 2733 1069 2766 :
1099 2740 1122 2762 ι
1147 2716 1426 2778 Creditique
1447 2725 1561 2762 sunt
1586 2715 1729 2762 etiam

717 2803 832 2850 clari
852 2802 1054 2862 juvenes
1078 2795 1297 2843 obeidem
1318 2792 1599 2857 reipublicae
1617 2794 1731 2841 dare

722 2880 954 2929 malorum
983 2877 1159 2923 civium
1190 2873 1545 2933 accusationem
1563 2907 1578 2931 ,
1617 2873 1730 2936 quia

720 2975 809 3008 uec
841 2957 1001 3006 odisse
1025 2953 1307 3017 improbos,
1346 2967 1437 2999 nec
1467 2951 1733 3000 simultates

718 3051 986 3105 provocare
1005 3072 1021 3096 ‚
1049 3033 1143 3082 uiai
1160 3049 1220 3081 ex
1233 3031 1421 3093 iudicio
1439 3031 1583 3079 bona
1605 3046 1735 3078 men·

721 3119 782 3167 tie
799 3153 815 3177 ,
838 3115 1131 3165 videbantur
1150 3135 1195 3161 ιι.

791 3199 843 3244 6.
890 3197 1025 3243 Sexe-
1062 3191 1275 3244 Clodius.
1322 3188 1734 3237 Familiariaaimua

722 3283 783 3327 Ρ.
811 3275 1004 3334 Clodii,
1040 3286 1089 3322 et
1120 3287 1378 3338 operarum
1411 3269 1514 3318 dux
1538 3267 1736 3318 Clodia·

720 3370 906 3406 narum.

793 3449 844 3492 7.
870 3430 1127 3478 Hominem
1154 3427 1260 3475 sine
1284 3441 1355 3473 re.
1385 3425 1644 3472 Lambinus
1664 3425 1733 3472 le-

723 3509 934 3573 gendum
966 3516 1130 3555 censet
1160 3504 1331 3559 homo,
1362 3513 1410 3549 et
1435 3503 1635 3550 inferius
1660 3503 1737 3552 in-

726 3586 982 3653 quinatus,
1025 3583 1138 3630 loco
1168 3578 1497 3643 inquinatum.
1527 3606 1598 3616 —
1619 3583 1735 3630 Sine

710 3667 841 3735 fide.
869 3662 929 3712 Id
948 3671 1019 3711 eat
1037 3695 1051 3716 ‚
1083 3660 1186 3707 siue
1212 3658 1419 3705 honore.
1448 3659 1653 3722 Gorgias
1683 3661 1734 3707 in

722 3741 951 3811 apologia
967 3737 1260 3788 Palamedis:
1283 3757 1309 3777 .-
1322 3738 1435 3783 vita
1453 3752 1555 3783 nou
1576 3738 1621 3785 ei
1642 3754 1735 3802 po-

724 3836 820 3876 test
856 3837 958 3870 eane
994 3818 1181 3877 vitalia,
1207 3817 1294 3880 qui
1319 3814 1464 3864 fidem
1492 3817 1735 3876 amiserim

724 3920 836 3953 nam
855 3901 941 3966 qui
958 3898 1265 3964 pecuniarum
1281 3896 1518 3957 jacturam
1543 3897 1710 3945 fecerit
1721 3931 1735 3954 ,

725 3983 812 4047 qui
836 3994 987 4043 reguo
1002 4012 1018 4036 ,
1056 3977 1141 4039 qui
1165 3976 1318 4040 patria
1345 3974 1578 4022 ceciderit
1594 4008 1610 4031 ,
1639 3976 1736 4037 pri-

729 4062 903 4110 stinam
942 4066 1104 4122 potest
1140 4069 1423 4118 recuperare
1463 4054 1732 4110 fortunam,

725 4151 773 4188 at
790 4139 874 4204 qui
896 4135 1040 4184 fidem
1058 4132 1320 4198 perdiderit
1335 4166 1349 4188 ,
1375 4147 1474 4178 non
1497 4140 1713 4194 potesta.

1818 2714 1878 2762 Id
1899 2725 2001 2776 eat,
2029 2714 2306 2763 damnatum
2322 2752 2338 2778 ‚
2372 2729 2430 2764 ut
2456 2718 2709 2767 muliebria
2733 2721 2839 2767 vin·

1819 2794 2007 2842 dicetur
2040 2793 2226 2855 libido,
2265 2796 2428 2855 furor,
2472 2797 2687 2847 infamia.
2712 2798 2838 2847 Vide

1817 2888 1962 2937 aupra
1992 2888 2102 2937 cap.
2134 2874 2214 2922 13.
2379 2873 2385 2878 ’

1891 2968 1942 3014 9.
1968 2951 2088 3000 Cum
2108 2967 2199 3000 suo
2228 2953 2440 3019 conjuge
2463 2954 2703 3021 eefiuere.
2739 2957 2842 3005 rm

1820 3033 1985 3079 Domo
2011 3043 2134 3078 aua:
2162 3031 2303 3079 «Sed
2341 3033 2460 3081 vide
2495 3051 2557 3081 ue
2585 3047 2641 3083 tu
2666 3046 2713 3083 te
2748 3035 2843 3082 de·

1820 3108 1934 3156 bean
1955 3109 2130 3157 Jovem
2151 3109 2338 3168 dicere,
2360 3113 2503 3176 quod
2521 3116 2689 3175 tujure
2708 3129 2851 3160 eam·

1822 3186 1932 3235 dem
1988 3203 2207 3236 sororem
2254 3200 2305 3237 et
2346 3207 2554 3241 uxorem
2598 3193 2849 3258 appellare

1821 3267 1979 3330 postia
1998 3287 2041 3314 n.
2089 3268 2220 3314 Hinc
2257 3266 2320 3314 ad
2360 3271 2613 3333 Atticum,
2649 3273 2724 3330 11,
2761 3270 2854 3318 bb

1822 3344 2039 3395 Clodiam
2053 3341 2284 3408 βοῶπιδα
2295 3362 2624 3412 cognomento
2634 3351 2856 3401 lunonis

1822 3425 2047 3489 appellat.

1900 3519 1977 3552 xo.
2020 3504 2169 3568 Quod
2194 3520 2340 3570 quum
2372 3507 2520 3572 liujus
2546 3512 2706 3559 vobis.
2737 3511 2858 3559 C‘ae.

1824 3581 1885 3630 de
1924 3584 2058 3630 Orat.
2093 3584 2169 3641 11,
2208 3600 2273 3633 2:
2310 3589 2469 3634 «Jam
2514 3590 2858 3637 misericordia

1823 3671 2063 3719 movetur,
2089 3662 2130 3708 ai
2156 3663 2198 3708 is
2222 3664 2308 3726 qui
2338 3665 2481 3715 audit
2496 3702 2512 3726 ,
2537 3669 2720 3718 adduci
2744 3685 2862 3734 po—

1822 3748 1939 3799 test,
1956 3751 2014 3788 ut
2030 3739 2137 3795 illa,
2174 3757 2282 3805 quae
2310 3742 2372 3791 de
2395 3745 2554 3796 altero
2593 3748 2867 3814 depluma-

1823 3827 1923 3879 tur,
1948 3818 2012 3865 ad
2034 3835 2143 3866 suaa
2166 3835 2241 3866 ree
2262 3837 2491 3884 revocet,
2515 3844 2638 3891 quaa
2663 3840 2747 3876 aut
2776 3840 2868 3876 tn-

1822 3894 1935 3944 lerit
1953 3897 2149 3945 acerbae
2164 3932 2178 3955 ‚
2210 3910 2295 3946 aut
2321 3902 2519 3968 timeat,
2538 3918 2627 3955 aut
2651 3908 2871 3954 int-em

1823 3975 2174 4033 alium,crebro
2192 3977 2255 4024 ad
2268 3995 2320 4027 ae
2334 3982 2496 4045 ipsum
2516 3996 2793 4034 revertatur
2814 4009 2869 4035 ιι.

1821 4056 1896 4101 Ex
1922 4055 2129 4104 Aristot.
2163 4057 2306 4106 Rhet.
2332 4063 2381 4108 11
2398 4096 2413 4120 ‚
2442 4080 2558 4131 cap.
2589 4070 2618 4115 8
2636 4102 2650 4124 ,
2683 4083 2711 4114 a
2735 4082 2875 4130 quo

1822 4144 2135 4181 numerantur
2173 4137 2300 4185 iuter
2329 4154 2416 4188 eoa
2445 4145 2532 4205 qui
2554 4145 2760 4193 maxime
2788 4147 2874 4193 nd
