2994 4778
617 406 758 452 aoo
1241 380 1339 447 Μ.
1387 379 1461 444 Τ.
1518 377 2104 448 CICERONIS

616 501 947 575 sanctitas
988 497 1343 596 postulat,
1390 502 1864 569 nominamus,
1913 500 2075 581 Sin,
2113 497 2246 565 ista
2287 491 2592 562 muliere
2634 516 2773 561 re-

618 626 842 696 mota,
877 632 1010 678 nec
1042 608 1313 678 crimen
1352 607 1579 677 ullum
1603 661 1622 693 ‚
1660 633 1794 677 nec
1831 631 2003 703 opes
2040 603 2129 675 ad
2163 600 2770 702 oppugnando-m

618 720 928 791 Coelium
957 717 1093 787 illis
1124 717 1627 811 relinquentur
1647 715 1743 804 ¹⁵3
1770 716 1944 813 quid
1978 730 2083 785 est
2115 712 2303 784 aliud
2325 764 2343 796 ‚
2374 709 2577 807 quod
2609 733 2776 779 nos

621 829 907 927 patroni
952 826 1179 897 facere
1221 824 1651 912 debeamm,
1695 829 1828 896 nisi
1876 840 1956 895 ut
2001 848 2165 907 eos»,
2212 823 2337 919 qui
2379 824 2775 890 insectan-

620 954 759 1025 tur,
796 934 1267 1033 repellamus?
1302 934 1502 1030 quod
1538 935 1831 1030 quidem
1871 933 2175 1004 facerem
2205 929 2721 1001 vehementius
2748 981 2772 1012 ‚

618 1048 754 1117 nisi
787 1042 1317 1116 intercederent
1351 1043 1526 1112 mihi
1563 1044 1945 1114 inimicitiae
1982 1065 2147 1112 cum
2185 1041 2388 1110 istius
2419 1038 2770 1108 mulieris

617 1158 771 1225 viro
803 1151 909 1224 ¹⁶:
956 1150 1247 1222 fratrem
1279 1153 1471 1222 volui
1502 1145 1778 1240 d'icere3
1813 1176 2103 1249 semper
2145 1150 2264 1220 hic
2297 1174 2486 1221 erro.
2528 1153 2772 1218 Nunc

618 1286 819 1360 agam
859 1260 1170 1350 modice,
1214 1285 1349 1332 nec
1386 1260 1670 1359 longius
1707 1259 2144 1360 progrediar,
2179 1284 2399 1356 quam
2430 1284 2544 1328 me
2581 1282 2772 1327 mea

620 1372 800 1443 fides
824 1425 842 1457 ,
900 1386 973 1440 et
1033 1395 1244 1441 causa
1306 1371 1457 1468 ipsa
1515 1386 1746 1469 coget.
1800 1375 2050 1467 Neque
2105 1373 2297 1440 enim
2350 1364 2770 1437 muliebres

625 1503 967 1578 umquam
1003 1480 1408 1551 inimicitias
1438 1480 1613 1550 mihi
1651 1480 1996 1578 gerendas
2030 1481 2269 1577 putavi
2297 1532 2315 1564 ‚
2350 1478 2763 1574 praesertim

623 1616 785 1663 cum
819 1615 939 1677 ea,
977 1615 1193 1686 quam
1234 1616 1485 1661 omnes
1526 1614 1808 1687 semper
1840 1594 2137 1660 amicam
2176 1588 2502 1657 omnium
2526 1596 2586 1639 ¹⁷
2629 1610 2768 1681 po-

626 1703 806 1784 tiu5‚
841 1722 1059 1794 quam
1097 1699 1522 1795 cujusquam
1558 1694 2010 1769 inimicam¹⁸
2038 1710 2491 1795 putaverunt.

721 1812 912 1879 XIV.
947 1808 1083 1879 Sed
1120 1823 1355 1878 tamen
1396 1833 1483 1879 ex
1521 1810 1672 1905 ipsa
1700 1832 2012 1905 quaeram
2049 1807 2321 1904 prius¹‚
2351 1818 2599 1875 utrum
2632 1827 2765 1872 me

628 1941 871 1987 secum
914 1941 1190 2002 severe,
1238 1933 1309 1987 et
1347 1919 1676 2013 graviter,
1710 1932 1782 1986 et
1818 1919 2049 2014 prisce
2084 1940 2291 2013 agere
2313 1925 2341 1957 ²
2384 1912 2617 1998 malit,
2656 1937 2765 1982 an

627 2030 954 2108 remisse,
985 2049 1066 2095 ac
1098 2026 1377 2113 leniter,
1412 2040 1484 2096 et
1517 2025 1814 2097 urbane.
1851 2028 1917 2097 Si
1959 2024 2081 2094 illo
2117 2039 2401 2094 austero
2430 2044 2632 2090 more
2663 2044 2763 2089 ac

631 2133 884 2220 modo,
915 2133 1176 2230 aliquis
1213 2133 1389 2204 mihi
1426 2133 1517 2205 ab
1546 2133 1789 2207 inferis
1811 2115 2235 2207 ’excitandus
2269 2128 2557 2219 est‚ex³
2584 2128 2764 2199 bar-

677 2400 681 2404 .
705 2358 783 2405 15.
810 2355 915 2404 Illis
940 2356 1285 2421 relinquentur.
1309 2357 1425 2407 Seii.
1449 2373 1647 2407 accusa-

632 2435 836 2483 toribus.

709 2516 790 2563 16.
818 2513 961 2561 Istius
981 2513 1192 2577 mulieris
1211 2513 1335 2562 viro.
1362 2517 1415 2561 P.
1444 2515 1646 2576 Clodio,

1805 2376 1852 2409 a.
1876 2359 2032 2409 Prisoe
2044 2374 2209 2423 agere.
2227 2358 2368 2405 More
2384 2355 2622 2416 majorum
2639 2354 2763 2403 vitia

1734 2440 1942 2502 graviter
1957 2437 2313 2486 insectantium.

1807 2519 1857 2565 3.
1893 2520 1974 2564 Ex
2005 2514 2217 2563 barbatis
2240 2512 2348 2561 illis.
2386 2512 2598 2564 Romani
2627 2511 2762 2558 anti·

631 2594 719 2657 qui
746 2610 857 2641 cum
894 2609 947 2641 ea
980 2610 1080 2641 rem
1113 2594 1337 2641 habuisse
1380 2594 1647 2642 dicebatur.

632 2671 915 2719 Plutarchus
946 2674 1001 2719 P.
1030 2670 1257 2722 Clodium
1285 2673 1512 2719 incestam
1539 2688 1649 2718 cum

633 2750 785 2797 tribus
823 2750 1073 2797 sororibus
1118 2750 1517 2798 consuetudinem
1559 2751 1648 2798 ha-

630 2830 790 2877 buisse
828 2830 1010 2875 scribit.
1050 2829 1179 2876 Hinc
1218 2829 1339 2877 illud
1379 2831 1550 2878 Cicero
1587 2830 1650 2877 ad

631 2910 742 2955 Div.
771 2911 831 2956 1:
861 2907 1127 2955 “Clodium
1158 2923 1255 2954 uon
1286 2908 1438 2972 pluris
1466 2910 1650 2956 Bonam

632 2991 783 3036 Deam
806 3004 949 3050 quam
978 2998 1071 3034 tres
1089 3003 1283 3035 sorores
1308 2988 1476 3035 fecisse
1495 3010 1540 3036 κ.

708 3083 727 3116 ι
740 3086 784 3129 7.
811 3068 1027 3115 Amicam
1043 3067 1269 3115 omnium.
1291 3068 1650 3117 Contumeliose

628 3147 813 3194 dictum
842 3147 900 3193 de
929 3147 1145 3195 muliere.
1177 3149 1342 3194 Amica
1371 3149 1516 3195 unius
1546 3158 1648 3193 tur-

630 3225 757 3289 piter
769 3226 1024 3288 accipitur,
1041 3237 1225 3288 quanto
1241 3228 1389 3289 magis
1404 3226 1646 3273 omnium!

707 3305 786 3350 18.
860 3305 1152 3367 &jusquam
1209 3303 1470 3351 inimicam.
1524 3304 1650 3352 Cod.

632 3381 812 3427 Erfurt.
853 3382 1080 3444 cniq1mm
1117 3379 1392 3437 inimicam,
1432 3393 1482 3428 et
1508 3385 1649 3428 Voss.

630 3459 739 3505 Sec.
754 3458 982 3505 nativum
994 3457 1253 3520 saepissime
1267 3457 1462 3504 adhibet
1478 3459 1650 3508 Cicero

633 3534 785 3583 veluti
802 3536 872 3580 lv
889 3535 935 3581 in
950 3538 1180 3592 Verrem,
1210 3536 1301 3594 5o;
1324 3550 1415 3598 pro
1436 3537 1652 3602 Milone,

637 3613 729 3671 153
752 3612 804 3657 in
828 3612 1021 3669 Lael.3,
1043 3621 1161 3659 etc:

698 3691 836 3738 xlv.
882 3704 928 3737 1.
970 3690 1056 3736 Ex
1094 3688 1203 3751 ipsa
1238 3684 1458 3751 quoeram
1489 3690 1644 3755 ptius.

626 3767 812 3815 Festive
831 3776 878 3812 et
897 3766 1139 3829 eleganter
1157 3765 1270 3813 dum
1290 3767 1441 3831 ipsius
1459 3768 1647 3819 Clodiae

624 3862 773 3909 genus
798 3845 1184 3908 reprehensionis
1210 3847 1481 3910 relinquere
1506 3849 1645 3897 vide-

624 3935 704 3971 tur
734 3924 963 3988 optioni,
990 3940 1093 3971 eam
1120 3935 1329 3989 utroque
1356 3942 1531 3991 genere
1565 3945 1643 3976 re·

626 4001 912 4066 prehendit;
957 4002 1026 4048 sie
1069 4013 1224 4050 tamen
1269 4015 1323 4051 ut
1373 4022 1423 4053 se
1460 4007 1646 4056 Clodiae

628 4078 867 4129 voluntati
888 4081 1250 4130 accommodare
1272 4082 1509 4134 videatur.

1735 2597 1899 2659 quitus
1934 2595 2129 2643 barbam
2166 2591 2463 2641 nutriebant.
2498 2594 2660 2637 Varro
2699 2589 2765 2637 de

1737 2677 1808 2724 Re
1825 2676 2017 2734 rustica,
2035 2677 2112 2722 11:
2132 2695 2156 2714 ι·
2170 2676 2410 2723 'rumores
2431 2671 2483 2718 in
2503 2670 2643 2718 Italis
2659 2670 2764 2733 pri·

1736 2771 1867 2802 mum
1894 2754 2078 2801 venisse
2104 2768 2166 2799 ex
2198 2750 2359 2800 Sicilia
2386 2749 2619 2796 dicuntur
2645 2760 2766 2811 post

1739 2835 1801 2882 R.
1832 2834 1885 2881 C.
1913 2847 2043 2879 anno
2072 2832 2170 2886 454
2190 2863 2205 2887 ,
2238 2839 2295 2875 ut
2321 2828 2557 2891 scriptum
2585 2828 2637 2874 in
2670 2843 2762 2892 pu·

1738 2911 1867 2958 blico
1891 2910 2066 2958 Ardeae
2095 2909 2145 2955 iu
2170 2907 2321 2953 literis
2346 2914 2503 2953 exstat
2526 2921 2540 2953 :
2574 2921 2764 2969 eosque

1737 2988 1994 3036 adduxisse
2021 2992 2071 3036 P.
2099 2987 2340 3034 'ricinium
2367 2986 2593 3031 Maensrn.
2621 2985 2763 3030 Olim

1738 3078 1956 3115 tonsores
1995 3081 2097 3113 non
2137 3066 2281 3111 fuisse
2307 3061 2643 3124 adsignifieaut
2671 3078 2761 3109 an-

1739 3147 1983 3210 tiquorum
2012 3153 2181 3191 statuae
2197 3176 2213 3200 ,
2239 3141 2373 3204 quod
2402 3140 2644 3204 pleraque
2669 3140 2764 3187 ha·-

1737 3225 1854 3272 bent
1888 3223 2111 3288 capillum
2152 3232 2201 3269 et
2238 3219 2435 3267 barbam
2471 3235 2693 3282 maguam
2716 3241 2763 3266 ιι.

1739 3304 1860 3364 Quae
1888 3302 2032 3349 verba
2069 3301 2213 3348 etiam
2236 3316 2264 3346 a
2291 3298 2449 3345 Plinio
2483 3298 2767 3346 referuntur

1738 3380 1822 3429 lib.
1849 3382 1976 3441 v11;
2003 3378 2133 3427 unde
2154 3377 2236 3439 fit,
2260 3389 2312 3425 ut
2333 3378 2560 3440 antiquos
2585 3378 2766 3426 cicero

1737 3475 1862 3524 saepe
1873 3458 2097 3506 barbatus
2108 3457 2386 3517 nominarit,
2394 3467 2449 3502 ut
2462 3471 2556 3518 pro
2566 3457 2766 3503 sextio:

1737 3560 1758 3582 ι
1775 3537 1929 3596 Alter,
1948 3553 1979 3585 o
2002 3536 2069 3583 dii
2088 3535 2207 3583 boni
2219 3568 2234 3592 ‚
2258 3550 2403 3597 quam
2424 3544 2549 3581 teter
2565 3534 2769 3583 incede·

1736 3616 1840 3663 bat!
1869 3632 2011 3678 quam
2033 3612 2362 3662 truculentus!
2386 3629 2532 3675 quam
2555 3613 2769 3662 terribili

1736 3694 1991 3757 adspectu!
2012 3709 2162 3740 unum
2176 3692 2384 3755 aliquem
2401 3701 2451 3739 te
2473 3707 2534 3740 ex
2547 3691 2769 3740 barbatis

1733 3772 1833 3820 inis
1854 3771 2128 3837 exemplum
2153 3770 2342 3834 imperii
2369 3771 2570 3827 veteris,
2593 3771 2769 3833 imagi·

1732 3866 1844 3898 nem
1870 3851 2174 3915 antiquitatis
2198 3849 2384 3896 diceres
2408 3848 2586 3897 intueri
2606 3870 2650 3896 -.
2679 3851 2769 3896 Li·

1734 3929 1842 3975 vius
1874 3939 2059 3988 tamen,
2089 3927 2176 3976 lib.
2212 3929 2309 3985 v1‚
2337 3926 2533 3975 videtur
2561 3928 2769 3976 inuuere

1733 4006 1866 4053 viros
1885 4006 2077 4056 tonderi
2099 4004 2357 4058 consuesse
2379 4022 2512 4054 anno
2534 4008 2768 4054 nimirum

1734 4084 1926 4134 circiter
1960 4085 2059 4146 370
2087 4102 2100 4136 :
2131 4110 2157 4129 ι
2173 4087 2300 4136 Satis
2324 4095 2520 4134 constat
2543 4100 2768 4149 nagnam
