2994 4778
677 402 819 473 610
919 427 929 436 ’

1316 400 1424 467 Μ.
1470 399 1553 465 Τ.
1607 398 2164 468 CICERONIS

676 526 836 597 dico
875 546 1008 620 pro
1055 524 1286 619 capite
1342 517 1800 614 fortunisque
1857 519 2048 614 regis
2083 544 2099 587 :
2146 518 2344 614 quod
2394 520 2627 616 ipsum
2663 524 2785 594 etsi

675 660 823 705 non
864 635 1195 729 iniquum
1243 625 1418 714 est⁶‚
1445 632 1525 699 in
1567 643 1694 698 tuo
1738 626 2114 698 dumtaxat
2147 627 2511 724 periculo,
2557 643 2787 700 tamen

674 760 781 816 est
815 750 913 816 ita
949 744 1408 825 inusitatum,
1451 762 1692 834 regem
1744 737 1997 834 capitis
2043 762 2256 808 reum
2281 762 2471 820 esse,
2515 753 2599 810 ut
2634 754 2792 811 ante

675 857 813 927 hoc
864 871 1148 952 tempus
1194 877 1343 922 non
1390 854 1481 921 sit
1517 848 1866 919 auditum.
1913 847 2195 919 Deinde
2242 858 2452 919 eum⁷
2506 873 2791 946 regem,

673 991 892 1063 quem
930 987 1188 1035 ornare
1220 975 1429 1032 antea
1463 972 1729 1030 cuncto
1758 982 1925 1028 cum
1961 971 2213 1028 senatu
2244 956 2556 1029 solebam
2577 950 2637 1046 ⁸,
2668 983 2791 1055 pro

674 1075 1040 1172 perpetuis
1099 1072 1253 1166 ejus
1324 1071 1403 1139 in
1458 1083 1779 1138 nostram
1851 1065 2427 1164 rempublicam⁹
2481 1070 2790 1152 meritis,

676 1208 869 1254 nunc
919 1195 1173 1253 contra
1225 1179 1748 1250 atrocissimum
1793 1178 2067 1247 crimen
2116 1200 2337 1274 cogor
2391 1175 2790 1250 defendere.

673 1291 1005 1376 Accedit,
1041 1302 1205 1361 ut¹⁰
1247 1302 1746 1361 accusatorum
1783 1285 2076 1358 alterius
2126 1286 2581 1374 crudelitate,
2624 1288 2792 1359 alte-

630 1406 635 1411 ’
675 1405 822 1473 rius
854 1400 1275 1497 indignitate
1306 1396 1728 1469 conturber.
1772 1394 2158 1467 Crudelem
2187 1399 2560 1468 Castorem
2583 1407 2667 1484 ¹¹,
2705 1421 2792 1467 ne

675 1513 906 1604 dicam
966 1511 1388 1582 sceleratum
1450 1521 1521 1579 et
1587 1501 1922 1603 impium!
1979 1505 2107 1601 qui
2168 1529 2397 1602 nepos
2457 1530 2666 1577 avum
2721 1509 2790 1576 in

673 1696 753 1744 Sic
778 1711 878 1742 uon
903 1693 1060 1741 multo
1086 1699 1200 1755 poet
1226 1687 1450 1738 Herode·
1475 1687 1694 1740 Palmati-

672 1777 791 1828 nus‚'
811 1789 837 1819 a
854 1769 1086 1817 'fratribua
1103 1777 1381 1827 accusatus,
1398 1777 1530 1813 trans
1548 1764 1696 1828 Alpes

671 1860 746 1897 eat
769 1849 830 1896 ab
848 1853 1069 1911 Augusto
1094 1847 1331 1911 relegatus
1344 1879 1359 1904 ‚
1380 1860 1436 1892 ac
1458 1861 1570 1909 para
1591 1847 1695 1906 ejus

680 1928 878 1976 ditionis
926 1926 976 1973 in
1016 1924 1266 1988 publicum
1305 1924 1516 1972 redacta.
1560 1924 1692 1983 nio,

680 2008 782 2054 LV.
827 2004 962 2067 Quid
988 2002 1049 2051 de
1073 2005 1249 2052 usitato
1294 2002 1444 2050 verbo
1469 2002 1694 2066 sbreume

679 2085 941 2136 dlxerimua
955 2120 971 2143 ,
996 2082 1106 2130 vide
1124 2083 1188 2130 ad
1210 2083 1486 2146 Quintiauae
1503 2098 1611 2146 cap.
1630 2098 1672 2130 1.

741 2165 791 2212 6.
818 2163 924 2210 Etsi
949 2178 1049 2210 non
1076 2161 1292 2225 iniquum
1312 2172 1405 2208 ese.
1422 2159 1694 2208 Prudenter

674 2244 789 2290 vitat
816 2241 1136 2289 offensionem
1164 2239 1390 2295 Caesaris,
1427 2239 1516 2302 qui
1548 2238 1693 2298 huJus

673 2321 912 2369 inusitatae
939 2332 989 2369 et
1013 2318 1246 2368 iuauditae
1278 2319 1558 2393 quaeatiouia
1589 2316 1692 2364 dia-

674 2412 915 2465 ceptator,
948 2409 996 2447 et
1025 2399 1178 2460 judex
1207 2400 1259 2446 iu
1285 2414 1369 2446 aua
1397 2412 1568 2451 causa.
1600 2397 1694 2444 iui-

674 2496 801 2544 quua
832 2477 986 2528 videri
1019 2487 1235 2541 poterat,
1274 2476 1392 2524 dum
1419 2492 1579 2539 regem
1614 2476 1690 2523 sui

670 2561 794 2621 juria
843 2557 1050 2615 citabat,
1092 2556 1230 2620 quasi
1274 2556 1334 2605 de
1376 2556 1536 2619 capite
1581 2570 1691 2603 reus

675 2638 855 2685 fuisset.
886 2639 987 2683 Hoc
1019 2634 1220 2684 Caesaris
1251 2630 1526 2698 exemplum
1550 2632 1692 2681 multi

674 2726 843 2778 postea
882 2714 1079 2778 sequuti
1113 2723 1263 2770 suut,
1302 2710 1347 2759 ἐι
1387 2711 1711 2774 de'regibua‘

669 2793 970 2853 iudicarunt.
1000 2792 1126 2839 Nam
1148 2792 1391 2839 Antonius
1414 2806 1573 2854 regem
1597 2791 1690 2839 Ju-

674 2872 1107 2935 doeaeAmigouum
1139 2872 1272 2917 cruci
1305 2869 1688 2931 alligatum,·fla-

674 2951 771 3014 gria
793 2949 969 2998 cecidit
987 2982 1002 3007 ‚
1041 2965 1098 2997 ac
1124 2949 1298 2996 deinde
1317 2949 1575 3012 jugulavit.
1591 2950 1687 2995 Dio

675 3030 761 3078 lib.
780 3031 969 3085 xum
990 3028 1119 3076 Plut.
1140 3028 1193 3074 in
1210 3028 1452 3086 Autoui0;
1482 3026 1685 3090 soaph.

681 3109 844 3172 Antiq.
882 3107 971 3157 lib.
999 3108 1116 3153 XV.
1156 3133 1226 3142 —
1261 3108 1320 3153 1η
1352 3117 1433 3152 tuo
1452 3106 1686 3170 periculo.

676 3176 794 3235 Nou
819 3186 985 3251 iniqua
1027 3195 1098 3232 est
1140 3183 1221 3232 illa
1268 3186 1431 3242 actio,
1455 3183 1595 3249 quod
1629 3184 1690 3231 de

674 3265 788 3313 vitu
810 3276 905 3312 tuae
930 3263 1206 3312 discrimine
1231 3257 1414 3326 agitur3
1440 3279 1549 3327 quae
1576 3278 1690 3310 cura

677 3341 943 3389 inauditam
967 3342 1093 3389 hauc
1117 3341 1291 3403 judicii
1316 3342 1521 3389 formam
1545 3356 1690 3389 excu-

676 3430 747 3467 sat
765 3430 814 3467 et
828 3419 1081 3485 permittit.

750 3514 800 3559 7.
827 3497 1014 3544 Deinde
1044 3513 1161 3545 eum
1195 3514 1376 3561 regem.
1415 3496 1545 3546 Illud
1573 3498 1694 3546 mihi

679 3576 903 3624 timorem
926 3574 1095 3632 addit,
1112 3585 1161 3622 et
1180 3574 1529 3631 turbationem,
1559 3575 1693 3638 quod

679 3657 741 3723 de
768 3671 828 3703 eo
856 3668 965 3717 rege
991 3651 1211 3700 dicturus
1235 3668 1364 3709 sum,
1392 3653 1477 3715 qui
1493 3655 1694 3702 summis

679 3747 751 3785 est
771 3731 995 3782 laudibus
1021 3746 1050 3779 a
1075 3742 1244 3778 senatu
1274 3740 1500 3789 ornatus,
1529 3729 1690 3795 digni-

680 3825 774 3861 tate
795 3829 920 3860 nova
939 3809 1224 3869 decoratus,
1254 3826 1396 3874 qua-
1424 3810 1606 3876 optime
1633 3811 1693 3859 de

678 3891 926 3956 republica
942 3889 1163 3937 meritum
1191 3889 1427 3948 videram,
1454 3907 1586 3939 nunc
1608 3909 1693 3945 au.-

681 3981 777 4018 tem
813 3970 1108 4037 atrocissima
1142 3969 1449 4017 accusatione
1485 3986 1692 4035 oppres·

680 4064 784 4097 sum
812 4063 976 4096 cerno.
1272 4060 1279 4065 ·

752 4128 803 4175 8.
834 4124 1031 4179 Lallem.
1063 4125 1273 4190 pretulit
1298 4125 1493 4174 alteram
1519 4126 1689 4174 lectio·

1780 1701 1922 1741 uem.
1948 1686 2235 1737 solebamus.
2262 1687 2459 1736 Habent
2485 1696 2691 1778 quatuor
2715 1703 2793 1736 co-

1780 1764 1910 1812 dices
1930 1766 2064 1829 reg-il.
2089 1768 2141 1815 J.
2159 1767 2227 1816 V.
2255 1767 2307 1813 1..

1850 1845 1992 1905 9.1n
2025 1856 2239 1892 nostram
2279 1844 2621 1908 reu-publiea·
2652 1847 2791 1894 πιανέ·

1778 1920 1859 1969 eis.
1895 1922 1969 1970 Dc
2008 1924 2219 1988 Rarusp.
2253 1940 2378 1987 resp.
2417 1925 2609 1986 «Quem
2645 1940 2791 1973 unum

1779 1997 2014 2048 babemus
2047 2001 2099 2049 iu
2144 2001 2263 2050 orbe
2307 2012 2544 2050 terrarum
2580 2000 2794 2051 fideli—i-
2823 2059 2828 2074 d

1777 2094 1911 2126 mum
1946 2079 2061 2130 huic
2099 2081 2329 2144 imperio,
2352 2093 2501 2146 atque
2532 2083 2793 2132 amantini·

1780 2173 1914 2206 mum
1941 2160 2095 2208 nostri
2116 2159 2368 2208 nominis·

1860 2253 1935 2287 ro.
1981 2239 2215 2298 Accedit,
2255 2249 2324 2286 ut.
2365 2240 2524 2288 Tertia
2556 2255 2699 2287 cauaa
2737 2257 2796 2290 ει

1776 2315 1999 2378 personis
2017 2328 2370 2365 accusatorum.
2382 2316 2677 2364 —Aleoeim
2697 2334 2796 2366 σνπ-

1776 2394 1991 2443 delicate.
2038 2397 2254 2445 castori·
2313 2396 2502 2444 scilicet
2523 2433 2538 2453 ‚
2586 2397 2799 2457 Deiotari

1776 2475 1967 2536 uepotia
1986 2490 2047 2522 ex
2066 2474 2192 2535 filia,
2220 2491 2331 2539 quae
2354 2475 2688 2525 Saoeoudario
2713 2492 2798 2523 uu-

1773 2565 1935 2616 paerat
1954 2589 1969 2614 ,
2004 2556 2090 2618 qui
2119 2564 2302 2619 patrem
2326 2553 2459 2603 filim
2483 2566 2699 2604 accusat.
2731 2582 2795 2592 ——

1774 2633 1984 2681 Alterius
2021 2634 2334 2699 indignitate.
2376 2632 2641 2698 Phidippi,
2679 2634 2796 2681 servi

1773 2708 2025 2772 Dejoiari,
2061 2715 2144 2777 qui
2183 2714 2244 2760 in=
2265 2712 2523 2761 dominum
2550 2712 2697 2760 audet
2721 2714 2792 2760 iu·

1770 2806 1985 2854 turgere.

1835 2876 1928 2919 ἰι.
1962 2871 2047 2918 bt
2089 2870 2139 2917 in
2179 2869 2296 2920 edd.
2339 2870 2530 2929 multia,
2575 2869 2788 2920 atde&

1776 2948 1952 2995 Castor
1973 2959 2060 2996 ese.
2084 2950 2202 3011 LV.
2227 2950 2553 3007 L.-Orator‚
2576 2966 2729 3012 quum
2747 2949 2796 2996 iu

1775 3027 2129 3076 miserationem
2142 3029 2310 3092 magis,
2325 3044 2470 3092 quam
2486 3029 2540 3076 in
2555 3028 2798 3093 quoddam

1776 3105 1910 3154 aliud
1936 3106 2284 3154 rhetoricarum
2318 3108 2498 3155 artium
2536 3124 2691 3171 geum
2722 3110 2798 3155 iu·

1777 3184 2047 3233 clinandam
2076 3187 2348 3234 orationem
2371 3186 2576 3243 videret,
2601 3188 2652 3235 id
2674 3202 2797 3251 pre·

1777 3265 1940 3313 sertim
1964 3263 2271 3313 efficiendum
2299 3276 2450 3323 curat,
2474 3277 2531 3314 ut
2550 3266 2797 3312 imminuta

1779 3342 2159 3391 adversariorum
2195 3338 2322 3403 fide,
2368 3354 2420 3391 et
2461 3344 2707 3392 concitato
2745 3343 2800 3390 iu

1779 3436 1863 3467 eos
1890 3420 2036 3479 odio,
2075 3422 2362 3483 Deiotarum
2397 3420 2574 3481 judicii
2612 3419 2801 3484 laqueis

1780 3500 2015 3559 eximere,
2065 3516 2274 3563 eumque
2315 3499 2379 3546 ab
2427 3500 2562 3546 omui
2606 3498 2802 3548 acela-'n

1778 3576 1884 3625 labe
1917 3577 2162 3627 vindicare
2199 3579 2374 3643 possit,
2416 3580 2717 3642 Cetariaque
2749 3578 2800 3625 iu

1777 3672 1888 3704 eum
1925 3655 2301 3705 benivolentiam
2344 3656 2616 3707 devocare:
2642 3657 2800 3706 statim

1779 3735 2022 3782 Castorem
2034 3735 2314 3799 periculosa!
2328 3734 2464 3783 illius
2480 3737 2804 3785 accusationis

1778 3825 2024 3861 auctorem
2050 3813 2349 3878 aggreditur,
2374 3827 2423 3862 et
2450 3831 2560 3863 eum
2595 3816 2649 3864 iu
2679 3815 2804 3863 invi·

1781 3892 1907 3939 diam
1930 3908 2030 3939 non
2053 3893 2206 3940 levem
2226 3893 2528 3941 adducturus
2559 3895 2629 3942 ait
2664 3910 2805 3942 neru-

1780 3969 1934 4018 delem
1965 3973 2213 4019 Castorem
2235 3992 2276 4020 ι.
2323 3974 2434 4036 Qua
2474 3974 2802 4038 appellatione

1778 4051 1899 4098 nihil
1926 4062 2087 4114 potest
2112 4069 2213 4101 eoae
2249 4051 2607 4117 significantius
2638 4065 2690 4102 et
2724 4068 2800 4098 ve·

1778 4127 2080 4192 hemeutiua,
2107 4148 2258 4195 quum
2298 4130 2666 4181 adoleaceutem
2707 4142 2799 4178 mu
