2994 4778
699 455 833 526 262
1343 453 1440 519 M.
1491 452 1567 518 T.
1622 449 2173 519 CICERONIS

693 580 857 648 ritia
880 631 899 664 ,
953 571 1326 672 superbia,
1378 570 1799 643 crudelitate
1854 570 2138 642 Gabinii
2154 585 2213 659 ⁹,
2263 595 2465 669 paene
2518 571 2793 646 afflictos

683 689 832 783 jam
875 699 1092 781 atque
1143 705 1427 754 eversos
1480 680 1948 779 publicanos3
1994 682 2262 777 quibus
2306 682 2607 779 quidem
2651 710 2792 770 νος,

691 800 767 868 in
817 796 930 866 his
983 793 1325 891 angustiis
1376 792 1707 878 aerarii¹⁰‚
1760 806 2001 862 tamen
2053 791 2494 863 subveniatis
2533 818 2794 865 necesse

692 920 846 993 θεῖς
891 904 1021 976 etsi
1052 905 1198 999 jam
1242 901 1486 972 multis
1537 925 1688 970 non
1729 906 2066 999 potesti5‚
2108 904 2233 998 qui
2274 922 2579 1000 propter
2620 904 2791 973 illum

689 1018 974 1089 hostem
1009 1026 1332 1094 senatus,
1364 1012 1932 1082 inimicissimum
1962 1012 2234 1083 ordinis
2262 1016 2654 1109 equestris»,
2692 1013 2796 1084 bo-

690 1122 1101 1220 norunique
1136 1123 1504 1208 omnium,
1546 1145 1695 1191 non
1734 1120 1964 1190 solum
2005 1119 2233 1208 bona,
2270 1120 2396 1191 sed
2436 1124 2644 1192 etiam
2687 1121 2795 1191 ho·

691 1250 1042 1308 nestatem
1067 1243 1088 1278 ¹
1107 1244 1126 1277 ¹
1167 1233 1406 1303 miseri
1441 1229 2045 1329 deperdiderunt:
2076 1255 2263 1328 quos
2288 1255 2441 1301 non
2471 1236 2792 1329 parcimo-

689 1348 848 1434 nia,
900 1370 1049 1415 non
1101 1343 1589 1429 continentia,
1642 1366 1792 1411 non
1843 1342 2101 1427 virtus,
2161 1366 2311 1411 non
2370 1340 2612 1429 labor,
2660 1366 2792 1411 non

687 1453 1033 1554 splendor
1076 1455 1262 1524 tueri
1311 1453 1551 1549 potuit
1600 1465 1851 1522 contra
1900 1451 2088 1522 illius
2130 1451 2494 1523 helluonis
2530 1468 2599 1523 et
2635 1477 2794 1549 prae-

688 1563 900 1635 donis
950 1560 1339 1633 audaciam.
1394 1559 1637 1651 Quid?
1688 1561 1813 1657 qui
1859 1584 1934 1630 se
1981 1564 2194 1632 etiarn
2246 1587 2444 1632 nunc
2482 1561 2794 1632 subsidiis

692 1673 1145 1772 patrimonii,
1208 1684 1331 1741 aut
1380 1673 1777 1741 amicorum
1829 1669 2337 1741 liberalitate¹²
2377 1684 2794 1753 sustentant,

688 1781 824 1852 hos
868 1783 1104 1879 perire
1152 1780 1554 1876 patiemur?
1602 1785 1749 1866 An,
1801 1783 1859 1852 si
1898 1783 2023 1877 qui
2062 1779 2204 1850 frui
2250 1779 2625 1879 publico¹³
2666 1806 2793 1850 non

689 1893 927 1991 potuit
967 1914 1100 1988 per
1143 1890 1424 1961 hostem
1450 1946 1468 1977 ‚
1522 1890 1638 1960 hic
1686 1894 1949 1989 tegitur
1985 1893 2135 1988 ipsa
2177 1892 2333 1989 lege
2373 1890 2796 1963 censoria¹⁴z

688 2026 907 2099 quem
958 2002 1018 2072 is
1067 2000 1210 2072 frui
1246 2027 1396 2071 non
1434 2002 1602 2071 sinit
1628 2054 1647 2088 ‚
1686 2006 1814 2098 qui
1866 2015 2008 2089 est,
2061 2002 2337 2072 etiamsi
2386 2028 2537 2073 non
2572 2000 2796 2099 appel·

687 2111 898 2198 latur,
937 2112 1199 2196 hostis,
1245 2111 1415 2181 huic
1456 2108 1628 2182 ferri
1663 2111 2006 2181 auxilium
2051 2136 2203 2181 non
2247 2113 2574 2209 oportet?
2607 2112 2796 2181 Reti·

690 2238 853 2293 nete
891 2223 1106 2320 igitur
1128 2218 1189 2264 ¹⁵
1232 2223 1308 2292 in
1352 2224 1723 2319 provincia
1759 2220 2027 2292 dlutius
2064 2245 2231 2291 eum
2258 2275 2277 2308 ,
2317 2222 2450 2318 qui
2486 2221 2569 2292 de
2600 2220 2797 2292 sociis

687 2388 912 2438 seviebat
946 2387 1158 2450 bellum,
1196 2400 1245 2437 et
1286 2398 1388 2437 tota
1419 2398 1601 2436 vastata
1636 2399 1709 2436 est

689 2468 879 2518 Judaen.

759 2563 809 2609 9.
857 2543 956 2593 Sed
991 2545 1223 2593 avaritia.
1246 2579 1258 2591 .
1281 2578 1294 2591 .
1335 2544 1547 2594 Gabinii.
1591 2546 1707 2594 Nou

688 2626 807 2674 mihi
855 2627 1044 2672 animus
1080 2636 1151 2672 est
1193 2624 1454 2671 Gabinium
1507 2624 1557 2671 in
1600 2623 1707 2670 aliis

687 2720 892 2769 purgare
910 2740 924 2762 ,
953 2703 1038 2750 sed
1066 2703 1115 2750 in
1145 2702 1459 2765 vectigalibus
1485 2702 1630 2749 nudis
1658 2714 1707 2750 et

690 2783 921 2831 famelicis
969 2780 1229 2829 liberandis
1279 2797 1378 2828 sese
1428 2784 1704 2829 Romnum

690 2863 868 2926 gessit3
907 2861 1081 2909 Cicero
1122 2869 1281 2907 autem
1327 2875 1417 2907 nec
1457 2861 1571 2918 irae,
1614 2874 1704 2907 nee

688 2942 867 3005 linguat
897 2940 1060 3004 potuit
1098 2954 1310 3003 unquam
1337 2951 1633 3003 temperare,
1656 2950 1705 2986 et

688 3021 877 3069 foveam
909 3020 1010 3084 ipse
1045 3018 1249 3066 sulcavit
1284 3019 1335 3066 in
1365 3034 1457 3083 qua
1485 3018 1706 3082 sepultus

690 3111 777 3150 est.
1360 3101 1366 3114 ⁸

684 3225 690 3233 ,
767 3193 843 3225 ιο.
860 3177 916 3224 1η
936 3174 1010 3224 Itis
1029 3175 1268 3243 angustiis
1288 3174 1472 3226 oemrit‘.
1481 3175 1706 3225 Vatinius

689 3256 910 3304 tribunus
938 3257 1095 3321 plebis
1127 3273 1189 3306 ex
1215 3258 1383 3306 aerario
1409 3256 1704 3321 stipendium

691 3335 868 3382 Caesari
918 3336 971 3382 in
1021 3337 1408 3400 quinquennium
1471 3336 1702 3400 erogavit.

689 3411 891 3460 Clodius
929 3416 1125 3461 trientes
1161 3426 1207 3460 et
1238 3416 1454 3462 semisses
1494 3417 1705 3474 remisit,

689 3506 784 3554 qna
815 3491 917 3554 lege
952 3492 1119 3553 quinta
1163 3507 1317 3555 prope
1350 3508 1461 3555 pars
1496 3495 1704 3556 vectiga-

688 3568 807 3617 lium
829 3568 1016 3617 sublata
1038 3580 1135 3625 est,
1157 3585 1184 3615 e
1203 3568 1379 3631 quibus
1393 3571 1494 3630 jam
1515 3572 1704 3618 tertiam

689 3660 873 3711 partem
896 3646 1053 3695 Caesar
1071 3663 1199 3694 anno
1219 3648 1464 3710 superiore
1484 3648 1704 3698 detraxe·

688 3739 777 3776 rat.
814 3726 955 3773 Adde
997 3726 1248 3789 pecuniam
1287 3742 1385 3773 non
1423 3726 1582 3773 solum
1619 3729 1704 3775 sti·

688 3806 853 3870 pendii
875 3842 889 3865 ,
943 3806 1028 3853 sed
1083 3806 1227 3854 etiam
1280 3806 1452 3853 vaserii
1507 3808 1703 3854 nomine

688 3887 850 3932 Pisoni
872 3896 918 3932 et
938 3881 1148 3933 Gabinio
1168 3884 1472 3946 attributam,
1497 3897 1591 3934 etc.

765 3981 846 4014 ιι.
894 3968 1218 4014 Honestatem.
1267 3966 1326 4013 Id
1373 3978 1478 4026 est,
1523 3983 1703 4016 nomen

688 4045 863 4109 equitis
889 4044 1075 4092 romani
1097 4056 1145 4092 et
1170 4045 1451 4108 dignitatem
1478 4047 1703 4111 perdere,

683 4126 735 4173 in
783 4125 894 4172 soro
937 4139 1038 4172 nou
1085 4138 1228 4188 posse
1277 4128 1569 4187 consistere,
1612 4141 1701 4173 uec

684 4203 848 4252 locum
873 4219 1013 4252 suum
1035 4203 1176 4252 tueri.

1869 2403 1948 2437 xa.
1978 2391 2275 2438 &attentatum
2304 2382 2572 2437 sustentari
2596 2401 2642 2438 et
2671 2388 2803 2436 susti·

1793 2468 1895 2516 neri
1920 2467 2148 2516 dicuntur
2165 2469 2525 2533 qui,intrieatis
2550 2468 2797 2516 rationibus

1792 2547 1842 2594 in
1883 2547 1991 2595 soro
2010 2582 2027 2606 .,
2068 2559 2151 2596 aut
2194 2548 2431 2596 exercitio
2474 2549 2766 2612 vectigalium
2782 2581 2795 2600 ,

1791 2625 2107 2674 nibilominus
2136 2627 2213 2675 vel
2241 2627 2553 2675 adminiculis
2585 2629 2795 2692 patrimo·

1791 2705 1891 2763 nii,
1926 2705 2002 2753 vel
2042 2707 2309 2754 amieomm
2353 2706 2639 2754 liberalitate
2677 2722 2801 2754 suam

1790 2795 1989 2833 tuentur
2012 2787 2329 2834 honestatem.
2369 2787 2465 2834 Pro
2490 2787 2686 2834 Rabirio
2712 2788 2802 2832 Po·

1790 2874 1952 2911 stumo
1985 2880 1998 2913 :
2041 2887 2066 2907 e«
2089 2866 2311 2927 Equitem
2356 2881 2633 2913 romanum.
2654 2900 2668 2911 .
2688 2900 2702 2913 .
2735 2864 2799 2910 la·

1790 2943 1983 2990 bentem
2011 2944 2234 3006 excepit,
2267 2958 2497 2991 corruere
2530 2961 2627 2991 non
2663 2944 2802 2998 sivit,

1790 3023 1922 3069 fulsit
1944 3033 1993 3070 et
2019 3024 2246 3070 sustinuit
2269 3039 2348 3080 re,
2375 3024 2598 3080 fortuna,
2620 3022 2714 3071 fide
2730 3044 2769 3068 -.

1868 3103 1948 3150 13.
1972 3100 2088 3148 Frui
2098 3101 2308 3166 publiaeto.
2328 3102 2443 3159 Est,
2466 3104 2643 3151 fructus
2662 3101 2808 3148 vecti·

1790 3180 1965 3245 galium
1992 3182 2299 3246 publicorum
2327 3183 2436 3230 sine
2468 3183 2805 3247 impedimento

1788 3261 2054 3325 percipere.

1866 3346 1946 3393 ¹4·
1976 3341 2099 3404 Lege
2123 3338 2364 3387 censoria.
2414 3341 2715 3394 «censores,
2758 3348 2814 3384 ut

1790 3433 1954 3481 agrum
1986 3418 2235 3481 publicum
2268 3418 2529 3467 fruendum
2572 3418 2813 3472 locarent,

1787 3513 1851 3544 ex
1870 3498 2156 3545 auctoritate
2179 3509 2375 3562 patrum
2394 3498 2551 3546 latum
2571 3497 2633 3544 ad
2657 3512 2817 3560 popu·

1787 3577 1889 3624 lum
1916 3587 1987 3624 est
2008 3599 2050 3626 ιι.
2079 3577 2274 3636 Livius,
2319 3577 2409 3626 lib.
2442 3578 2658 3625 XXVII.
2691 3575 2819 3622 Cen·

1787 3670 1919 3702 sores
1943 3656 2117 3719 quinto
2138 3672 2270 3704 anno
2290 3656 2520 3704 auctione
2553 3655 2822 3702 constituta

1786 3733 2057 3798 publicanis
2076 3735 2325 3798 vectigalia
2340 3736 2490 3784 certis
2508 3734 2823 3800 pactionibus

1790 3812 2031 3863 locab‘ant.
2074 3816 2140 3862 Ea
2178 3814 2435 3863 dicebatur
2463 3816 2539 3862 lex
2564 3814 2822 3868 censoria,

1790 3891 1843 3939 id
1888 3902 1958 3940 est
1979 3911 1998 3950 ‚·
2044 3894 2175 3941 aetio
2192 3931 2208 3955 ,
2257 3904 2454 3957 pactum
2475 3927 2489 3948 ,
2539 3903 2827 3939 contractus

1790 3986 2041 4018 censorum
2062 3988 2171 4018 cum
2188 3971 2463 4036 publicanis
2476 3972 2582 4031 jure
2601 3971 2791 4017 sactus.

1867 4051 1945 4099 15.
1982 4051 2195 4099 Retinet(-
2219 4051 2381 4116 igitur.
2415 4049 2689 4099 Concessio
2727 4051 2830 4097 ino·

1792 4129 1914 4176 nica.
1950 4129 2016 4177 Ut
2043 4146 2135 4194 pro
2161 4131 2352 4178 Domo:
2378 4154 2403 4172 ιι
2425 4129 2637 4177 Probate
2668 4146 2831 4193 genus

1791 4205 2085 4270 adoptionis.
2107 4210 2214 4257 Jam
2252 4211 2467 4258 omnium
2490 4223 2625 4255 sacra
2664 4209 2829 4259 inter·
