2994 4778
693 424 1082 492 ORATIO
1130 426 1337 493 PRO
1387 427 1459 493 P.
1526 425 1927 497 SEXTIO.
2222 424 2366 511 ,105

248 543 574 613 excitare.
632 545 975 614 Attamen
1020 541 1224 614 facile
1266 559 1413 628 est,
1471 569 1700 640 quum
1745 546 1818 616 id
1858 545 1978 634 fit,
2015 548 2364 644 quemad-

247 650 586 737 modum,
626 666 703 722 et
737 677 780 722 a
826 651 1093 748 quibus
1133 652 1297 739 fiat,
1338 669 1411 724 et
1442 653 1622 749 quid
1660 656 1937 751 integra
1976 657 2365 730 multitudo

247 760 476 847 faciat,
504 760 780 832 videre.
816 763 1013 852 Quid
1041 787 1175 859 ego
1202 788 1397 835 nuuc
1433 764 1667 835 dicam
1685 818 1705 846 ‚
1733 763 2001 861 quibus
2022 768 2216 854 viris,
2241 782 2369 840 aut

241 874 346 941 cui
392 875 660 969 generi
702 873 966 943 civium
1023 875 1327 945 maxime
1379 872 1957 973 applaudatur³?
2005 882 2363 951 neminem

234 996 557 1052 vestrum
595 978 800 1051 fallit.
839 984 944 1053 Sit
980 981 1117 1054 hoc
1154 1008 1325 1054 sane
1365 983 1607 1073 leve43
1657 983 1856 1082 quod
1896 1010 2046 1057 non
2079 987 2179 1057 ita
2217 1003 2322 1059 est
2347 1041 2368 1074 ,

232 1093 589 1187 quoniam
636 1092 916 1189 optimo
948 1096 1213 1189 cuique
1246 1095 1698 1191 impertitur:
1737 1095 1860 1165 sed
1882 1150 1904 1181 ,
1941 1096 2002 1165 si
2039 1109 2146 1167 est
2185 1095 2373 1183 leve,

232 1198 520 1271 bomini
571 1201 775 1296 gravi
811 1202 967 1273 leve
1007 1217 1155 1290 est3
1193 1203 1259 1273 ei
1307 1228 1515 1291 vero,
1550 1206 1678 1301 qui
1718 1201 2032 1301 pendet⁵
2074 1229 2114 1275 a
2154 1203 2371 1276 rebus

232 1308 655 1397 levissimiS,
683 1311 814 1407 qui
848 1336 1140 1383 rumore
1161 1366 1182 1400 ‚
1202 1327 1275 1384 et
1301 1313 1421 1409 (ut
1455 1314 1592 1411 ipsi
1617 1310 2367 1410 loquuntur⁶)favore

234 1420 499 1518 populi
534 1434 834 1491 tenetur
869 1435 944 1492 et
981 1420 1305 1513 ducitur,
1359 1422 1688 1521 plausum
1727 1425 2370 1513 immortalitatem,

237 1529 536 1601 sibilum
610 1544 924 1602 mortem
981 1531 1206 1604 videri
1263 1558 1556 1606 necesse
1618 1550 1746 1606 est.
1812 1539 1916 1606 Ex
1977 1551 2048 1608 te
2110 1537 2369 1633 igitur,

235 1642 502 1711 Scaure
519 1652 578 1726 ⁷,
600 1642 1056 1737 potissimum
1085 1667 1333 1739 quaero
1353 1698 1373 1731 ,
1402 1646 1530 1741 qui
1550 1643 1762 1716 ludos
1793 1647 2369 1743 apparatissimos

235 1748 1135 1849 magnificentissimosque
1183 1750 1446 1838 fecisti,
1493 1755 1737 1851 ecquis
1786 1758 2085 1825 istorum
2133 1779 2369 1853 popu-

235 1859 501 1931 larium
522 1854 558 1906 ⁸
597 1873 765 1931 tuos
791 1861 1001 1932 ludos
1034 1859 1479 1959 adspexerit3
1522 1867 1769 1960 ecquis
1795 1887 1871 1935 se
1908 1862 2188 1936 theatro
2238 1888 2371 1961 po-

239 1971 567 2067 puloque
595 1993 903 2040 romano
931 1972 1388 2042 commiserit.
1417 1978 1580 2069 Ipse
1609 1972 1761 2045 ille9
1780 1974 2083 2043 maxime
2109 1972 2371 2059 ludiuS,

240 2105 382 2150 non
416 2081 665 2150 solum
694 2092 1079 2175 spectator,
1105 2079 1232 2150 sed
1265 2095 1467 2151 actor
1493 2096 1565 2151 et
1593 2105 1942 2166 acroama,
1971 2082 2102 2178 qui
2132 2085 2370 2152 omnia

242 2192 503 2260 sororis
543 2187 862 2260 embolia
917 2189 1156 2276 novit,
1204 2190 1332 2286 qui
1371 2193 1447 2260 in
1495 2207 1762 2263 coetum
1810 2192 2188 2263 mulierum
2237 2216 2369 2289 pro

244 2300 521 2397 psaltria
551 2309 620 2343 ¹⁰
662 2295 1085 2387 adducitur,
1121 2322 1257 2370 nec
1295 2312 1459 2371 tuos
1508 2298 1718 2372 ludos
1751 2299 2082 2400 adspexit
2123 2300 2199 2372 in
2239 2300 2364 2371 illo

317 2560 370 2614 3.
400 2565 625 2614 nasim
657 2562 1004 2628 applaudamr.
1051 2563 1265 2611 Verbum

242 2642 366 2691 illud
403 2645 683 2691 unanimem
735 2642 905 2706 populi
946 2658 1263 2703 eonsensum,

1352 2586 1379 2607 ιι
1397 2567 1468 2613 Te
1482 2599 1499 2623 ,
1533 2565 1693 2629 inquit
1711 2598 1728 2625 ,
1750 2565 1992 2613 bominem
2009 2600 2025 2624 ‚
2059 2576 2116 2613 nt
2141 2580 2275 2613 nnnc
2298 2564 2373 2611 lo·

1352 2655 1590 2708 quantur,
1616 2643 1854 2692 urbanum
1873 2666 1915 2691 u.

242 2739 341 2771 non
374 2738 511 2770 ntus
543 2737 669 2771 vero
701 2730 750 2769 et
777 2721 928 2769 exiles
957 2720 1155 2786 plausus
1189 2722 1265 2768 in-

240 2801 382 2936 ‘¹¹³¹-
392 2884 508 2930 Boc
531 2895 658 2926 sane
688 2878 803 2928 Im.
840 2880 916 2928 Sit
942 2879 1141 2944 plansna
1164 2893 1267 2926 non

238 3134 389 3184 qnam
420 3117 553 3163 enim
585 3132 680 3162 rem
713 3117 908 3163 maximi
937 3116 1172 3174 aestimat,
1205 3132 1265 3165 ex

240 3216 290 3247 ea
311 3200 424 3263 ipsa
448 3211 534 3253 rs,
551 3194 646 3242 boe
662 3208 758 3254 est,
780 3211 842 3243 ex
869 3196 1040 3260 populi
1066 3196 1262 3260 plausu,

239 3286 532 3341 argumento
550 3274 700 3324 ducto
712 3310 727 3335 ,
742 3276 1023 3341 popularem
1042 3290 1145 3323 non
1163 3290 1265 3322 ease

242 3355 523 3404 coufirmat.

302 3437 353 3482 6.
386 3436 455 3480 Ue
475 3432 575 3496 ipsi
594 3432 876 3495 loquuntur.
905 3435 1079 3495 Fauor,
1105 3444 1154 3481 et
1179 3450 1264 3480 ut·

241 3513 424 3569 kaus,
461 3512 713 3560 Ciceronis
747 3521 886 3559 atate
925 3527 1052 3559 nova
1090 3511 1266 3573 fuisse,

244 3608 326 3640 nee
350 3603 468 3639 ante
500 3592 675 3638 usitata
692 3622 708 3647 ‚
741 3590 909 3637 asserit
935 3590 1266 3653 Quintilianus

244 3669 364 3719 libro
389 3672 530 3730 111,
561 3684 672 3731 cap.
701 3669 764 3716 3:
796 3669 960 3731 itaque
986 3669 1185 3727 Cicero,
1211 3678 1268 3715 ut

251 3763 415 3795 novam
442 3748 712 3796 dictionem
741 3748 963 3795 videatur
979 3763 1238 3811 agnoscere
1252 3783 1269 3808 ,

255 3827 382 3889 quai
398 3844 445 3874 se
463 3843 704 3875 excusans
726 3826 812 3886 ait,
828 3849 854 3869 ιι
869 3827 937 3875 Ut
956 3827 1047 3891 ipsi
1064 3827 1269 3891 loquun-

254 3915 336 3951 tur
353 3926 393 3961 ι,
416 3907 448 3953 ii
467 3907 680 3966 scilicet,
699 3907 784 3970 qni
804 3923 833 3953 a
851 3905 995 3953 rebus
1017 3905 1268 3954 levissimis

252 3983 481 4047 pendent,
527 3987 615 4049 qni
650 3984 826 4050 populi
863 3985 1059 4048 gratiam
1095 3983 1268 4049 quavis

252 4073 351 4110 arte
380 4076 684 4129 aucupantur
718 4078 734 4113 ε
773 4064 846 4111 sic
883 4064 935 4110 in
966 4064 1170 4129 epistola
1205 4062 1270 4111 ad

255 4141 348 4206 Ap.
363 4143 624 4191 Pulchrum
639 4179 655 4205 ,
681 4158 860 4192 naurns
882 4157 1008 4190 nova
1027 4143 1241 4191 dictione
1254 4175 1270 4202 ,

1427 2740 1476 2785 7.
1502 2727 1697 2772 Scauro.
1717 2723 1940 2771 AEdilitas
1959 2722 2126 2770 Scauri
2148 2720 2374 2785 publicos

1351 2819 1510 2851 mores
1536 2802 1735 2850 omnino
1759 2804 1857 2850 fere
1881 2800 2226 2866 pessumdedit.
2262 2801 2372 2848 Hoc

1351 2881 1538 2930 Plinius
1577 2892 1800 2938 testatur,
1837 2897 1988 2945 quum
2025 2880 2085 2928 de
2119 2878 2248 2928 ludis
2276 2879 2374 2928 illis

1350 2960 1496 3007 verba
1518 2960 1632 3008 facit
1644 2994 1661 3020 ,
1679 2959 1956 3024 Sullamque
1975 2961 2068 3018 ait,
2092 2959 2372 3023 reipublice

1249 3071 1266 3096 ,
1351 3056 1452 3087 non
1482 3050 1580 3087 tam
1612 3055 1754 3103 grave
1795 3040 1974 3087 vulnus
2010 3039 2227 3086 intulisse
2258 3055 2378 3103 pro·

1351 3117 1698 3182 scriptionibus
1714 3152 1727 3173 ,
1743 3134 1889 3180 quam
1906 3133 2058 3181 quum
2076 3128 2255 3164 tantam
2275 3118 2374 3163 vim

1352 3190 1574 3252 pecuniae
1603 3202 1780 3250 genero
1811 3204 1901 3234 suo
1938 3187 2215 3234 transmisit.
2261 3186 2376 3250 Legi

1353 3277 1518 3331 potest
1536 3265 1624 3314 lib.
1647 3267 1871 3313 XXXVI
1888 3263 2030 3329 quale
2046 3265 2191 3313 fuerit
2207 3265 2376 3314 Scauri

1353 3347 1611 3396 theatrum.
1636 3347 1737 3396 Vix
1761 3346 1990 3395 credibile
2015 3358 2088 3396 est
2114 3347 2257 3395 unius
2280 3346 2375 3395 viri

1352 3445 1471 3493 opes
1488 3462 1504 3486 ,
1532 3438 1607 3476 tot
1629 3440 1676 3476 et
1700 3438 1831 3476 tanta
1856 3426 2129 3491 protulisse.

1424 3509 1473 3557 8.
1519 3511 1727 3555 Istorum
1766 3506 2094 3570 popularium.
2143 3506 2377 3570 Quamvis

1352 3586 1610 3650 populares
1630 3586 1786 3635 videri
1809 3586 2055 3634 studerent
2069 3621 2086 3643 ,
2121 3585 2184 3632 ad
2209 3585 2352 3634 ludos
2370 3621 2387 3648 ‚

1353 3664 1606 3714 sibilorum
1633 3677 1762 3714 metu
1783 3698 1799 3725 ,
1827 3667 1897 3713 ire
1924 3681 2025 3713 non
2048 3665 2151 3713 ausi
2175 3675 2309 3714 sunt.

1422 3763 1472 3809 9.
1503 3748 1611 3810 Ipse
1637 3747 1731 3795 ille.
1755 3749 1812 3794 P.
1845 3745 2066 3794 Clodius.
2105 3772 2172 3782 —
2195 3745 2375 3794 Ludius

1356 3824 1606 3872 dicebatur
1625 3824 1711 3888 qui
1739 3825 1790 3869 in
1812 3823 2000 3871 theatro
2025 3823 2273 3887 psallebat.
2301 3852 2375 3863 —

1354 3906 1624 3951 Aematna.
1647 3903 1970 3950 Recitatorem
1988 3901 2240 3964 significat.

1431 3996 1511 4029 xo.
1552 3984 1644 4027 Pro
1682 3979 1909 4044 psaltria.
1946 3980 2135 4029 Alludit
2174 3981 2238 4029 ad
2281 3982 2377 4029 boe

1355 4060 1521 4110 Clodii
1565 4061 1773 4119 sactum,
1803 4076 1952 4124 quum
1987 4060 2198 4124 psaltria
2247 4068 2381 4107 veste

1355 4139 1555 4189 indutus
1569 4174 1586 4199 ‚
1607 4138 1663 4188 in
1685 4138 1884 4188 domum
1899 4137 2099 4188 emti·
2119 4151 2208 4200 per
2228 4137 2377 4183 Bono
