2994 4778
596 406 732 499 392
1240 404 1335 468 Μ.
1387 404 1464 469 Τ.
1518 404 2087 470 CICERONIS

595 548 968 609 enumero,
995 523 1120 618 qui
1149 519 1279 590 tibi
1307 518 1589 591 obviam
1613 546 1764 592 non
1798 521 2169 591 venerint?
2199 518 2412 590 dico9
2441 523 2743 591 venisse

596 659 798 731 paene
830 637 1234 721 neminem,
1281 657 1375 704 ne
1416 633 1505 703 de
1541 632 2060 703 officiosissima
2092 629 2390 725 quidem
2428 633 2742 700 natione

594 743 1174 830 candidatorum,
1223 767 1450 840 quum
1514 742 1728 836 vulgo
1779 755 2047 828 essent,
2087 754 2171 810 et
2223 739 2344 808 illo
2402 744 2612 836 ipso,
2667 756 2745 811 et

597 857 843 929 multis
887 871 1053 928 ante
1097 856 1387 945 diebus,
1428 856 1782 926 admoniti
1820 868 1892 925 et
1939 857 2189 950 rogati.
2224 853 2604 950 Togulae¹⁰
2656 856 2742 924 li-

596 967 916 1039 ctoribus
955 968 1041 1038 ad
1086 982 1371 1064 portam
1408 980 1670 1064 praesto
1705 962 2044 1034 fuerunt:
2075 960 2338 1058 quibus
2377 963 2482 1032 illi
2530 988 2743 1034 acce·

597 1080 775 1173 ptis,
843 1078 1085 1173 sagula
1130 1076 1570 1169 rejecerunt,
1607 1089 1680 1144 et
1730 1087 2083 1143 catervam
2138 1073 2558 1168 imperatori
2597 1098 2740 1143 suo

594 1211 853 1257 novam
909 1185 1396 1283 praebuerunt.
1448 1186 1563 1254 Sic
1626 1188 1792 1268 iste,
1846 1197 2051 1259 tanto
2108 1183 2469 1267 exercitu,
2529 1197 2736 1251 tanta

596 1296 999 1392 provincia,
1038 1295 1348 1365 triennio
1377 1308 1580 1390 post,
1621 1293 2129 1363 Macedonicus
2170 1296 2601 1388 imperator,
2649 1293 2732 1361 in

595 1404 853 1475 urbem
889 1428 963 1475 se
1005 1403 1289 1490 intulit,
1332 1417 1414 1473 ut
1442 1403 1712 1473 nullius
1740 1404 2205 1498 negotiatoris
2235 1400 2733 1471 obscurissimi

502 1496 508 1503 ’
593 1513 868 1585 reditus
917 1539 1258 1610 umquam
1300 1511 1520 1585 fuerit
1552 1513 1922 1584 desertior.
1964 1518 2052 1582 In
2097 1536 2246 1608 quo
2289 1535 2405 1581 me
2446 1525 2730 1597 tamen,

599 1629 728 1719 qui
769 1641 954 1695 esset
1006 1640 1295 1722 paratus
1342 1624 1432 1694 ad
1484 1649 1560 1696 se
1614 1622 2185 1709 defendendum,
2232 1621 2726 1719 reprehendit.

597 1738 839 1824 Quum
900 1757 1035 1827 ego
1100 1734 1629 1804 Coelimontana
1689 1748 1895 1830 porta
1950 1734 2282 1803 introisse
2345 1732 2725 1813 dixissem,

598 1844 987 1940 sponsione
1020 1868 1138 1914 me
1157 1854 1241 1928 ¹¹,
1270 1845 1348 1913 ni
1376 1843 1783 1939 Esquiliana
1809 1844 2196 1922 introisset,
2225 1841 2448 1912 homo
2476 1866 2727 1938 protn-

600 1954 964 2048 ptissimus
1007 1952 1360 2023 lacessivit
1400 1980 1416 2022 :
1457 1956 1663 2050 quasi
1703 1976 1876 2022 vero
1915 1950 1986 2020 id
2021 1966 2146 2021 aut
2185 1975 2318 2047 ego
2366 1952 2550 2021 scire
2598 1951 2724 2021 de-

598 2062 920 2150 buerim,
961 2077 1086 2133 aut
1123 2078 1438 2133 vestrum
1478 2063 1838 2159 quispiam
1889 2059 2228 2144 audierit,
2273 2076 2396 2130 aut
2432 2063 2521 2131 ad
2569 2086 2719 2131 rem

599 2176 982 2267 pertineat,
1037 2198 1181 2269 qua
1227 2187 1307 2242 tu
1359 2187 1570 2270 porta
1614 2173 2006 2258 introieris,
2063 2170 2283 2241 modo
2336 2196 2429 2240 ne
2470 2176 2723 2241 triurn-

597 2284 910 2381 phaliz23
947 2311 1108 2381 quae
1133 2302 1340 2383 porta
1356 2287 1838 2357 Macedonicis
1859 2309 2145 2382 semper
2174 2284 2728 2382 proconsulibus

598 2409 764 2465 ante
809 2411 877 2466 te
915 2400 1171 2494 patuit.
1215 2403 1323 2467 Tu
1364 2401 1700 2468 inventus
1728 2421 1839 2483 eS,
1873 2397 2000 2492 qui
2030 2397 2385 2466 consulari
2421 2398 2726 2494 imperio

597 2505 967 2602 praalum,
1006 2533 1094 2579 ex
1134 2508 1558 2579 Macedonia
1592 2532 1743 2585 nou
1789 2507 2288 2605 triumphares,

699 2621 960 2687 XXIV.
1012 2621 1107 2686 At
1156 2617 1482 2702 audistis,
1538 2632 1776 2712 patres
1834 2619 2256 2714 conscripti,
2308 2616 2727 2715 philosophi

597 2749 849 2796 vocem
888 2738 936 2796 ¹.
1018 2731 1320 2822 Negavit
1389 2751 1463 2797 se
1530 2726 1878 2824 triumphi
1958 2726 2302 2824 cupidum
2378 2735 2726 2825 umquam

595 2833 834 2906 fuisse.
874 2839 937 2904 O
981 2837 1278 2921 scelus²,
1323 2863 1368 2906 o
1409 2840 1667 2932 pestiS,
1703 2862 1747 2906 o
1784 2835 2013 2907 labes!
2063 2862 2288 2932 quum
2319 2840 2724 2934 exstingue·

596 2943 724 3016 bas
756 2942 1154 3031 senatum³‚
1192 2945 1555 3017 vendebas
1585 2948 2126 3016 auctoritatem4
2175 2946 2388 3042 hujus
2424 2947 2727 3034 ordiniS,

1707 3075 1837 3124 ditus
1852 3055 2056 3141 imperio
2070 3094 2133 3124 ex
2147 3077 2436 3125 Macedonia
2451 3095 2555 3127 non
2569 3081 2729 3125 trium-

1706 3155 1893 3219 phavit.
1925 3155 2289 3219 Triumphalem
2326 3169 2517 3220 portam
2551 3173 2725 3204 memo-

673 3092 725 3138 9.
756 3075 880 3123 DIco
915 3077 1125 3124 venisse.
1164 3076 1245 3126 Al.
1281 3077 1367 3140 qui
1391 3076 1502 3124 dico
1528 3055 1620 3124 ve-

602 3154 726 3203 nisse
739 3175 760 3213 ,·
793 3157 917 3220 quid
937 3157 1063 3205 dico,
1081 3160 1132 3206 J.
1150 3159 1212 3206 V.
1240 3159 1295 3206 L.

676 3250 757 3283 10.
786 3235 994 3299 Toguloe.
1015 3237 1085 3283 Ut
1102 3237 1250 3299 togati
1267 3253 1417 3300 quum
1436 3248 1619 3297 essent,

603 3313 788 3359 venisse
806 3315 1000 3361 obviam
1021 3315 1314 3363 viderentur.

678 3405 697 3434 1
714 3405 756 3436 1.
798 3393 1063 3454 sponsione
1105 3410 1192 3441 me.
1240 3397 1311 3440 Ut
1358 3395 1622 3456 sponsione

601 3466 942 3515 contenderem
956 3504 971 3527 ,
990 3471 1041 3516 ni
1056 3471 1300 3532 Esquilina
1313 3504 1328 3526 ,
1344 3487 1447 3517 non
1463 3483 1517 3518 ut
1531 3488 1622 3533 ego

602 3545 842 3603 dixeram,
861 3547 1236 3604 Coelimontana,
1262 3548 1522 3600 introisset.
1548 3551 1620 3595 De

601 3625 949 3689 sponsionibus
966 3624 1061 3670 alio
1079 3625 1211 3673 loeo.

677 3719 755 3752 12.
804 3701 1117 3764 Triumphali.
1151 3707 1355 3752 Jocatnr
1384 3705 1436 3751 in
1463 3704 1619 3753 ambi-

599 3800 730 3846 guo;
764 3798 877 3831 nam
909 3782 1236 3847 Triumphalis
1267 3795 1407 3848 porta
1448 3786 1621 3833 Romae

600 3874 698 3907 erat
724 3896 737 3917 ,
794 3879 887 3925 qna
940 3862 1255 3926 proconsules
1308 3864 1617 3911 Macedonici

600 3941 950 4005 triumphantes
964 3942 1228 3990 introibant
1239 3978 1253 4000 ,
1269 3942 1399 3989 unde
1416 3959 1614 3991 nomen:

600 4032 645 4066 et
673 4037 773 4066 cum
788 4056 801 4081 ,
821 4037 913 4083 qua
936 4022 1158 4068 introivit
1177 4022 1286 4068 Piso
1302 4057 1318 4082 ,
1341 4023 1454 4070 ideo
1476 4029 1620 4086 negat

602 4118 702 4147 esse
724 4099 1060 4164 triumphalem
1075 4135 1088 4159 ,
1108 4101 1222 4164 qnia
1239 4101 1481 4150 consulari
1500 4118 1618 4164 prae·

1708 3247 1783 3282 rat
1809 3234 1963 3283 Tacit.
1995 3234 2080 3282 lib.
2106 3236 2184 3296 V;
2223 3238 2484 3284 Suetonius
2513 3240 2563 3283 in
2594 3241 2719 3299 Aug.

1706 3313 1909 3377 Joseph.
1935 3313 2023 3360 lib.
2042 3315 2170 3376 V113
2196 3316 2318 3374 Dio,
2349 3315 2441 3364 lib.
2465 3318 2584 3363 LVI.

1778 3394 1971 3441 XXIV.
2010 3406 2056 3441 1.
2097 3392 2378 3458 Philosophi
2407 3411 2590 3442 wcesn.
2620 3395 2724 3441 Ho-

1711 3488 1854 3519 nores
1873 3482 1922 3518 et
1940 3473 2102 3520 omnia
2119 3472 2325 3524 hnmana
2345 3475 2626 3538 respuentis.

1782 3566 1833 3598 a.
1893 3555 1936 3598 Ο
1979 3553 2149 3600 scelus.
2196 3556 2489 3615 Frequenter
2533 3552 2728 3600 verbum

1709 3628 1830 3686 illud
1858 3646 1952 3694 pro
1979 3631 2212 3679 scelerato
2233 3645 2517 3695 usurpatur.

1781 3710 1832 3756 3.
1894 3712 2054 3773 Quum
2106 3710 2445 3775 exstinguebas
2493 3723 2731 3759 senatum.

1710 3790 1886 3854 Quum
1901 3803 2094 3836 omnem
2122 3792 2308 3837 senatui
2329 3801 2623 3853 potestatem
2645 3807 2730 3853 pe·

1708 3868 1836 3914 nitus
1855 3869 2133 3928 auferebas3
2156 3885 2306 3932 quum
2329 3886 2440 3916 cum
2458 3871 2559 3917 suis
2580 3871 2734 3934 ipsius

1708 3944 1863 3991 decret
1875 3947 1912 3992 is
1931 3963 2098 4008 parere
2118 3946 2432 4011 prohibebas.

1780 4031 1828 4078 4.
1857 4027 1907 4068 V
1902 4026 2110 4074 ende-bas
2129 4025 2479 4075 auctoritatem.
2505 4027 2731 4074 Pactiouc

1708 4104 2004 4166 provinciae„
