2994 4778
415 447 709 514 ORAT.
764 446 894 513 DE
943 447 1237 515 PROV.
1295 444 2115 516 CONSULARIBUS.
2223 446 2352 516 281

236 593 453 667 quam
482 568 638 638 haec
666 565 843 637 urbs
871 590 1159 637 summo
1196 568 1501 663 imperio
1538 565 1981 636 domicilium
2010 593 2090 638 ac
2122 566 2364 639 sedem

235 676 684 777 praebuisset.
723 679 899 767 Quae
931 675 1076 769 jam
1117 675 1281 747 licet
1318 674 1696 746 considant
1711 681 1763 745 4.
1798 675 1988 746 Nihil
2028 691 2133 747 est
2174 680 2371 749 enim

234 789 425 859 ultra
460 787 654 858 illam
694 785 1145 856 altitudinem
1185 788 1546 856 montium
1582 811 1816 883 usque
1848 785 1940 857 ad
1969 789 2369 873 Oceanum,

235 895 436 994 quod
482 900 574 967 sit
614 896 833 967 Italiae
879 894 1564 992 pertimescendum.
1620 896 1758 967 Sed
1802 911 2045 967 tamen
2085 921 2228 966 una
2260 912 2373 966 at·

232 1032 377 1104 que
431 1007 654 1077 altera
702 1020 903 1077 aestas
922 1003 976 1092 ⁵,
1022 1007 1135 1076 vel
1176 1020 1415 1092 metu,
1455 1006 1570 1077 vel
1606 1030 1766 1104 spe,
1810 1006 1922 1078 vel
1960 1030 2213 1104 paena,
2262 1006 2371 1077 vel

225 1117 582 1214 praemiis,
619 1115 734 1186 vel
773 1116 1022 1203 armis,
1063 1115 1174 1186 vel
1213 1113 1492 1212 legibus
1529 1131 1768 1214 potest
1803 1130 2023 1188 totam
2065 1115 2368 1187 Galliam

228 1226 696 1322 sempiternis
738 1224 1043 1296 vinculis
1086 1223 1548 1322 adstringere.
1595 1227 1945 1323 Impolitae
1977 1223 2186 1297 vero⁶
2218 1249 2369 1309 res,

228 1351 304 1407 et
337 1334 620 1406 acerbae
665 1337 725 1404 si
771 1348 986 1404 erunt
1020 1334 1317 1420 relictae,
1366 1360 1805 1432 quamquam
1847 1350 2017 1407 sunt
2058 1338 2371 1419 accisae7,

227 1459 481 1515 tamen
514 1442 820 1516 efferent
861 1469 937 1515 se
972 1445 1396 1541 aliquand0‚
1443 1460 1517 1517 et
1551 1447 1640 1517 ad
1679 1445 2176 1519 renovandum
2219 1444 2369 1517 bel·

229 1556 385 1626 lum
409 1557 868 1627 revirescent.
900 1557 1142 1645 Quare
1171 1559 1263 1627 sit
1294 1559 1370 1626 in
1408 1556 1563 1651 ejus
1596 1557 1819 1627 tutela
1856 1557 2120 1646 Gallia,
2162 1556 2369 1651 cujus

230 1669 528 1750 virtuti,
597 1663 808 1753 fidei,
867 1663 1182 1737 felicitati
1243 1667 1743 1764 commendata
1792 1681 1916 1738 est.
1972 1669 2253 1738 Etenim
2309 1668 2370 1738 si

233 1780 570 1846 Fortunae
606 1773 1032 1845 muneribus
1069 1775 1523 1874 amplissimis
1559 1791 1895 1865 ornatus,
1930 1778 2184 1875 saepius
2215 1778 2369 1871 ejus

228 1880 414 1957 deae⁸
448 1886 855 1984 periculum
886 1883 1118 1956 facere
1148 1885 1412 1973 nollet3
1441 1887 1601 1957 siin
1634 1889 1966 1984 patriam,
1988 1889 2045 1958 si
2077 1887 2166 1957 ad
2196 1886 2370 1958 deos

230 2011 576 2095 penates,
612 1996 671 2066 si
708 1994 798 2064 ad
842 2020 998 2065 eam
1042 1995 1496 2091 dignitatem,
1545 2021 1765 2093 quam
1801 2000 1877 2066 in
1916 1999 2194 2067 civitate
2227 1995 2370 2067 sibi

231 2106 682 2205 propositam
717 2104 953 2189 videt,
997 2107 1055 2175 si
1095 2106 1184 2175 ad
1218 2105 1782 2199 jucundissimos
1809 2105 2076 2176 liberos
2092 2118 2148 2193 9,
2189 2107 2247 2175 si
2273 2105 2363 2175 ad

232 2218 703 2287 clarissimum
744 2240 1091 2312 generum
1141 2215 1376 2286 redire
1423 2229 1890 2314 properarett,
1935 2217 1993 2284 si
2033 2217 2106 2286 in
2153 2217 2364 2314 Capi·

235 2326 486 2398 tolium
546 2326 790 2397 invehi
839 2328 1066 2397 victor
1124 2350 1289 2397 cum
1334 2325 1454 2396 illa
1499 2325 1756 2422 insigni
1794 2325 2119 2396 laurea10
2160 2327 2370 2423 gesti·

235 2455 383 2528 ret3
417 2442 471 2511 si
495 2438 820 2535 denique
844 2441 1128 2510 timeret
1156 2462 1399 2509 casum
1430 2436 1777 2534 aliquem,
1801 2441 1929 2533 qui
1956 2437 2057 2510 illi
2086 2450 2362 2507 tantum
2425 2492 2430 2497 .

233 2549 575 2621 addere¹¹
615 2549 765 2644 jam
802 2571 952 2618 non
997 2562 1273 2645 potest,
1311 2561 1665 2644 quantum
1712 2546 2039 2617 auferre:
2083 2571 2212 2616 vos
2258 2559 2364 2614 ta-

230 2780 297 2816 tes
322 2768 626 2817 immanitate
651 2765 907 2823 barbaras,
942 2762 1256 2812 multitudine

226 2846 620 2897 innumerabiles.
647 2865 670 2886 ιι

296 2936 345 2983 4.
382 2926 518 2974 Licet
547 2923 825 2973 considant.
868 2923 1069 2970 Etiamsi
1106 2922 1256 2986 Alpes

223 3008 377 3071 plano
407 3015 729 3068 aequarentur,
758 3005 915 3051 Roma
941 3017 1044 3050 non
1068 3013 1257 3049 curaret

225 3086 432 3139 casaris
448 3099 609 3131 secura
628 3081 865 3131 victoriis.

294 3166 347 3213 5.
377 3164 561 3212 AEstas.
587 3163 646 3211 Id
668 3174 764 3218 est,
785 3159 1054 3225 expeditio.

292 3247 343 3293 6.
386 3242 629 3307 ΙηιροΙίειε
662 3257 783 3290 vero
827 3256 914 3287 res.
955 3239 1253 3303 Imperfectae

226 3335 270 3372 et
315 3324 602 3383 inchoatae3
650 3320 900 3369 translatio
944 3319 1143 3366 ducitur
1189 3318 1253 3366 ab

226 3404 505 3458 arboribus,
537 3417 649 3465 quae
677 3413 830 3448 tonsae
858 3398 1175 3464 repullulant,
1203 3409 1255 3446 et

226 3485 545 3531 revirescunt.

295 3579 339 3622 7.
378 3559 601 3610 Accisae.
647 3560 919 3607 Horatius:
965 3577 988 3599 e
1013 3557 1161 3604 Duris
1196 3569 1252 3607 nt

227 3640 319 3688 ilex
362 3653 511 3689 tunsa
566 3637 860 3702 bipennibus
907 3636 1073 3699 Nigrae
1107 3636 1253 3685 feraci

228 3720 407 3768 frondis
421 3720 474 3765 in
488 3716 674 3780 Algido
686 3718 778 3763 Per
791 3715 981 3773 danina,
993 3732 1081 3779 per
1094 3714 1251 3763 caedes

223 3798 407 3864 abipso
425 3798 581 3844 Ducit
595 3812 715 3860 opes
736 3796 1041 3859 animumque
1063 3794 1190 3841 ferro
1207 3817 1246 3844 -.

294 3880 340 3927 8.
369 3880 566 3925 Emest.
603 3892 696 3940 pro
724 3874 824 3939 ejus
855 3873 986 3930 deoe,
1013 3873 1247 3937 probabi-

217 3958 327 4005 liter
343 3958 481 4017 conj.
504 3954 735 4021 ejusdem.
759 3956 807 4002 J.
830 3956 890 4001 V.
920 3954 973 4003 1..

292 4055 339 4100 9.
390 4037 602 4085 Liberos.
641 4034 816 4083 Caesari
846 4034 969 4082 nulli
1003 4033 1083 4080 alii
1112 4046 1248 4084 erant

218 4117 361 4163 liberi
381 4134 527 4181 quani
553 4115 653 4163 fllia
677 4113 807 4161 Julia
823 4148 837 4172 ,
860 4114 1077 4176 Pompeii
1105 4131 1243 4162 uxor.

220 4196 452 4244 Solebam
475 4210 598 4243 voce
620 4193 695 4242 uti
719 4192 857 4240 liberi
881 4192 941 4240 ad
965 4191 1244 4254 significan·

1345 2763 1461 2812 dum
1488 2780 1641 2813 unum
1663 2762 1817 2813 filiurn
1843 2774 1927 2812 aut
1948 2761 2112 2811 filiam.
2145 2763 2210 2811 A.
2235 2761 2367 2813 Gell.

1273 2866 1283 2877 ·
1344 2845 1409 2901 11,
1428 2846 1487 2892 13
1512 2858 1525 2892 ε
1547 2867 1572 2886 α
1588 2844 1795 2909 Antiqui
1814 2856 2045 2902 oratores,
2060 2841 2366 2905 historiaequ-

1342 2931 1426 2969 aut
1451 2923 1720 2970 carminum
1752 2924 2011 2987 scriptores
2040 2923 2186 2970 etiam
2211 2934 2365 2967 unum

1342 2998 1514 3060 fllium,
1524 2999 1734 3049 filiamve
1752 3001 1930 3049 liberos
1945 3000 2268 3049 multitudinis
2284 3016 2366 3046 nu-

1341 3094 1478 3126 mero
1495 3079 1802 3143 appellarunt
1822 3102 1864 3127 a.
1892 3082 2047 3127 Pauca
2066 3090 2225 3126 tamen
2252 3088 2369 3125 sunt

1341 3157 1563 3221 exempla
1589 3157 1734 3219 th'us
1764 3159 1901 3205 vocis
1941 3160 1990 3205 in
2024 3158 2255 3222 singulari
2282 3174 2370 3204 nu·

1342 3252 1497 3284 mero.
1531 3236 1759 3285 Aurelius
1787 3237 1997 3285 Victor:
2031 3238 2193 3285 Nerva
2207 3238 2370 3297 Traja-

1341 3332 1460 3365 num
1480 3316 1533 3362 in
1549 3315 1688 3362 liberi
1713 3315 1902 3375 locum,
1931 3328 1979 3365 et
2002 3316 2053 3364 in
2068 3327 2254 3382 partem
2273 3316 2366 3363 im·

1340 3396 1465 3461 perii
1486 3394 1758 3458 adoptavit.

1420 3490 1500 3521 xo.
1512 3473 1704 3539 Insigni
1715 3475 1900 3523 laurea.
1918 3475 2074 3523 Moris
2093 3474 2182 3523 fnit
2197 3474 2367 3523 trium·

1340 3553 1602 3618 phantibus
1622 3570 1768 3602 curru
1795 3565 1964 3602 aurato
1979 3589 1994 3613 ,
2023 3554 2272 3619 quadrigis
2295 3553 2364 3600 al-

1340 3633 1445 3697 bia,
1469 3648 1652 3681 corona
1679 3634 1731 3681 in
1754 3634 1913 3698 capite
1937 3633 2094 3682 laurea
2115 3670 2129 3693 ,
2153 3634 2291 3681 lauro
2313 3633 2368 3678 in

1340 3729 1488 3761 manu
1515 3713 1740 3771 dextera,
1767 3729 1824 3761 os
1857 3715 2010 3761 minio
2036 3713 2199 3763 oblitis
2229 3712 2366 3769 vehi,

1337 3792 1505 3857 ibique
1525 3794 1663 3840 coesis
1685 3793 1898 3842 victimis
1918 3793 2092 3857 gratias
2106 3794 2199 3840 diis
2211 3807 2369 3855 agere,

1339 3882 1386 3918 et
1420 3871 1473 3918 in
1510 3872 1693 3934 gremio
1721 3872 1860 3921 Jovis
1886 3872 2151 3935 Capitolini
2177 3871 2368 3918 laurum

1339 3950 1600 4013 deponere.
1630 3950 1761 3998 Suet.
1798 3950 1848 3998 in
1883 3951 2108 4009 Nerone,
2126 3966 2233 4014 cap.
2265 3951 2324 3996 13
2348 3965 2365 4010 ς

1339 4029 1487 4077 Silius
1510 4027 1596 4076 lib.
1628 4030 1744 4076 XV.

1413 4125 1433 4155 1
1451 4125 1492 4154 x.
1538 4109 1750 4156 Tantum
1790 4106 1991 4154 addere.
2040 4105 2221 4152 Similia
2269 4106 2364 4151 sere

1336 4189 1455 4238 dicit
1479 4188 1530 4235 in
1549 4187 1688 4235 Livio
1708 4185 1951 4235 Hannibal
1975 4183 2037 4231 ad
2059 4184 2357 4247 Scipionem.
