2994 4778
656 442 1041 511 ORATIO
1091 443 1201 511 IN
1252 443 1329 509 L.
1375 445 1452 511 C.
1506 442 2002 510 PISONEM.
2249 447 2379 527 [⁸¹¹

266 589 396 635 cur
435 561 567 633 tibi
628 586 894 632 nomen
946 587 1096 633 non
1154 560 1551 650 deferrem,
1614 562 2054 660 requirebas.
2119 567 2395 656 Quam-

261 698 527 770 quam,
561 671 762 768 quod
800 671 890 742 ad
921 696 1038 742 me
1083 676 1335 742 attinet
1351 666 1408 760 ⁸,
2065 688 2070 694 ’

488 851 819 925 Numquam
851 846 1061 904 istam9
1093 847 1425 905 imminuam
1459 867 1659 905 curam
1685 846 1990 906 infitiando
2020 847 2125 905 tibi
2152 870 2165 903 z

262 1020 503 1076 tamen
552 1017 660 1074 est
706 1003 884 1073 mihi
920 1003 1564 1089 considerandum,
1610 1019 1967 1100 quantum
2011 1005 2145 1091 illi,
2186 1012 2400 1078 tantis

262 1112 678 1212 reipublicae
734 1115 1073 1208 negotiiS,
1133 1128 1486 1211 tantoque
1544 1113 1740 1185 bello
1797 1115 2198 1214 impedito,
2266 1142 2400 1214 ego

263 1226 491 1296 homo
533 1225 1033 1312 amicissimuS,
1079 1224 1582 1296 sollicitudinis
1620 1240 1839 1322 atque
1891 1230 2213 1297 oneris¹⁰
2265 1230 2400 1298 im-

266 1360 557 1433 ponam.
601 1337 754 1405 Nec
797 1333 1101 1431 despero
1143 1348 1383 1405 tamen
1409 1329 1497 1421 '¹¹,
1543 1360 1984 1433 quamquam
2026 1337 2399 1433 languet¹²

261 1447 639 1541 juventus,
680 1469 814 1515 nec
859 1442 1193 1542 perinde,
1228 1459 1448 1542 atque
1479 1442 1909 1532 debebat13,
1947 1448 2023 1514 in
2060 1444 2292 1516 laudis
2332 1458 2404 1516 et

265 1556 511 1652 gloriae
560 1554 948 1653 cupiditate
992 1569 1355 1644 versatur,
1389 1554 1678 1626 futuros
1707 1554 2020 1651 aliquos,
2054 1557 2182 1652 qui
2212 1553 2406 1652 abje-

269 1682 466 1737 ctum
529 1666 671 1737 hoc
733 1664 1111 1736 cadaver-¹4
1168 1664 1666 1736 consularibus
1724 1660 2058 1763 spoliis¹⁵
2128 1663 2403 1735 nudare

271 1803 417 1848 non
452 1778 724 1862 nolint,
753 1779 1149 1874 praesertim
1183 1791 1329 1846 tam
1364 1774 1630 1846 afflicto
1652 1829 1670 1860 ,
1711 1790 1854 1846 tam
1897 1774 2222 1861 infirmO,
2254 1789 2399 1844 tam

266 1902 607 1959 enervato
646 1912 807 1971 reo;
863 1889 989 1984 qui
1042 1902 1112 1957 te
1150 1888 1247 1956 ita
1290 1888 1625 1983 gesseris,
1664 1900 1746 1955 ut
1782 1888 2112 1973 timereS,
2162 1910 2255 1955 ne
2298 1886 2404 1955 in·

269 1997 535 2096 dignus
577 1994 1018 2068 beneficio¹⁶
1057 1995 1435 2082 videreris,
1480 1997 1613 2067 nisi
1653 1996 1849 2090 ejus,
1882 2021 1917 2066 a
1962 2021 2113 2092 quo
2150 1999 2407 2066 missus

272 2133 462 2194 eraS,
497 2106 900 2177 simillimus
941 2108 1350 2178 exstitisses».

343 2285 395 2333 8.
438 2282 583 2346 Quod
614 2281 688 2329 ad
716 2296 792 2328 me
817 2279 1013 2328 attinet.
1053 2284 1148 2328 Ista
1176 2296 1292 2328 cura

277 2374 325 2411 te
359 2377 459 2410 nou
497 2359 654 2409 libero
677 2374 691 2411 ε
717 2370 1049 2408 verumtamen
1074 2371 1147 2408 est
1173 2360 1292 2407 mihi

278 2440 678 2489 considerandum
693 2475 706 2495 ‚
718 2456 781 2487 ne
798 2455 892 2503 qua
911 2441 1147 2488 Caesarem
1168 2439 1298 2487 solli·

275 2520 489 2570 citudiue
502 2518 708 2568 afficiam
723 2553 739 2577 ,
760 2535 823 2566 ue
840 2517 979 2582 quod
997 2520 1041 2566 ei
1061 2518 1296 2566 molestiae

276 2617 398 2648 onus
410 2601 659 2663 imponam
672 2632 686 2656 ‚
698 2599 965 2661 presertim
979 2597 1296 2646 amicissimus

277 2679 470 2726 summis
492 2680 613 2744 reip.
633 2677 841 2740 negotiis
861 2676 1118 2740 impedito.

344 2775 398 2822 9.
429 2759 715 2821 Numquam
736 2741 878 2803 istem
900 2754 1179 2802 imminuam
1206 2770 1293 2802 eu·

274 2854 380 2885 ram
399 2836 654 2904 infitiando
672 2834 772 2883 uzi.
790 2833 1012 2884 Senurius
1028 2834 1167 2882 Accii
1185 2850 1297 2897 poe-

277 2927 339 2964 tae
360 2916 413 2963 iu
432 2919 606 2971 Atreo,
630 2930 781 2978 quem.
798 2914 1010 2962 imitatus
1030 2922 1101 2959 est
1122 2913 1296 2960 Cicero

278 3005 394 3061 post
408 2994 636 3043 Reditum
660 2994 708 3041 iu
728 3003 923 3040 senatu:
949 3014 973 3033 ι-
991 2993 1295 3055 Numquam,

280 3073 469 3138 inquit,
487 3072 742 3121 infitiando
755 3106 769 3130 ‚
788 3073 1111 3135 suspicionem
1133 3071 1296 3117 bomi-

280 3171 397 3202 num
410 3187 425 3212 ,
443 3169 700 3217 curamque
718 3154 996 3198 minuerunt
1018 3172 1062 3198 a.

354 3249 430 3280 xo.
445 3223 940 3294 Sonicieudinikaeque
947 3229 1119 3277 oneris.
1135 3229 1299 3292 Quum

278 3323 388 3361 ante
413 3311 590 3360 dixerit
613 3334 636 3352 κ
656 3311 1050 3371 conjunctionem
1072 3325 1223 3357 meam
1251 3320 1300 3357 et

280 3393 480 3441 Caesaris
500 3413 542 3447 a,
565 3389 759 3437 videtur
779 3387 1045 3452 significare
1064 3389 1299 3437 Caesarem

278 3486 379 3518 uon
403 3471 613 3518 alienum
639 3468 700 3516 ab
728 3467 808 3515 illa
834 3469 1139 3514 accusatione
1163 3468 1298 3514 futu·

279 3565 413 3598 mm:
453 3565 603 3613 quam
642 3548 970 3608 conjecturam
1005 3562 1107 3593 vox
1143 3546 1297 3594 oneris

279 3629 512 3692 adauget:
544 3626 746 3674 verbum
773 3636 930 3673 tamen
961 3624 1298 3674 sollict‘tudt‘m's

280 3708 341 3756 ad
370 3723 535 3755 curam
571 3705 633 3753 de
668 3719 839 3752 socero
881 3714 1107 3751 accusato
1137 3705 1300 3767 potius

282 3788 518 3851 pertinere
541 3784 746 3831 videtur.

356 3882 375 3912 1
389 3881 407 3911 ι
419 3902 433 3914 .
452 3864 550 3911 Nec
562 3863 757 3927 despero
769 3873 947 3908 tamen.
959 3861 1301 3924 Superioribus

282 3946 436 3993 verbis
460 3943 612 3993 videri
639 3954 857 4007 poterat,
886 3943 1107 3990 Pisonem
1128 3940 1300 4002 jndicii

284 4037 407 4074 metu
418 4023 639 4073 nonnihil
654 4024 930 4082 liberatum3
942 4038 1072 4069 nuuc
1082 4023 1303 4070 timorem

286 4106 480 4162 incutit,
502 4114 550 4151 et
571 4103 735 4150 Pisoni
753 4117 956 4159 nomen,
982 4103 1021 4147 si
1047 4116 1151 4166 nou
1173 4117 1198 4146 a
1222 4113 1271 4146 se
1288 4135 1302 4156 ,

286 4183 444 4232 saltem
459 4181 521 4231 ab
539 4182 645 4230 aliis
661 4181 868 4228 delatum
883 4181 940 4228 iri
961 4180 1297 4227 comminatur.

1455 2296 1540 2330 ια.
1583 2284 1818 2345 Languet.
1847 2280 2057 2328 Desidiae
2085 2279 2247 2328 dedita
2264 2316 2278 2339 ,
2304 2296 2406 2327 non

1382 2357 1447 2408 ad
1464 2375 1569 2408 eam
1589 2360 1789 2425 gloriam
1808 2375 2073 2425 propensa,
2099 2375 2208 2424 quae
2227 2360 2407 2408 civium

1385 2439 1773 2488 accusationibus
1796 2438 2133 2503 improborum
2157 2439 2307 2501 quaeri
2332 2454 2413 2485 so-

1382 2518 1529 2567 lebat.
1577 2519 1670 2567 Cui
1713 2519 1783 2566 rei
1836 2520 2014 2581 saepius
2061 2518 2115 2568 iu
2157 2517 2411 2580 prioribus

1384 2598 1691 2646 orationibus
1718 2596 1894 2645 alludit
1923 2607 2107 2644 orator.

1459 2678 1539 2724 13.
1564 2677 1643 2725 Al.
1668 2677 1857 2742 debeat.
1884 2678 1938 2724 J.
1959 2678 2099 2722 v.1..

1458 2764 1539 2812 ¹4·
1577 2755 1823 2820 Abjectum
1853 2754 1948 2802 hoe
1972 2753 2198 2810 cadaver,
2232 2762 2326 2799 etc.
2357 2754 2408 2801 Si

1382 2837 1614 2897 juventus
1638 2836 1866 2899 perinde,
1896 2844 2039 2898 atque
2067 2832 2287 2891 deberet,
2309 2832 2414 2880 lau-

1385 2916 1459 2962 dis
1484 2926 1532 2962 et
1556 2915 1723 2978 gloriae
1757 2915 1920 2964 studio
1946 2929 1996 2960 se
2021 2912 2307 2970 industriam
2332 2929 2418 2959 ex-

1385 2992 1599 3054 hiberet,
1624 3004 1803 3041 stantes
1833 3003 1882 3040 et
1908 2992 2177 3039 incolumes
2208 2991 2413 3038 scelera-

1384 3082 1476 3128 tos,
1492 3071 1789 3132 judiciorum
1807 3071 1953 3118 armis
1965 3069 2269 3133 percelleret:
2285 3086 2415 3117 nunc

1387 3165 1679 3214 quamquam
1725 3150 1944 3213 languet,
1993 3149 2328 3213 voluptatibus
2367 3163 2414 3196 et

1386 3227 1579 3276 deliciis
1612 3238 1862 3288 enervata,
1890 3242 1991 3274 non
2019 3239 2178 3275 tamen
2203 3226 2272 3276 sic
2309 3229 2417 3276 ani-

1387 3324 1519 3355 mum
1561 3306 1760 3368 abjecit,
1804 3318 1860 3354 ut
1906 3322 2009 3354 non
2045 3307 2169 3354 ausit
2207 3308 2414 3357 cadaver

1386 3386 1628 3448 abjectum
1642 3385 1979 3435 consularibus
1993 3388 2288 3436 ornamentis
2301 3404 2416 3452 spo-

1386 3466 1521 3514 liare.

1464 3548 1543 3596 15.
1579 3544 1914 3594 consularibus
1946 3543 2126 3608 spole'ae's.
2157 3545 2416 3595 Consulari

1388 3625 1622 3690 dignitate
1643 3659 1659 3684 ,
1703 3624 2011 3690 exponendis
2059 3624 2190 3687 apud
2229 3624 2422 3683 judices

1386 3704 1580 3768 flagitiis
1617 3705 1719 3764 ejus
1766 3720 1822 3751 ac
1860 3702 2138 3751 sceleribus.
2185 3729 2256 3739 —
2303 3704 2417 3751 Non

1389 3785 1561 3831 nolim.
1577 3783 1724 3844 Quasi
1742 3782 2091 3844 dedignemur:
2104 3798 2254 3844 quum
2268 3798 2415 3845 parva

1388 3863 1492 3908 laus
1515 3878 1576 3908 ex
1597 3860 1781 3907 afflicto
1804 3895 1818 3918 ,
1844 3859 2037 3908 infirmo
2052 3895 2065 3916 ,
2090 3871 2317 3908 enervato
2336 3879 2420 3910 reo

1394 3948 1719 4002 exspectetur.

1469 4020 1550 4066 16.
1583 4017 1659 4064 Ne
1684 4017 1913 4083 indignus
1937 4017 2182 4085 beneficio.
2211 4020 2416 4067 Provin-

1393 4097 1489 4154 cia,
1520 4112 1663 4160 quam
1689 4096 1776 4143 tibi
1798 4098 1851 4145 P.
1875 4097 2076 4146 Clodius
2093 4132 2108 4156 ,
2136 4112 2161 4142 a
2185 4113 2286 4160 quo
2307 4099 2418 4145 mis-

1392 4193 1471 4224 sus
1494 4192 1570 4233 es,
1590 4173 1813 4223 beneficii
1831 4176 1943 4223 loco
1963 4173 2183 4223 tradidit.
