<?xml version="1.0" encoding="UTF-8"?>
<!DOCTYPE html PUBLIC "-//W3C//DTD XHTML 1.0 Transitional//EN"
    "http://www.w3.org/TR/xhtml1/DTD/xhtml1-transitional.dtd">
<html xmlns="http://www.w3.org/1999/xhtml" xml:lang="en" lang="en">
 <head>
  <title>
</title>
<meta http-equiv="Content-Type" content="text/html;charset=utf-8" />
  <meta name='ocr-system' content='tesseract 3.04.00' />
  <meta name='ocr-capabilities' content='ocr_page ocr_carea ocr_par ocr_line ocrx_word'/>
</head>
<body>
  <div class='ocr_page' id='page_1' title='image "./mtciceronisquae06lemagoog_0583.png"; bbox 0 0 2994 4778; ppageno 0'>
   <div class='ocr_carea' id='block_1_1' title="bbox 615 404 2379 508">
    <p class='ocr_par' dir='ltr' id='par_1_1' title="bbox 615 404 2379 508">
     <span class='ocr_line' id='line_1_1' title="bbox 615 404 2379 508; baseline 0.007 -37"><span class='ocrx_word' id='word_1_1' title='bbox 615 404 1001 481; x_wconf 88' lang='lat' dir='ltr'><strong>ORATIO</strong></span> <span class='ocrx_word' id='word_1_2' title='bbox 1050 407 1255 474; x_wconf 90' lang='lat' dir='ltr'><strong>PRO</strong></span> <span class='ocrx_word' id='word_1_3' title='bbox 1305 408 1402 474; x_wconf 92' lang='lat' dir='ltr'><strong>M.</strong></span> <span class='ocrx_word' id='word_1_4' title='bbox 1447 406 2038 480; x_wconf 87' lang='lat' dir='ltr'><strong>MARCELLO.</strong></span> <span class='ocrx_word' id='word_1_5' title='bbox 2240 409 2379 508; x_wconf 85' lang='lat'><strong>573</strong></span> 
     </span>
    </p>
   </div>
   <div class='ocr_carea' id='block_1_2' title="bbox 243 525 2388 2492">
    <p class='ocr_par' dir='ltr' id='par_1_2' title="bbox 245 525 2381 1175">
     <span class='ocr_line' id='line_1_2' title="bbox 250 525 2378 619; baseline 0.003 -21"><span class='ocrx_word' id='word_1_6' title='bbox 250 542 328 598; x_wconf 87' lang='lat' dir='ltr'><strong>et</strong></span> <span class='ocrx_word' id='word_1_7' title='bbox 378 525 870 611; x_wconf 82' lang='lat' dir='ltr'>obsecramus,</span> <span class='ocrx_word' id='word_1_8' title='bbox 913 540 991 596; x_wconf 90' lang='lat' dir='ltr'><strong>ut</strong></span> <span class='ocrx_word' id='word_1_9' title='bbox 1032 528 1222 609; x_wconf 71' lang='lat' dir='ltr'><strong>vitm,</strong></span> <span class='ocrx_word' id='word_1_10' title='bbox 1268 543 1350 598; x_wconf 86' lang='lat' dir='ltr'><strong>ut</strong></span> <span class='ocrx_word' id='word_1_11' title='bbox 1384 527 1595 599; x_wconf 89' lang='lat' dir='ltr'><strong>saluti</strong></span> <span class='ocrx_word' id='word_1_12' title='bbox 1649 544 1784 599; x_wconf 84' lang='lat' dir='ltr'><strong>tuae</strong></span> <span class='ocrx_word' id='word_1_13' title='bbox 1825 533 2191 619; x_wconf 86' lang='lat' dir='ltr'><strong>consulas;</strong></span> <span class='ocrx_word' id='word_1_14' title='bbox 2228 559 2378 605; x_wconf 89' lang='lat' dir='ltr'><strong>om·</strong></span> 
     </span>
     <span class='ocr_line' id='line_1_3' title="bbox 249 635 2381 737; baseline 0.004 -30"><span class='ocrx_word' id='word_1_15' title='bbox 249 662 540 734; x_wconf 88' lang='lat' dir='ltr'><strong>nesque</strong></span> <span class='ocrx_word' id='word_1_16' title='bbox 596 635 722 707; x_wconf 81' lang='lat' dir='ltr'><strong>tibi</strong></span> <span class='ocrx_word' id='word_1_17' title='bbox 761 637 886 731; x_wconf 92' lang='lat' dir='ltr'><strong>(ut</strong></span> <span class='ocrx_word' id='word_1_18' title='bbox 928 660 1062 733; x_wconf 87' lang='lat' dir='ltr'><strong>pro</strong></span> <span class='ocrx_word' id='word_1_19' title='bbox 1110 636 1263 707; x_wconf 86' lang='lat' dir='ltr'><strong>aliis</strong></span> <span class='ocrx_word' id='word_1_20' title='bbox 1315 638 1528 708; x_wconf 85' lang='lat' dir='ltr'><strong>etiam</strong></span> <span class='ocrx_word' id='word_1_21' title='bbox 1566 637 1845 735; x_wconf 86' lang='lat' dir='ltr'><strong>loquar,</strong></span> <span class='ocrx_word' id='word_1_22' title='bbox 1898 636 2097 737; x_wconf 88' lang='lat' dir='ltr'><strong>quod</strong></span> <span class='ocrx_word' id='word_1_23' title='bbox 2134 643 2225 715; x_wconf 90' lang='lat' dir='ltr'><strong>de</strong></span> <span class='ocrx_word' id='word_1_24' title='bbox 2265 670 2381 715; x_wconf 89' lang='lat' dir='ltr'><strong>me</strong></span> 
     </span>
     <span class='ocr_line' id='line_1_4' title="bbox 245 745 2381 849; baseline 0.004 -34"><span class='ocrx_word' id='word_1_25' title='bbox 245 750 411 843; x_wconf 87' lang='lat' dir='ltr'><strong>ipse</strong></span> <span class='ocrx_word' id='word_1_26' title='bbox 463 745 779 840; x_wconf 85' lang='lat' dir='ltr'><strong>sentio),</strong></span> <span class='ocrx_word' id='word_1_27' title='bbox 834 746 1181 841; x_wconf 83' lang='lat' dir='ltr'><strong>quoniam</strong></span> <span class='ocrx_word' id='word_1_28' title='bbox 1231 745 1521 819; x_wconf 81' lang='lat' dir='ltr'><strong>subesse</strong></span> <span class='ocrx_word' id='word_1_29' title='bbox 1566 747 1836 845; x_wconf 89' lang='lat' dir='ltr'><strong>aliquid</strong></span> <span class='ocrx_word' id='word_1_30' title='bbox 1882 766 2129 848; x_wconf 77' lang='lat' dir='ltr'><strong>puta3‚</strong></span> <span class='ocrx_word' id='word_1_31' title='bbox 2181 755 2381 849; x_wconf 89' lang='lat' dir='ltr'><strong>quod</strong></span> 
     </span>
     <span class='ocr_line' id='line_1_5' title="bbox 245 855 2376 947; baseline 0.003 -20"><span class='ocrx_word' id='word_1_32' title='bbox 245 855 659 927; x_wconf 82' lang='lat' dir='ltr'><strong>cavendum</strong></span> <span class='ocrx_word' id='word_1_33' title='bbox 703 857 828 941; x_wconf 86' lang='lat' dir='ltr'><strong>sit,</strong></span> <span class='ocrx_word' id='word_1_34' title='bbox 878 879 1027 925; x_wconf 90' lang='lat' dir='ltr'><strong>non</strong></span> <span class='ocrx_word' id='word_1_35' title='bbox 1073 855 1293 927; x_wconf 88' lang='lat' dir='ltr'><strong>modo</strong></span> <span class='ocrx_word' id='word_1_36' title='bbox 1333 855 1671 929; x_wconf 86' lang='lat' dir='ltr'><strong>excubias</strong></span> <span class='ocrx_word' id='word_1_37' title='bbox 1708 873 1779 929; x_wconf 89' lang='lat' dir='ltr'><strong>et</strong></span> <span class='ocrx_word' id='word_1_38' title='bbox 1823 860 2216 947; x_wconf 83' lang='lat' dir='ltr'><strong>custodias,</strong></span> <span class='ocrx_word' id='word_1_39' title='bbox 2252 863 2376 933; x_wconf 87' lang='lat' dir='ltr'><strong>sed</strong></span> 
     </span>
     <span class='ocr_line' id='line_1_6' title="bbox 247 962 2380 1069; baseline 0.002 -32"><span class='ocrx_word' id='word_1_40' title='bbox 247 966 476 1037; x_wconf 86' lang='lat' dir='ltr'><strong>etiam</strong></span> <span class='ocrx_word' id='word_1_41' title='bbox 537 964 841 1037; x_wconf 84' lang='lat' dir='ltr'><strong>laterum</strong></span> <span class='ocrx_word' id='word_1_42' title='bbox 908 979 1324 1037; x_wconf 85' lang='lat' dir='ltr'><strong>nostrorum</strong></span> <span class='ocrx_word' id='word_1_43' title='bbox 1387 962 1812 1065; x_wconf 78' lang='lat' dir='ltr'><strong>oppositus⁸</strong></span> <span class='ocrx_word' id='word_1_44' title='bbox 1868 982 1942 1040; x_wconf 84' lang='lat' dir='ltr'><strong>et</strong></span> <span class='ocrx_word' id='word_1_45' title='bbox 1993 994 2380 1069; x_wconf 86' lang='lat' dir='ltr'><strong>corporum</strong></span> 
     </span>
     <span class='ocr_line' id='line_1_7' title="bbox 249 1076 714 1175; baseline -0.004 -29"><span class='ocrx_word' id='word_1_46' title='bbox 249 1076 714 1175; x_wconf 87' lang='lat' dir='ltr'><strong>pollicemur.</strong></span> 
     </span>
    </p>

    <p class='ocr_par' dir='ltr' id='par_1_3' title="bbox 243 1185 2388 2492">
     <span class='ocr_line' id='line_1_8' title="bbox 357 1185 2382 1273; baseline 0.002 -16"><span class='ocrx_word' id='word_1_47' title='bbox 357 1192 477 1257; x_wconf 85' lang='lat' dir='ltr'><strong>XI.</strong></span> <span class='ocrx_word' id='word_1_48' title='bbox 532 1186 709 1272; x_wconf 79' lang='lat' dir='ltr'><strong>Sed,</strong></span> <span class='ocrx_word' id='word_1_49' title='bbox 748 1185 946 1257; x_wconf 89' lang='lat' dir='ltr'><strong>unde</strong></span> <span class='ocrx_word' id='word_1_50' title='bbox 983 1200 1088 1257; x_wconf 85' lang='lat' dir='ltr'><strong>est</strong></span> <span class='ocrx_word' id='word_1_51' title='bbox 1117 1197 1348 1273; x_wconf 86' lang='lat' dir='ltr'><strong>orsa¹‚</strong></span> <span class='ocrx_word' id='word_1_52' title='bbox 1380 1188 1452 1256; x_wconf 91' lang='lat' dir='ltr'><strong>in</strong></span> <span class='ocrx_word' id='word_1_53' title='bbox 1488 1185 1747 1258; x_wconf 87' lang='lat' dir='ltr'><strong>eodem</strong></span> <span class='ocrx_word' id='word_1_54' title='bbox 1779 1189 2206 1260; x_wconf 81' lang='lat' dir='ltr'><strong>terminetur</strong></span> <span class='ocrx_word' id='word_1_55' title='bbox 2229 1214 2382 1261; x_wconf 85' lang='lat' dir='ltr'><strong>ora-</strong></span> 
     </span>
     <span class='ocr_line' id='line_1_9' title="bbox 249 1294 2378 1393; baseline 0.002 -26"><span class='ocrx_word' id='word_1_56' title='bbox 249 1298 388 1367; x_wconf 81' lang='lat' dir='ltr'><strong>tio.</strong></span> <span class='ocrx_word' id='word_1_57' title='bbox 413 1296 754 1367; x_wconf 87' lang='lat' dir='ltr'><strong>Maximas</strong></span> <span class='ocrx_word' id='word_1_58' title='bbox 775 1294 906 1366; x_wconf 87' lang='lat' dir='ltr'><strong>tibi</strong></span> <span class='ocrx_word' id='word_1_59' title='bbox 938 1319 1188 1367; x_wconf 86' lang='lat' dir='ltr'><strong>omnes</strong></span> <span class='ocrx_word' id='word_1_60' title='bbox 1215 1298 1472 1392; x_wconf 84' lang='lat' dir='ltr'>gratias</span> <span class='ocrx_word' id='word_1_61' title='bbox 1500 1300 1795 1393; x_wconf 81' lang='lat' dir='ltr'><strong>agimus,</strong></span> <span class='ocrx_word' id='word_1_62' title='bbox 1820 1303 1898 1369; x_wconf 91' lang='lat' dir='ltr'><strong>C.</strong></span> <span class='ocrx_word' id='word_1_63' title='bbox 1929 1303 2193 1386; x_wconf 79' lang='lat' dir='ltr'><strong>Caesar3</strong></span> <span class='ocrx_word' id='word_1_64' title='bbox 2228 1325 2378 1372; x_wconf 84' lang='lat' dir='ltr'><strong>ma-</strong></span> 
     </span>
     <span class='ocr_line' id='line_1_10' title="bbox 243 1403 2377 1500; baseline 0.002 -25"><span class='ocrx_word' id='word_1_65' title='bbox 243 1405 452 1500; x_wconf 86' lang='lat' dir='ltr'><strong>jores</strong></span> <span class='ocrx_word' id='word_1_66' title='bbox 516 1405 728 1475; x_wconf 86' lang='lat' dir='ltr'><strong>etiam</strong></span> <span class='ocrx_word' id='word_1_67' title='bbox 783 1403 1156 1475; x_wconf 81' lang='lat' dir='ltr'><strong>habemus,</strong></span> <span class='ocrx_word' id='word_1_68' title='bbox 1218 1408 1398 1475; x_wconf 85' lang='lat' dir='ltr'><strong>Nam</strong></span> <span class='ocrx_word' id='word_1_69' title='bbox 1455 1430 1709 1477; x_wconf 84' lang='lat' dir='ltr'><strong>omnes</strong></span> <span class='ocrx_word' id='word_1_70' title='bbox 1760 1406 1955 1478; x_wconf 87' lang='lat' dir='ltr'><strong>idem</strong></span> <span class='ocrx_word' id='word_1_71' title='bbox 2011 1413 2377 1496; x_wconf 77' lang='lat' dir='ltr'><strong>sentiunt3</strong></span> 
     </span>
     <span class='ocr_line' id='line_1_11' title="bbox 249 1513 2383 1615; baseline 0.001 -31"><span class='ocrx_word' id='word_1_72' title='bbox 249 1514 467 1611; x_wconf 86' lang='lat' dir='ltr'><strong>quod</strong></span> <span class='ocrx_word' id='word_1_73' title='bbox 516 1539 605 1585; x_wconf 84' lang='lat' dir='ltr'><strong>ex</strong></span> <span class='ocrx_word' id='word_1_74' title='bbox 649 1517 974 1586; x_wconf 88' lang='lat' dir='ltr'><strong>omnium</strong></span> <span class='ocrx_word' id='word_1_75' title='bbox 1020 1513 1354 1613; x_wconf 88' lang='lat' dir='ltr'><strong>precibus</strong></span> <span class='ocrx_word' id='word_1_76' title='bbox 1405 1526 1477 1585; x_wconf 93' lang='lat' dir='ltr'><strong>et</strong></span> <span class='ocrx_word' id='word_1_77' title='bbox 1529 1513 1899 1612; x_wconf 81' lang='lat' dir='ltr'><strong>lacrymis²</strong></span> <span class='ocrx_word' id='word_1_78' title='bbox 1947 1520 2209 1587; x_wconf 88' lang='lat' dir='ltr'><strong>sentire</strong></span> <span class='ocrx_word' id='word_1_79' title='bbox 2250 1539 2383 1615; x_wconf 90' lang='lat' dir='ltr'><strong>po·</strong></span> 
     </span>
     <span class='ocr_line' id='line_1_12' title="bbox 251 1623 2382 1721; baseline 0.003 -28"><span class='ocrx_word' id='word_1_80' title='bbox 251 1625 482 1694; x_wconf 85' lang='lat' dir='ltr'><strong>tuisti.</strong></span> <span class='ocrx_word' id='word_1_81' title='bbox 537 1623 676 1695; x_wconf 89' lang='lat' dir='ltr'><strong>Sed</strong></span> <span class='ocrx_word' id='word_1_82' title='bbox 721 1627 889 1721; x_wconf 87' lang='lat' dir='ltr'><strong>quia</strong></span> <span class='ocrx_word' id='word_1_83' title='bbox 926 1648 1074 1695; x_wconf 88' lang='lat' dir='ltr'><strong>nou</strong></span> <span class='ocrx_word' id='word_1_84' title='bbox 1128 1639 1236 1696; x_wconf 86' lang='lat' dir='ltr'><strong>est</strong></span> <span class='ocrx_word' id='word_1_85' title='bbox 1277 1623 1683 1696; x_wconf 78' lang='lat' dir='ltr'><strong>stantibus³</strong></span> <span class='ocrx_word' id='word_1_86' title='bbox 1721 1625 2059 1698; x_wconf 86' lang='lat' dir='ltr'><strong>omnibus</strong></span> <span class='ocrx_word' id='word_1_87' title='bbox 2095 1652 2382 1699; x_wconf 88' lang='lat' dir='ltr'><strong>necesse</strong></span> 
     </span>
     <span class='ocr_line' id='line_1_13' title="bbox 249 1732 2385 1834; baseline 0.001 -30"><span class='ocrx_word' id='word_1_88' title='bbox 249 1732 542 1821; x_wconf 81' lang='lat' dir='ltr'><strong>dicere,</strong></span> <span class='ocrx_word' id='word_1_89' title='bbox 579 1758 619 1803; x_wconf 80' lang='lat' dir='ltr'>a</span> <span class='ocrx_word' id='word_1_90' title='bbox 670 1757 786 1804; x_wconf 89' lang='lat' dir='ltr'><strong>me</strong></span> <span class='ocrx_word' id='word_1_91' title='bbox 833 1749 1027 1805; x_wconf 87' lang='lat' dir='ltr'><strong>certe</strong></span> <span class='ocrx_word' id='word_1_92' title='bbox 1056 1733 1193 1804; x_wconf 90' lang='lat' dir='ltr'><strong>dici</strong></span> <span class='ocrx_word' id='word_1_93' title='bbox 1233 1735 1535 1805; x_wconf 88' lang='lat' dir='ltr'><strong>volunt:</strong></span> <span class='ocrx_word' id='word_1_94' title='bbox 1578 1737 1695 1805; x_wconf 90' lang='lat' dir='ltr'><strong>cui</strong></span> <span class='ocrx_word' id='word_1_95' title='bbox 1730 1760 2018 1807; x_wconf 87' lang='lat' dir='ltr'><strong>necesse</strong></span> <span class='ocrx_word' id='word_1_96' title='bbox 2052 1751 2157 1806; x_wconf 84' lang='lat' dir='ltr'><strong>est</strong></span> <span class='ocrx_word' id='word_1_97' title='bbox 2198 1762 2385 1834; x_wconf 91' lang='lat' dir='ltr'><strong>quo-</strong></span> 
     </span>
     <span class='ocr_line' id='line_1_14' title="bbox 252 1839 2386 1942; baseline 0.001 -28"><span class='ocrx_word' id='word_1_98' title='bbox 252 1840 691 1930; x_wconf 87' lang='lat' dir='ltr'><strong>dammod0‚</strong></span> <span class='ocrx_word' id='word_1_99' title='bbox 735 1858 805 1914; x_wconf 88' lang='lat' dir='ltr'><strong>et</strong></span> <span class='ocrx_word' id='word_1_100' title='bbox 835 1839 1036 1939; x_wconf 88' lang='lat' dir='ltr'><strong>quod</strong></span> <span class='ocrx_word' id='word_1_101' title='bbox 1069 1843 1359 1932; x_wconf 84' lang='lat' dir='ltr'><strong>volunt,</strong></span> <span class='ocrx_word' id='word_1_102' title='bbox 1405 1858 1479 1914; x_wconf 91' lang='lat' dir='ltr'><strong>et</strong></span> <span class='ocrx_word' id='word_1_103' title='bbox 1524 1842 1726 1940; x_wconf 88' lang='lat' dir='ltr'><strong>quod</strong></span> <span class='ocrx_word' id='word_1_104' title='bbox 1765 1843 2002 1932; x_wconf 87' lang='lat' dir='ltr'><strong>decet,</strong></span> <span class='ocrx_word' id='word_1_105' title='bbox 2042 1861 2114 1917; x_wconf 87' lang='lat' dir='ltr'><strong>et</strong></span> <span class='ocrx_word' id='word_1_106' title='bbox 2149 1846 2386 1942; x_wconf 89' lang='lat' dir='ltr'><strong>quod,</strong></span> 
     </span>
     <span class='ocr_line' id='line_1_15' title="bbox 249 1951 2388 2050; baseline 0.002 -28"><span class='ocrx_word' id='word_1_107' title='bbox 249 1955 360 2022; x_wconf 88' lang='grc' dir='ltr'><strong>Μ.</strong></span> <span class='ocrx_word' id='word_1_108' title='bbox 400 1951 736 2023; x_wconf 83' lang='lat' dir='ltr'><strong>Marcello</strong></span> <span class='ocrx_word' id='word_1_109' title='bbox 769 1976 809 2021; x_wconf 88' lang='lat' dir='ltr'>a</span> <span class='ocrx_word' id='word_1_110' title='bbox 856 1966 926 2022; x_wconf 89' lang='lat' dir='ltr'><strong>te</strong></span> <span class='ocrx_word' id='word_1_111' title='bbox 960 1951 1127 2022; x_wconf 87' lang='lat' dir='ltr'><strong>huic</strong></span> <span class='ocrx_word' id='word_1_112' title='bbox 1170 1951 1442 2040; x_wconf 87' lang='lat' dir='ltr'><strong>ordini,</strong></span> <span class='ocrx_word' id='word_1_113' title='bbox 1477 1952 1901 2050; x_wconf 87' lang='lat' dir='ltr'><strong>populoque</strong></span> <span class='ocrx_word' id='word_1_114' title='bbox 1936 1978 2275 2044; x_wconf 82' lang='lat' dir='ltr'><strong>romano,</strong></span> <span class='ocrx_word' id='word_1_115' title='bbox 2316 1971 2388 2026; x_wconf 90' lang='lat' dir='ltr'><strong>et</strong></span> 
     </span>
     <span class='ocr_line' id='line_1_16' title="bbox 250 2059 2387 2160; baseline 0.002 -29"><span class='ocrx_word' id='word_1_116' title='bbox 250 2059 675 2158; x_wconf 83' lang='lat' dir='ltr'><strong>reipublicae</strong></span> <span class='ocrx_word' id='word_1_117' title='bbox 708 2059 991 2131; x_wconf 87' lang='lat' dir='ltr'><strong>reddito</strong></span> <span class='ocrx_word' id='word_1_118' title='bbox 1012 2115 1032 2147; x_wconf 89' lang='lat'><strong>‚</strong></span> <span class='ocrx_word' id='word_1_119' title='bbox 1080 2065 1434 2160; x_wconf 83' lang='lat' dir='ltr'><strong>proecipue</strong></span> <span class='ocrx_word' id='word_1_120' title='bbox 1474 2060 1549 2132; x_wconf 89' lang='lat' dir='ltr'><strong>id</strong></span> <span class='ocrx_word' id='word_1_121' title='bbox 1586 2086 1625 2132; x_wconf 90' lang='lat' dir='ltr'>a</span> <span class='ocrx_word' id='word_1_122' title='bbox 1656 2086 1773 2133; x_wconf 88' lang='lat' dir='ltr'><strong>me</strong></span> <span class='ocrx_word' id='word_1_123' title='bbox 1807 2060 1961 2133; x_wconf 88' lang='lat' dir='ltr'><strong>fieri</strong></span> <span class='ocrx_word' id='word_1_124' title='bbox 1989 2060 2254 2136; x_wconf 88' lang='lat' dir='ltr'><strong>debere</strong></span> <span class='ocrx_word' id='word_1_125' title='bbox 2283 2066 2387 2135; x_wconf 90' lang='lat' dir='ltr'><strong>in·</strong></span> 
     </span>
     <span class='ocr_line' id='line_1_17' title="bbox 252 2169 2386 2267; baseline 0.001 -25"><span class='ocrx_word' id='word_1_126' title='bbox 252 2169 510 2267; x_wconf 87' lang='lat' dir='ltr'><strong>telligo</strong></span> <span class='ocrx_word' id='word_1_127' title='bbox 526 2173 578 2239; x_wconf 77' lang='lat'><strong>4.</strong></span> <span class='ocrx_word' id='word_1_128' title='bbox 620 2174 802 2243; x_wconf 86' lang='lat' dir='ltr'><strong>Nam</strong></span> <span class='ocrx_word' id='word_1_129' title='bbox 841 2169 1058 2241; x_wconf 80' lang='lat' dir='ltr'><strong>laetari</strong></span> <span class='ocrx_word' id='word_1_130' title='bbox 1098 2196 1388 2261; x_wconf 79' lang='lat' dir='ltr'><strong>omneS,</strong></span> <span class='ocrx_word' id='word_1_131' title='bbox 1434 2197 1585 2242; x_wconf 92' lang='lat' dir='ltr'><strong>non</strong></span> <span class='ocrx_word' id='word_1_132' title='bbox 1619 2187 1704 2243; x_wconf 87' lang='lat' dir='ltr'><strong>ut</strong></span> <span class='ocrx_word' id='word_1_133' title='bbox 1734 2170 1825 2244; x_wconf 89' lang='lat' dir='ltr'><strong>de</strong></span> <span class='ocrx_word' id='word_1_134' title='bbox 1859 2176 2072 2243; x_wconf 89' lang='lat' dir='ltr'><strong>unius</strong></span> <span class='ocrx_word' id='word_1_135' title='bbox 2115 2173 2386 2259; x_wconf 84' lang='lat' dir='ltr'><strong>solum,</strong></span> 
     </span>
     <span class='ocr_line' id='line_1_18' title="bbox 254 2279 2384 2380; baseline 0.001 -28"><span class='ocrx_word' id='word_1_136' title='bbox 254 2281 392 2352; x_wconf 89' lang='lat' dir='ltr'><strong>sed</strong></span> <span class='ocrx_word' id='word_1_137' title='bbox 433 2295 514 2351; x_wconf 86' lang='lat' dir='ltr'><strong>ut</strong></span> <span class='ocrx_word' id='word_1_138' title='bbox 565 2279 655 2351; x_wconf 90' lang='lat' dir='ltr'><strong>de</strong></span> <span class='ocrx_word' id='word_1_139' title='bbox 709 2282 1078 2351; x_wconf 88' lang='lat' dir='ltr'><strong>communi</strong></span> <span class='ocrx_word' id='word_1_140' title='bbox 1127 2284 1454 2352; x_wconf 88' lang='lat' dir='ltr'><strong>omnium</strong></span> <span class='ocrx_word' id='word_1_141' title='bbox 1505 2281 1771 2367; x_wconf 87' lang='lat' dir='ltr'><strong>salute,</strong></span> <span class='ocrx_word' id='word_1_142' title='bbox 1828 2282 2060 2352; x_wconf 87' lang='lat' dir='ltr'><strong>sentio</strong></span> <span class='ocrx_word' id='word_1_143' title='bbox 2112 2311 2129 2354; x_wconf 87' lang='lat'>:</span> <span class='ocrx_word' id='word_1_144' title='bbox 2184 2283 2384 2380; x_wconf 89' lang='lat' dir='ltr'><strong>quod</strong></span> 
     </span>
     <span class='ocr_line' id='line_1_19' title="bbox 254 2388 2383 2492; baseline 0 -28"><span class='ocrx_word' id='word_1_145' title='bbox 254 2388 547 2464; x_wconf 81' lang='lat' dir='ltr'><strong>autem⁵</strong></span> <span class='ocrx_word' id='word_1_146' title='bbox 587 2415 881 2463; x_wconf 85' lang='lat' dir='ltr'><strong>summae</strong></span> <span class='ocrx_word' id='word_1_147' title='bbox 902 2391 1404 2465; x_wconf 64' lang='lat' dir='ltr'><strong>benivolentiae</strong></span> <span class='ocrx_word' id='word_1_148' title='bbox 1433 2408 1576 2481; x_wconf 85' lang='lat' dir='ltr'><strong>est,</strong></span> <span class='ocrx_word' id='word_1_149' title='bbox 1609 2418 1770 2491; x_wconf 86' lang='lat' dir='ltr'><strong>quae</strong></span> <span class='ocrx_word' id='word_1_150' title='bbox 1804 2418 1961 2464; x_wconf 87' lang='lat' dir='ltr'><strong>mea</strong></span> <span class='ocrx_word' id='word_1_151' title='bbox 1987 2419 2154 2492; x_wconf 86' lang='lat' dir='ltr'><strong>erga</strong></span> <span class='ocrx_word' id='word_1_152' title='bbox 2179 2394 2383 2466; x_wconf 87' lang='lat' dir='ltr'><strong>illum</strong></span> 
     </span>
    </p>
   </div>
   <div class='ocr_carea' id='block_1_3' title="bbox 254 2545 1290 4105">
    <p class='ocr_par' dir='ltr' id='par_1_4' title="bbox 254 2545 1283 3478">
     <span class='ocr_line' id='line_1_20' title="bbox 338 2545 1276 2611; baseline 0 -18"><span class='ocrx_word' id='word_1_153' title='bbox 338 2547 386 2593; x_wconf 81' lang='lat'><strong>8.</strong></span> <span class='ocrx_word' id='word_1_154' title='bbox 432 2547 659 2593; x_wconf 79' lang='lat' dir='ltr'><strong>Laterum</strong></span> <span class='ocrx_word' id='word_1_155' title='bbox 706 2556 976 2592; x_wconf 78' lang='lat' dir='ltr'><strong>nostrorum</strong></span> <span class='ocrx_word' id='word_1_156' title='bbox 1020 2545 1276 2611; x_wconf 79' lang='lat' dir='ltr'><strong>oppositus.</strong></span> 
     </span>
     <span class='ocr_line' id='line_1_21' title="bbox 254 2623 1277 2689; baseline 0.002 -19"><span class='ocrx_word' id='word_1_157' title='bbox 254 2623 427 2671; x_wconf 78' lang='lat' dir='ltr'><strong>Verba</strong></span> <span class='ocrx_word' id='word_1_158' title='bbox 454 2624 559 2672; x_wconf 76' lang='lat' dir='ltr'><strong>haec</strong></span> <span class='ocrx_word' id='word_1_159' title='bbox 596 2624 774 2689; x_wconf 75' lang='lat' dir='ltr'><strong>quibus</strong></span> <span class='ocrx_word' id='word_1_160' title='bbox 811 2623 983 2673; x_wconf 85' lang='lat' dir='ltr'><strong>Cicero</strong></span> <span class='ocrx_word' id='word_1_161' title='bbox 1018 2642 1068 2673; x_wconf 73' lang='lat' dir='ltr'><strong>ae</strong></span> <span class='ocrx_word' id='word_1_162' title='bbox 1100 2641 1277 2688; x_wconf 64' lang='lat' dir='ltr'><strong>corpus</strong></span> 
     </span>
     <span class='ocr_line' id='line_1_22' title="bbox 256 2703 1274 2768; baseline 0.001 -18"><span class='ocrx_word' id='word_1_163' title='bbox 256 2704 467 2755; x_wconf 76' lang='lat' dir='ltr'><strong>Caeaaris</strong></span> <span class='ocrx_word' id='word_1_164' title='bbox 485 2703 875 2751; x_wconf 72' lang='lat' dir='ltr'><strong>interfectoribus</strong></span> <span class='ocrx_word' id='word_1_165' title='bbox 888 2736 902 2761; x_wconf 93' lang='lat'>,</span> <span class='ocrx_word' id='word_1_166' title='bbox 918 2703 1065 2768; x_wconf 76' lang='lat' dir='ltr'><strong>siqui</strong></span> <span class='ocrx_word' id='word_1_167' title='bbox 1083 2706 1274 2761; x_wconf 82' lang='lat' dir='ltr'><strong>forent,</strong></span> 
     </span>
     <span class='ocr_line' id='line_1_23' title="bbox 256 2782 1279 2847; baseline -0.003 -15"><span class='ocrx_word' id='word_1_168' title='bbox 256 2783 609 2847; x_wconf 65' lang='lat' dir='ltr'><strong>oppositurum</strong></span> <span class='ocrx_word' id='word_1_169' title='bbox 659 2782 868 2830; x_wconf 72' lang='lat' dir='ltr'><strong>declarat</strong></span> <span class='ocrx_word' id='word_1_170' title='bbox 893 2819 910 2844; x_wconf 78' lang='lat'><strong>,</strong></span> <span class='ocrx_word' id='word_1_171' title='bbox 972 2783 1040 2830; x_wconf 83' lang='lat' dir='ltr'><strong>ita</strong></span> <span class='ocrx_word' id='word_1_172' title='bbox 1089 2782 1279 2846; x_wconf 84' lang='lat' dir='ltr'><strong>accepit</strong></span> 
     </span>
     <span class='ocr_line' id='line_1_24' title="bbox 257 2860 1278 2925; baseline -0.004 -14"><span class='ocrx_word' id='word_1_173' title='bbox 257 2860 479 2911; x_wconf 76' lang='lat' dir='ltr'><strong>Wolfius</strong></span> <span class='ocrx_word' id='word_1_174' title='bbox 511 2862 647 2925; x_wconf 66' lang='lat' dir='ltr'><strong>quasi</strong></span> <span class='ocrx_word' id='word_1_175' title='bbox 670 2862 925 2924; x_wconf 69' lang='lat' dir='ltr'><strong>stipatore·</strong></span> <span class='ocrx_word' id='word_1_176' title='bbox 959 2878 986 2909; x_wconf 92' lang='lat' dir='ltr'><strong>e</strong></span> <span class='ocrx_word' id='word_1_177' title='bbox 1025 2873 1195 2909; x_wconf 74' lang='lat' dir='ltr'><strong>senatu</strong></span> <span class='ocrx_word' id='word_1_178' title='bbox 1231 2870 1278 2908; x_wconf 87' lang='lat' dir='ltr'><strong>et</strong></span> 
     </span>
     <span class='ocr_line' id='line_1_25' title="bbox 257 2936 1279 3005; baseline -0.001 -17"><span class='ocrx_word' id='word_1_179' title='bbox 257 2940 511 3005; x_wconf 73' lang='lat' dir='ltr'><strong>equitibus</strong></span> <span class='ocrx_word' id='word_1_180' title='bbox 541 2939 713 2987; x_wconf 80' lang='lat' dir='ltr'><strong>offerat</strong></span> <span class='ocrx_word' id='word_1_181' title='bbox 744 2936 926 2988; x_wconf 68' lang='lat' dir='ltr'><strong>orator&#39;.</strong></span> <span class='ocrx_word' id='word_1_182' title='bbox 958 2939 1145 2987; x_wconf 68' lang='lat' dir='ltr'><strong>Falsum</strong></span> <span class='ocrx_word' id='word_1_183' title='bbox 1168 2955 1279 2987; x_wconf 86' lang='lat' dir='ltr'><strong>eum</strong></span> 
     </span>
     <span class='ocr_line' id='line_1_26' title="bbox 259 3017 1277 3082; baseline -0.006 -13"><span class='ocrx_word' id='word_1_184' title='bbox 259 3020 473 3069; x_wconf 87' lang='lat' dir='ltr'><strong>omniuo</strong></span> <span class='ocrx_word' id='word_1_185' title='bbox 530 3017 701 3065; x_wconf 82' lang='lat' dir='ltr'><strong>habuit</strong></span> <span class='ocrx_word' id='word_1_186' title='bbox 749 3027 934 3082; x_wconf 70' lang='lat' dir='ltr'><strong>tempus</strong></span> <span class='ocrx_word' id='word_1_187' title='bbox 982 3033 1082 3082; x_wconf 86' lang='lat' dir='ltr'><strong>quo</strong></span> <span class='ocrx_word' id='word_1_188' title='bbox 1121 3017 1277 3065; x_wconf 86' lang='lat' dir='ltr'><strong>oratio</strong></span> 
     </span>
     <span class='ocr_line' id='line_1_27' title="bbox 261 3097 1279 3162; baseline 0 -16"><span class='ocrx_word' id='word_1_189' title='bbox 261 3098 401 3147; x_wconf 84' lang='lat' dir='ltr'><strong>dicta</strong></span> <span class='ocrx_word' id='word_1_190' title='bbox 426 3108 525 3155; x_wconf 70' lang='grc' dir='ltr'><strong>αις</strong></span> <span class='ocrx_word' id='word_1_191' title='bbox 547 3112 718 3161; x_wconf 84' lang='lat' dir='ltr'><strong>nempe</strong></span> <span class='ocrx_word' id='word_1_192' title='bbox 741 3112 841 3144; x_wconf 86' lang='lat' dir='ltr'><strong>non</strong></span> <span class='ocrx_word' id='word_1_193' title='bbox 860 3097 1013 3146; x_wconf 87' lang='lat' dir='ltr'><strong>multo</strong></span> <span class='ocrx_word' id='word_1_194' title='bbox 1040 3109 1154 3162; x_wconf 75' lang='lat' dir='ltr'><strong>post</strong></span> <span class='ocrx_word' id='word_1_195' title='bbox 1173 3098 1279 3146; x_wconf 74' lang='lat' dir='ltr'><strong>Cae-</strong></span> 
     </span>
     <span class='ocr_line' id='line_1_28' title="bbox 260 3176 1278 3237; baseline -0.005 -10"><span class='ocrx_word' id='word_1_196' title='bbox 260 3179 387 3227; x_wconf 71' lang='lat' dir='ltr'><strong>saris</strong></span> <span class='ocrx_word' id='word_1_197' title='bbox 409 3176 615 3224; x_wconf 87' lang='lat' dir='ltr'><strong>reditum</strong></span> <span class='ocrx_word' id='word_1_198' title='bbox 642 3192 702 3223; x_wconf 85' lang='lat' dir='ltr'><strong>ex</strong></span> <span class='ocrx_word' id='word_1_199' title='bbox 733 3176 962 3223; x_wconf 79' lang='lat' dir='ltr'><strong>Africano</strong></span> <span class='ocrx_word' id='word_1_200' title='bbox 995 3176 1148 3233; x_wconf 83' lang='lat' dir='ltr'><strong>bello,</strong></span> <span class='ocrx_word' id='word_1_201' title='bbox 1178 3190 1278 3237; x_wconf 86' lang='lat' dir='ltr'><strong>quo</strong></span> 
     </span>
     <span class='ocr_line' id='line_1_29' title="bbox 261 3252 1281 3304; baseline -0.004 0"><span class='ocrx_word' id='word_1_202' title='bbox 261 3271 401 3304; x_wconf 79' lang='lat' dir='ltr'><strong>auno</strong></span> <span class='ocrx_word' id='word_1_203' title='bbox 467 3254 705 3301; x_wconf 81' lang='lat' dir='ltr'><strong>nihildum</strong></span> <span class='ocrx_word' id='word_1_204' title='bbox 771 3252 836 3301; x_wconf 86' lang='lat' dir='ltr'><strong>ad</strong></span> <span class='ocrx_word' id='word_1_205' title='bbox 896 3253 1281 3302; x_wconf 71' lang='lat' dir='ltr'><strong>constituendam</strong></span> 
     </span>
     <span class='ocr_line' id='line_1_30' title="bbox 262 3332 1283 3398; baseline -0.005 -14"><span class='ocrx_word' id='word_1_206' title='bbox 262 3350 424 3398; x_wconf 83' lang='lat' dir='ltr'><strong>remp.</strong></span> <span class='ocrx_word' id='word_1_207' title='bbox 458 3344 619 3381; x_wconf 80' lang='lat' dir='ltr'><strong>actum</strong></span> <span class='ocrx_word' id='word_1_208' title='bbox 660 3343 792 3391; x_wconf 87' lang='lat' dir='ltr'><strong>erat,</strong></span> <span class='ocrx_word' id='word_1_209' title='bbox 836 3342 884 3379; x_wconf 88' lang='lat' dir='ltr'><strong>et</strong></span> <span class='ocrx_word' id='word_1_210' title='bbox 921 3332 1081 3381; x_wconf 87' lang='lat' dir='ltr'><strong>adhuc</strong></span> <span class='ocrx_word' id='word_1_211' title='bbox 1109 3332 1283 3379; x_wconf 76' lang='lat' dir='ltr'><strong>milites</strong></span> 
     </span>
     <span class='ocr_line' id='line_1_31' title="bbox 263 3411 989 3478; baseline -0.003 -15"><span class='ocrx_word' id='word_1_212' title='bbox 263 3414 492 3478; x_wconf 73' lang='lat' dir='ltr'><strong>corporis</strong></span> <span class='ocrx_word' id='word_1_213' title='bbox 516 3413 743 3461; x_wconf 73' lang='lat' dir='ltr'><strong>custodes</strong></span> <span class='ocrx_word' id='word_1_214' title='bbox 765 3411 989 3461; x_wconf 75' lang='lat' dir='ltr'><strong>habebat.</strong></span> 
     </span>
    </p>

    <p class='ocr_par' dir='ltr' id='par_1_5' title="bbox 262 3488 1286 3778">
     <span class='ocr_line' id='line_1_32' title="bbox 338 3488 1281 3552; baseline -0.005 -12"><span class='ocrx_word' id='word_1_215' title='bbox 338 3495 433 3541; x_wconf 71' lang='lat'><strong>11.</strong></span> <span class='ocrx_word' id='word_1_216' title='bbox 463 3509 509 3540; x_wconf 78' lang='grc' dir='ltr'><strong>ι.</strong></span> <span class='ocrx_word' id='word_1_217' title='bbox 541 3491 680 3538; x_wconf 77' lang='lat' dir='ltr'><strong>Unde</strong></span> <span class='ocrx_word' id='word_1_218' title='bbox 697 3501 773 3538; x_wconf 78' lang='lat' dir='ltr'><strong>est</strong></span> <span class='ocrx_word' id='word_1_219' title='bbox 790 3506 928 3538; x_wconf 81' lang='lat' dir='ltr'><strong>orsa.</strong></span> <span class='ocrx_word' id='word_1_220' title='bbox 957 3488 1039 3538; x_wconf 77' lang='lat' dir='ltr'><strong>Ad</strong></span> <span class='ocrx_word' id='word_1_221' title='bbox 1076 3489 1281 3552; x_wconf 89' lang='lat' dir='ltr'><strong>primum</strong></span> 
     </span>
     <span class='ocr_line' id='line_1_33' title="bbox 262 3565 1286 3632; baseline -0.005 -14"><span class='ocrx_word' id='word_1_222' title='bbox 262 3572 471 3631; x_wconf 78' lang='lat' dir='ltr'><strong>hujusce</strong></span> <span class='ocrx_word' id='word_1_223' title='bbox 502 3569 735 3618; x_wconf 68' lang='lat' dir='ltr'><strong>orationis</strong></span> <span class='ocrx_word' id='word_1_224' title='bbox 772 3568 1081 3632; x_wconf 70' lang='lat' dir='ltr'><strong>propositum</strong></span> <span class='ocrx_word' id='word_1_225' title='bbox 1117 3565 1286 3614; x_wconf 85' lang='lat' dir='ltr'><strong>redea-</strong></span> 
     </span>
     <span class='ocr_line' id='line_1_34' title="bbox 268 3646 1284 3714; baseline -0.004 -16"><span class='ocrx_word' id='word_1_226' title='bbox 268 3667 410 3711; x_wconf 83' lang='lat' dir='ltr'><strong>mua,</strong></span> <span class='ocrx_word' id='word_1_227' title='bbox 438 3666 547 3714; x_wconf 80' lang='lat' dir='ltr'><strong>quae</strong></span> <span class='ocrx_word' id='word_1_228' title='bbox 573 3649 634 3698; x_wconf 80' lang='lat' dir='ltr'><strong>de</strong></span> <span class='ocrx_word' id='word_1_229' title='bbox 664 3647 828 3712; x_wconf 69' lang='lat' dir='ltr'><strong>gratiis</strong></span> <span class='ocrx_word' id='word_1_230' title='bbox 854 3646 945 3694; x_wconf 85' lang='lat' dir='ltr'><strong>tibi</strong></span> <span class='ocrx_word' id='word_1_231' title='bbox 969 3646 1170 3712; x_wconf 73' lang='lat' dir='ltr'><strong>agendis</strong></span> <span class='ocrx_word' id='word_1_232' title='bbox 1199 3646 1284 3694; x_wconf 81' lang='lat' dir='ltr'><strong>ha·</strong></span> 
     </span>
     <span class='ocr_line' id='line_1_35' title="bbox 266 3729 481 3778; baseline 0.005 -2"><span class='ocrx_word' id='word_1_233' title='bbox 266 3729 372 3778; x_wconf 79' lang='lat' dir='ltr'><strong>bita</strong></span> <span class='ocrx_word' id='word_1_234' title='bbox 390 3740 481 3778; x_wconf 71' lang='lat' dir='ltr'><strong>est.</strong></span> 
     </span>
    </p>

    <p class='ocr_par' dir='ltr' id='par_1_6' title="bbox 267 3802 1290 4105">
     <span class='ocr_line' id='line_1_36' title="bbox 345 3802 1285 3876; baseline -0.006 -21"><span class='ocrx_word' id='word_1_235' title='bbox 345 3824 394 3856; x_wconf 76' lang='lat'><strong>2.</strong></span> <span class='ocrx_word' id='word_1_236' title='bbox 440 3806 705 3876; x_wconf 64' lang='lat' dir='ltr'><strong>Lactymtlr.</strong></span> <span class='ocrx_word' id='word_1_237' title='bbox 739 3805 931 3868; x_wconf 68' lang='lat' dir='ltr'><strong>Quibus</strong></span> <span class='ocrx_word' id='word_1_238' title='bbox 978 3815 1026 3853; x_wconf 85' lang='lat' dir='ltr'><strong>te</strong></span> <span class='ocrx_word' id='word_1_239' title='bbox 1065 3802 1285 3852; x_wconf 75' lang='lat' dir='ltr'><strong>Marcelli</strong></span> 
     </span>
     <span class='ocr_line' id='line_1_37' title="bbox 267 3881 1284 3948; baseline -0.006 -15"><span class='ocrx_word' id='word_1_240' title='bbox 267 3888 461 3935; x_wconf 80' lang='lat' dir='ltr'><strong>veniam</strong></span> <span class='ocrx_word' id='word_1_241' title='bbox 505 3901 751 3948; x_wconf 73' lang='lat' dir='ltr'><strong>rogavere.</strong></span> <span class='ocrx_word' id='word_1_242' title='bbox 797 3885 1003 3933; x_wconf 80' lang='lat' dir='ltr'><strong>Miratur</strong></span> <span class='ocrx_word' id='word_1_243' title='bbox 1052 3881 1284 3946; x_wconf 76' lang='lat' dir='ltr'><strong>lacrymas</strong></span> 
     </span>
     <span class='ocr_line' id='line_1_38' title="bbox 268 3962 1287 4024; baseline -0.006 -11"><span class='ocrx_word' id='word_1_244' title='bbox 268 3963 508 4022; x_wconf 75' lang='lat' dir='ltr'><strong>Wolfiua,</strong></span> <span class='ocrx_word' id='word_1_245' title='bbox 536 3963 621 4012; x_wconf 77' lang='lat' dir='ltr'><strong>aed</strong></span> <span class='ocrx_word' id='word_1_246' title='bbox 646 3963 774 4011; x_wconf 88' lang='lat' dir='ltr'><strong>idem</strong></span> <span class='ocrx_word' id='word_1_247' title='bbox 806 3974 964 4011; x_wconf 85' lang='lat' dir='ltr'><strong>tamen</strong></span> <span class='ocrx_word' id='word_1_248' title='bbox 993 3962 1166 4010; x_wconf 88' lang='lat' dir='ltr'><strong>Cicero</strong></span> <span class='ocrx_word' id='word_1_249' title='bbox 1193 3975 1287 4024; x_wconf 83' lang='lat' dir='ltr'><strong>pro</strong></span> 
     </span>
     <span class='ocr_line' id='line_1_39' title="bbox 268 4041 1290 4105; baseline -0.005 -14"><span class='ocrx_word' id='word_1_250' title='bbox 268 4046 405 4093; x_wconf 82' lang='lat' dir='ltr'><strong>Sext.</strong></span> <span class='ocrx_word' id='word_1_251' title='bbox 426 4061 445 4091; x_wconf 87' lang='lat'>1</span> <span class='ocrx_word' id='word_1_252' title='bbox 462 4059 514 4093; x_wconf 85' lang='lat'><strong>1:</strong></span> <span class='ocrx_word' id='word_1_253' title='bbox 538 4065 562 4084; x_wconf 70' lang='grc' dir='ltr'><strong>α</strong></span> <span class='ocrx_word' id='word_1_254' title='bbox 577 4044 692 4090; x_wconf 79' lang='lat' dir='ltr'><strong>Erat</strong></span> <span class='ocrx_word' id='word_1_255' title='bbox 715 4041 884 4089; x_wconf 86' lang='lat' dir='ltr'><strong>eodem</strong></span> <span class='ocrx_word' id='word_1_256' title='bbox 913 4053 1129 4105; x_wconf 81' lang='lat' dir='ltr'><strong>tempore</strong></span> <span class='ocrx_word' id='word_1_257' title='bbox 1150 4055 1290 4087; x_wconf 72' lang='lat' dir='ltr'><strong>seua-</strong></span> 
     </span>
    </p>
   </div>
   <div class='ocr_carea' id='block_1_4' title="bbox 1363 2544 2393 4097">
    <p class='ocr_par' dir='ltr' id='par_1_7' title="bbox 1363 2544 2386 2844">
     <span class='ocr_line' id='line_1_40' title="bbox 1365 2544 2384 2595; baseline 0.001 -1"><span class='ocrx_word' id='word_1_258' title='bbox 1365 2545 1617 2594; x_wconf 79' lang='lat' dir='ltr'><strong>univeraua</strong></span> <span class='ocrx_word' id='word_1_259' title='bbox 1634 2544 1764 2593; x_wconf 83' lang='lat' dir='ltr'><strong>ordo</strong></span> <span class='ocrx_word' id='word_1_260' title='bbox 1782 2544 2111 2593; x_wconf 83' lang='lat' dir='ltr'><strong>cincinnatum</strong></span> <span class='ocrx_word' id='word_1_261' title='bbox 2138 2546 2384 2595; x_wconf 79' lang='lat' dir='ltr'><strong>cumulem</strong></span> 
     </span>
     <span class='ocr_line' id='line_1_41' title="bbox 1364 2623 2379 2689; baseline 0.001 -18"><span class='ocrx_word' id='word_1_262' title='bbox 1364 2624 1534 2672; x_wconf 81' lang='lat' dir='ltr'><strong>orabat</strong></span> <span class='ocrx_word' id='word_1_263' title='bbox 1552 2646 1598 2673; x_wconf 78' lang='grc' dir='ltr'><strong>ιι.</strong></span> <span class='ocrx_word' id='word_1_264' title='bbox 1630 2626 1709 2672; x_wconf 73' lang='lat' dir='ltr'><strong>&#39;Et</strong></span> <span class='ocrx_word' id='word_1_265' title='bbox 1746 2639 1839 2688; x_wconf 83' lang='lat' dir='ltr'><strong>pro</strong></span> <span class='ocrx_word' id='word_1_266' title='bbox 1876 2623 2110 2682; x_wconf 81' lang='lat' dir='ltr'><strong>Plancio,</strong></span> <span class='ocrx_word' id='word_1_267' title='bbox 2147 2640 2255 2689; x_wconf 88' lang='lat' dir='ltr'><strong>cap.</strong></span> <span class='ocrx_word' id='word_1_268' title='bbox 2298 2626 2379 2685; x_wconf 81' lang='lat'><strong>31,</strong></span> 
     </span>
     <span class='ocr_line' id='line_1_42' title="bbox 1365 2701 2386 2768; baseline 0.001 -18"><span class='ocrx_word' id='word_1_269' title='bbox 1365 2703 1594 2767; x_wconf 72' lang='lat' dir='ltr'><strong>gravibus</strong></span> <span class='ocrx_word' id='word_1_270' title='bbox 1623 2702 1745 2750; x_wconf 69' lang='lat' dir='ltr'><strong>viris</strong></span> <span class='ocrx_word' id='word_1_271' title='bbox 1779 2716 2000 2765; x_wconf 83' lang='lat' dir='ltr'><strong>maguam</strong></span> <span class='ocrx_word' id='word_1_272' title='bbox 2027 2702 2127 2749; x_wconf 83' lang='lat' dir='ltr'><strong>vim</strong></span> <span class='ocrx_word' id='word_1_273' title='bbox 2151 2701 2386 2768; x_wconf 76' lang='lat' dir='ltr'><strong>lacryma·</strong></span> 
     </span>
     <span class='ocr_line' id='line_1_43' title="bbox 1363 2779 2066 2844; baseline -0.003 -15"><span class='ocrx_word' id='word_1_274' title='bbox 1363 2798 1472 2829; x_wconf 84' lang='lat' dir='ltr'><strong>rum</strong></span> <span class='ocrx_word' id='word_1_275' title='bbox 1499 2798 1610 2829; x_wconf 88' lang='lat' dir='ltr'><strong>cum</strong></span> <span class='ocrx_word' id='word_1_276' title='bbox 1638 2779 1853 2844; x_wconf 70' lang='lat' dir='ltr'><strong>singultu</strong></span> <span class='ocrx_word' id='word_1_277' title='bbox 1880 2779 2066 2827; x_wconf 83' lang='lat' dir='ltr'><strong>tribuit.</strong></span> 
     </span>
    </p>

    <p class='ocr_par' dir='ltr' id='par_1_8' title="bbox 1365 2857 2387 3552">
     <span class='ocr_line' id='line_1_44' title="bbox 1439 2857 2383 2923; baseline 0 -14"><span class='ocrx_word' id='word_1_278' title='bbox 1439 2862 1491 2909; x_wconf 82' lang='lat'><strong>3.</strong></span> <span class='ocrx_word' id='word_1_279' title='bbox 1534 2861 1648 2908; x_wconf 81' lang='lat' dir='ltr'><strong>Non</strong></span> <span class='ocrx_word' id='word_1_280' title='bbox 1687 2869 1763 2906; x_wconf 74' lang='lat' dir='ltr'><strong>est</strong></span> <span class='ocrx_word' id='word_1_281' title='bbox 1797 2857 2049 2907; x_wconf 74' lang='lat' dir='ltr'><strong>stantibus.</strong></span> <span class='ocrx_word' id='word_1_282' title='bbox 2074 2858 2199 2907; x_wconf 80' lang='lat' dir='ltr'><strong>Edd.</strong></span> <span class='ocrx_word' id='word_1_283' title='bbox 2224 2859 2383 2923; x_wconf 87' lang='lat' dir='ltr'><strong>princ.</strong></span> 
     </span>
     <span class='ocr_line' id='line_1_45' title="bbox 1367 2937 2383 3001; baseline 0 -15"><span class='ocrx_word' id='word_1_284' title='bbox 1367 2938 1654 2986; x_wconf 72' lang='lat' dir='ltr'><strong>astantibus.</strong></span> <span class='ocrx_word' id='word_1_285' title='bbox 1673 2938 1968 3001; x_wconf 73' lang='lat' dir='ltr'><strong>Cot-ruptum</strong></span> <span class='ocrx_word' id='word_1_286' title='bbox 1994 2937 2157 2987; x_wconf 90' lang='lat' dir='ltr'><strong>locum</strong></span> <span class='ocrx_word' id='word_1_287' title='bbox 2186 2951 2383 2986; x_wconf 73' lang='lat' dir='ltr'><strong>censent</strong></span> 
     </span>
     <span class='ocr_line' id='line_1_46' title="bbox 1365 3016 2381 3077; baseline -0.001 -11"><span class='ocrx_word' id='word_1_288' title='bbox 1365 3016 1576 3066; x_wconf 77' lang='lat' dir='ltr'><strong>Woffiua</strong></span> <span class='ocrx_word' id='word_1_289' title='bbox 1601 3026 1652 3064; x_wconf 77' lang='lat' dir='ltr'><strong>et</strong></span> <span class='ocrx_word' id='word_1_290' title='bbox 1673 3019 1728 3066; x_wconf 81' lang='grc' dir='ltr'><strong>Β.</strong></span> <span class='ocrx_word' id='word_1_291' title='bbox 1744 3016 1990 3064; x_wconf 75' lang='lat' dir='ltr'><strong>Weiakiua</strong></span> <span class='ocrx_word' id='word_1_292' title='bbox 2002 3031 2018 3077; x_wconf 78' lang='lat'>3</span> <span class='ocrx_word' id='word_1_293' title='bbox 2054 3019 2193 3077; x_wconf 70' lang='lat' dir='ltr'><strong>cuiue</strong></span> <span class='ocrx_word' id='word_1_294' title='bbox 2224 3027 2381 3065; x_wconf 86' lang='lat' dir='ltr'><strong>tamen</strong></span> 
     </span>
     <span class='ocr_line' id='line_1_47' title="bbox 1368 3094 2382 3158; baseline 0 -15"><span class='ocrx_word' id='word_1_295' title='bbox 1368 3112 1561 3143; x_wconf 68' lang='lat' dir='ltr'><strong>aeneum</strong></span> <span class='ocrx_word' id='word_1_296' title='bbox 1593 3094 1731 3142; x_wconf 69' lang='lat' dir='ltr'><strong>facile</strong></span> <span class='ocrx_word' id='word_1_297' title='bbox 1767 3095 2059 3157; x_wconf 70' lang='lat' dir='ltr'><strong>assequaris:</strong></span> <span class='ocrx_word' id='word_1_298' title='bbox 2101 3112 2251 3158; x_wconf 85' lang='lat' dir='ltr'><strong>quum</strong></span> <span class='ocrx_word' id='word_1_299' title='bbox 2282 3111 2382 3143; x_wconf 88' lang='lat' dir='ltr'><strong>nou</strong></span> 
     </span>
     <span class='ocr_line' id='line_1_48' title="bbox 1366 3174 2387 3239; baseline 0.002 -17"><span class='ocrx_word' id='word_1_300' title='bbox 1366 3176 1430 3223; x_wconf 71' lang='lat' dir='ltr'><strong>eit</strong></span> <span class='ocrx_word' id='word_1_301' title='bbox 1455 3190 1650 3221; x_wconf 78' lang='lat' dir='ltr'><strong>neceaae</strong></span> <span class='ocrx_word' id='word_1_302' title='bbox 1681 3189 1849 3221; x_wconf 75' lang='lat' dir='ltr'><strong>omues</strong></span> <span class='ocrx_word' id='word_1_303' title='bbox 1883 3182 2006 3220; x_wconf 77' lang='lat' dir='ltr'><strong>stare</strong></span> <span class='ocrx_word' id='word_1_304' title='bbox 2037 3183 2084 3221; x_wconf 89' lang='lat' dir='ltr'><strong>et</strong></span> <span class='ocrx_word' id='word_1_305' title='bbox 2120 3174 2285 3239; x_wconf 88' lang='lat' dir='ltr'><strong>loqui,</strong></span> <span class='ocrx_word' id='word_1_306' title='bbox 2310 3191 2387 3224; x_wconf 84' lang='lat' dir='ltr'><strong>me</strong></span> 
     </span>
     <span class='ocr_line' id='line_1_49' title="bbox 1370 3251 2386 3318; baseline 0.002 -18"><span class='ocrx_word' id='word_1_307' title='bbox 1370 3254 1632 3318; x_wconf 84' lang='lat' dir='ltr'><strong>interprete</strong></span> <span class='ocrx_word' id='word_1_308' title='bbox 1671 3263 1787 3299; x_wconf 77' lang='lat' dir='ltr'><strong>aunt</strong></span> <span class='ocrx_word' id='word_1_309' title='bbox 1832 3253 1942 3312; x_wconf 80' lang='lat' dir='ltr'><strong>uai3</strong></span> <span class='ocrx_word' id='word_1_310' title='bbox 1973 3261 2020 3299; x_wconf 87' lang='lat' dir='ltr'><strong>et</strong></span> <span class='ocrx_word' id='word_1_311' title='bbox 2062 3251 2180 3300; x_wconf 78' lang='lat' dir='ltr'><strong>mihi</strong></span> <span class='ocrx_word' id='word_1_312' title='bbox 2217 3269 2386 3318; x_wconf 87' lang='lat' dir='ltr'><strong>parere</strong></span> 
     </span>
     <span class='ocr_line' id='line_1_50' title="bbox 1370 3329 2385 3394; baseline 0.001 -15"><span class='ocrx_word' id='word_1_313' title='bbox 1370 3331 1463 3379; x_wconf 83' lang='lat' dir='ltr'><strong>fuit</strong></span> <span class='ocrx_word' id='word_1_314' title='bbox 1489 3346 1679 3378; x_wconf 67' lang='lat' dir='ltr'><strong>necesse</strong></span> <span class='ocrx_word' id='word_1_315' title='bbox 1694 3365 1710 3391; x_wconf 90' lang='lat'>‚</span> <span class='ocrx_word' id='word_1_316' title='bbox 1729 3329 1841 3392; x_wconf 83' lang='lat' dir='ltr'><strong>quia</strong></span> <span class='ocrx_word' id='word_1_317' title='bbox 1859 3330 2033 3378; x_wconf 81' lang='lat' dir='ltr'><strong>volunt</strong></span> <span class='ocrx_word' id='word_1_318' title='bbox 2048 3363 2062 3388; x_wconf 93' lang='lat'>,</span> <span class='ocrx_word' id='word_1_319' title='bbox 2091 3334 2204 3394; x_wconf 86' lang='lat' dir='ltr'><strong>quia</strong></span> <span class='ocrx_word' id='word_1_320' title='bbox 2223 3332 2385 3394; x_wconf 87' lang='lat' dir='ltr'><strong>decet,</strong></span> 
     </span>
     <span class='ocr_line' id='line_1_51' title="bbox 1369 3408 2386 3474; baseline 0.002 -16"><span class='ocrx_word' id='word_1_321' title='bbox 1369 3421 1419 3458; x_wconf 86' lang='lat' dir='ltr'><strong>et</strong></span> <span class='ocrx_word' id='word_1_322' title='bbox 1445 3411 1559 3474; x_wconf 89' lang='lat' dir='ltr'><strong>quia</strong></span> <span class='ocrx_word' id='word_1_323' title='bbox 1585 3408 1817 3457; x_wconf 83' lang='lat' dir='ltr'><strong>Marcello</strong></span> <span class='ocrx_word' id='word_1_324' title='bbox 1840 3411 2007 3472; x_wconf 71' lang='lat' dir='ltr'><strong>patriae</strong></span> <span class='ocrx_word' id='word_1_325' title='bbox 2033 3412 2259 3459; x_wconf 69' lang='lat' dir='ltr'><strong>restituto</strong></span> <span class='ocrx_word' id='word_1_326' title='bbox 2287 3411 2386 3460; x_wconf 88' lang='lat' dir='ltr'><strong>hoc</strong></span> 
     </span>
     <span class='ocr_line' id='line_1_52' title="bbox 1370 3487 2141 3552; baseline -0.001 -15"><span class='ocrx_word' id='word_1_327' title='bbox 1370 3506 1447 3537; x_wconf 86' lang='lat' dir='ltr'><strong>me</strong></span> <span class='ocrx_word' id='word_1_328' title='bbox 1475 3504 1651 3536; x_wconf 78' lang='lat' dir='ltr'><strong>muuua</strong></span> <span class='ocrx_word' id='word_1_329' title='bbox 1674 3487 1918 3552; x_wconf 61' lang='lat' dir='ltr'><strong>precipue</strong></span> <span class='ocrx_word' id='word_1_330' title='bbox 1944 3499 2141 3552; x_wconf 75' lang='lat' dir='ltr'><strong>spectat.</strong></span> 
     </span>
    </p>

    <p class='ocr_par' dir='ltr' id='par_1_9' title="bbox 1370 3566 2391 3851">
     <span class='ocr_line' id='line_1_53' title="bbox 1444 3566 2388 3634; baseline 0.002 -19"><span class='ocrx_word' id='word_1_331' title='bbox 1444 3578 1493 3626; x_wconf 77' lang='lat'><strong>4.</strong></span> <span class='ocrx_word' id='word_1_332' title='bbox 1516 3571 1647 3616; x_wconf 80' lang='lat' dir='ltr'><strong>Vett.</strong></span> <span class='ocrx_word' id='word_1_333' title='bbox 1669 3566 1781 3615; x_wconf 83' lang='lat' dir='ltr'><strong>edd.</strong></span> <span class='ocrx_word' id='word_1_334' title='bbox 1805 3566 1984 3615; x_wconf 81' lang='lat' dir='ltr'><strong>habent</strong></span> <span class='ocrx_word' id='word_1_335' title='bbox 2007 3567 2125 3634; x_wconf 76' lang='lat' dir='ltr'><strong>fieri</strong></span> <span class='ocrx_word' id='word_1_336' title='bbox 2148 3567 2388 3633; x_wconf 68' lang='lat' dir='ltr'><strong>intelligo.</strong></span> 
     </span>
     <span class='ocr_line' id='line_1_54' title="bbox 1370 3645 2388 3715; baseline 0 -20"><span class='ocrx_word' id='word_1_337' title='bbox 1370 3647 1451 3695; x_wconf 75' lang='lat' dir='ltr'><strong>Al.</strong></span> <span class='ocrx_word' id='word_1_338' title='bbox 1475 3647 1640 3695; x_wconf 65' lang='lat' dir='ltr'><strong>multe</strong></span> <span class='ocrx_word' id='word_1_339' title='bbox 1654 3645 1798 3715; x_wconf 79' lang='lat' dir='ltr'><strong>‚fieri</strong></span> <span class='ocrx_word' id='word_1_340' title='bbox 1813 3645 1987 3694; x_wconf 77' lang='lat' dir='ltr'><strong>debere</strong></span> <span class='ocrx_word' id='word_1_341' title='bbox 2006 3664 2025 3694; x_wconf 80' lang='lat'><strong>.-</strong></span> <span class='ocrx_word' id='word_1_342' title='bbox 2048 3646 2177 3694; x_wconf 86' lang='lat' dir='ltr'><strong>uude</strong></span> <span class='ocrx_word' id='word_1_343' title='bbox 2201 3649 2388 3695; x_wconf 63' lang='lat' dir='ltr'><strong>Erunt.</strong></span> 
     </span>
     <span class='ocr_line' id='line_1_55' title="bbox 1370 3723 2391 3790; baseline -0.002 -17"><span class='ocrx_word' id='word_1_344' title='bbox 1370 3725 1630 3790; x_wconf 80' lang='lat' dir='ltr'><strong>legendum</strong></span> <span class='ocrx_word' id='word_1_345' title='bbox 1656 3734 1795 3788; x_wconf 80' lang='lat' dir='ltr'><strong>putat</strong></span> <span class='ocrx_word' id='word_1_346' title='bbox 1825 3742 1853 3772; x_wconf 86' lang='lat' dir='ltr'><strong>e</strong></span> <span class='ocrx_word' id='word_1_347' title='bbox 1882 3725 2050 3774; x_wconf 80' lang='lat' dir='ltr'><strong>Lamb.</strong></span> <span class='ocrx_word' id='word_1_348' title='bbox 2082 3726 2234 3784; x_wconf 76' lang='lat' dir='ltr'><strong>MSS,</strong></span> <span class='ocrx_word' id='word_1_349' title='bbox 2272 3723 2329 3771; x_wconf 75' lang='lat' dir='ltr'><strong>id</strong></span> <span class='ocrx_word' id='word_1_350' title='bbox 2354 3741 2391 3772; x_wconf 83' lang='lat' dir='ltr'><em>a</em></span> 
     </span>
     <span class='ocr_line' id='line_1_56' title="bbox 1371 3803 1890 3851; baseline 0 0"><span class='ocrx_word' id='word_1_351' title='bbox 1371 3819 1448 3851; x_wconf 83' lang='lat' dir='ltr'><strong>me</strong></span> <span class='ocrx_word' id='word_1_352' title='bbox 1472 3803 1654 3851; x_wconf 77' lang='lat' dir='ltr'><strong>deberi.</strong></span> <span class='ocrx_word' id='word_1_353' title='bbox 1671 3806 1723 3851; x_wconf 86' lang='lat' dir='ltr'><strong>J.</strong></span> <span class='ocrx_word' id='word_1_354' title='bbox 1744 3804 1807 3849; x_wconf 82' lang='lat' dir='ltr'><strong>V.</strong></span> <span class='ocrx_word' id='word_1_355' title='bbox 1836 3805 1890 3851; x_wconf 77' lang='lat'><strong>1..</strong></span> 
     </span>
    </p>

    <p class='ocr_par' dir='ltr' id='par_1_10' title="bbox 1376 3880 2393 4097">
     <span class='ocr_line' id='line_1_57' title="bbox 1444 3880 2392 3944; baseline 0 -16"><span class='ocrx_word' id='word_1_356' title='bbox 1444 3883 1493 3930; x_wconf 83' lang='lat'><strong>5.</strong></span> <span class='ocrx_word' id='word_1_357' title='bbox 1510 3882 1567 3944; x_wconf 80' lang='lat' dir='ltr'><strong>Q.</strong></span> <span class='ocrx_word' id='word_1_358' title='bbox 1584 3891 1760 3929; x_wconf 81' lang='lat' dir='ltr'><strong>amem.</strong></span> <span class='ocrx_word' id='word_1_359' title='bbox 1772 3881 1898 3943; x_wconf 88' lang='lat' dir='ltr'><strong>Quia</strong></span> <span class='ocrx_word' id='word_1_360' title='bbox 1919 3880 2064 3929; x_wconf 87' lang='lat' dir='ltr'><strong>dubia</strong></span> <span class='ocrx_word' id='word_1_361' title='bbox 2078 3881 2150 3927; x_wconf 77' lang='lat' dir='ltr'><strong>M.</strong></span> <span class='ocrx_word' id='word_1_362' title='bbox 2171 3880 2392 3928; x_wconf 84' lang='lat' dir='ltr'><strong>Marcelli</strong></span> 
     </span>
     <span class='ocr_line' id='line_1_58' title="bbox 1376 3959 2391 4023; baseline -0.002 -15"><span class='ocrx_word' id='word_1_363' title='bbox 1376 3961 1531 4008; x_wconf 72' lang='lat' dir='ltr'><strong>salute</strong></span> <span class='ocrx_word' id='word_1_364' title='bbox 1569 3975 1803 4007; x_wconf 75' lang='lat' dir='ltr'><strong>summam</strong></span> <span class='ocrx_word' id='word_1_365' title='bbox 1834 3975 1945 4023; x_wconf 76' lang='lat' dir='ltr'><strong>erga</strong></span> <span class='ocrx_word' id='word_1_366' title='bbox 1974 3974 2087 4006; x_wconf 86' lang='lat' dir='ltr'><strong>eum</strong></span> <span class='ocrx_word' id='word_1_367' title='bbox 2119 3959 2391 4007; x_wconf 84' lang='lat' dir='ltr'><strong>benivolen-</strong></span> 
     </span>
     <span class='ocr_line' id='line_1_59' title="bbox 1379 4036 2393 4097; baseline -0.001 -11"><span class='ocrx_word' id='word_1_368' title='bbox 1379 4040 1524 4097; x_wconf 80' lang='lat' dir='ltr'><strong>tiam,</strong></span> <span class='ocrx_word' id='word_1_369' title='bbox 1547 4037 1924 4087; x_wconf 68' lang='lat' dir='ltr'><strong>sollicitudiuem</strong></span> <span class='ocrx_word' id='word_1_370' title='bbox 1952 4048 2000 4085; x_wconf 88' lang='lat' dir='ltr'><strong>et</strong></span> <span class='ocrx_word' id='word_1_371' title='bbox 2035 4053 2198 4086; x_wconf 88' lang='lat' dir='ltr'><strong>curam</strong></span> <span class='ocrx_word' id='word_1_372' title='bbox 2232 4036 2393 4086; x_wconf 79' lang='lat' dir='ltr'><strong>decla·</strong></span> 
     </span>
    </p>
   </div>
   <div class='ocr_carea' id='block_1_5' title="bbox 273 4113 2394 4184">
    <p class='ocr_par' dir='ltr' id='par_1_11' title="bbox 273 4113 2394 4184">
     <span class='ocr_line' id='line_1_60' title="bbox 273 4113 2394 4184; baseline -0.003 -14"><span class='ocrx_word' id='word_1_373' title='bbox 273 4123 427 4170; x_wconf 78' lang='lat' dir='ltr'><strong>main</strong></span> <span class='ocrx_word' id='word_1_374' title='bbox 447 4122 550 4170; x_wconf 83' lang='lat' dir='ltr'><strong>aede</strong></span> <span class='ocrx_word' id='word_1_375' title='bbox 567 4120 858 4170; x_wconf 75' lang='lat' dir='ltr'><strong>Concordioe</strong></span> <span class='ocrx_word' id='word_1_376' title='bbox 868 4152 992 4170; x_wconf 89' lang='grc'><strong>.....</strong></span> <span class='ocrx_word' id='word_1_377' title='bbox 1004 4135 1155 4184; x_wconf 84' lang='lat' dir='ltr'><strong>quum</strong></span> <span class='ocrx_word' id='word_1_378' title='bbox 1172 4118 1293 4166; x_wconf 74' lang='lat' dir='ltr'><strong>flens</strong></span> <span class='ocrx_word' id='word_1_379' title='bbox 1382 4119 1516 4177; x_wconf 84' lang='lat' dir='ltr'><strong>ravi,</strong></span> <span class='ocrx_word' id='word_1_380' title='bbox 1551 4132 1646 4182; x_wconf 82' lang='lat' dir='ltr'><strong>qua</strong></span> <span class='ocrx_word' id='word_1_381' title='bbox 1689 4116 1771 4164; x_wconf 81' lang='lat' dir='ltr'><strong>vix</strong></span> <span class='ocrx_word' id='word_1_382' title='bbox 1817 4113 1961 4164; x_wconf 37' lang='lat' dir='ltr'><strong>fratri*</strong></span> <span class='ocrx_word' id='word_1_383' title='bbox 1992 4117 2096 4177; x_wconf 72' lang='lat' dir='ltr'><strong>ejus</strong></span> <span class='ocrx_word' id='word_1_384' title='bbox 2143 4115 2394 4174; x_wconf 76' lang='lat' dir='ltr'><strong>cederem3</strong></span> 
     </span>
    </p>
   </div>
  </div>
 </body>
</html>
