2994 4778
594 383 730 455 332
1217 388 1315 455 M.
1367 390 1444 456 T.
1496 389 2090 458 CICERONIS

595 530 822 604 quum
866 505 1175 579 disertus
1217 507 1440 579 homo
1473 513 1553 578 L.
1606 511 1957 581 Antistius
1997 523 2407 590 accusaret,
2471 511 2729 606 Spole·

599 609 794 686 tinus
840 613 1053 702 dixit,
1100 615 1405 687 fundum
1449 619 1804 716 populum
1844 618 2299 717 Spoletinum
2356 644 2510 689 non
2580 646 2733 691 esse

601 724 890 797 factum.
938 725 1245 797 Videbat
1279 728 1468 798 enim
1491 782 1512 814 ‚
1549 728 1865 827 populos
1910 727 2000 799 de
2038 753 2170 799 suo
2201 727 2406 823 jure,
2455 755 2613 799 non
2653 731 2732 801 de

602 849 855 906 nostro
882 889 900 922 ,
933 833 1200 906 fundos
1235 834 1392 907 fieri
1428 837 1662 909 solere
1686 864 1706 923 ;
1734 837 1862 909 sed
1884 892 1906 926 ‚
1943 863 2172 935 quum
2202 836 2407 935 lege³
2437 840 2733 937 Apuleia

607 943 909 1015 coloniae
973 969 1122 1015 non
1180 961 1419 1017 essent
1468 946 1830 1032 deductae,
1888 973 2033 1045 qua
2087 950 2240 1046 lege
2299 952 2731 1021 Saturninus

606 1058 684 1124 C.
721 1056 948 1124 Mario
984 1055 1283 1142 tulerat,
1315 1070 1395 1126 ut
1439 1057 1515 1125 in
1559 1056 1873 1155 singulas
1908 1057 2225 1130 colonias
2261 1054 2506 1131 ternos
2537 1062 2729 1132 cives

610 1187 952 1236 romanos
988 1162 1219 1236 facere
1264 1180 1542 1263 posset,
1585 1167 1892 1264 negabat
1944 1169 2088 1240 hoc
2137 1168 2612 1257 beneficium,
2649 1196 2727 1242 re

610 1274 761 1369 ipsa
816 1273 1094 1345 sublata
1117 1277 1171 1361 ⁴,
1209 1274 1442 1345 valere
1479 1275 1765 1347 debere.
1805 1277 2002 1348 Nihil
2058 1278 2279 1351 habet
2326 1280 2727 1352 similitudi-

611 1386 724 1453 nis
784 1385 916 1455 ista
976 1385 1332 1454 accusatio
1380 1411 1397 1454 ε
1456 1384 1584 1456 sed
1647 1402 1884 1457 tamen
1947 1401 2148 1459 tanta
2217 1392 2609 1461 auctoritas
2661 1391 2730 1460 in

614 1496 697 1564 C.
737 1494 966 1564 Mario
991 1491 1162 1580 fuit,
1200 1508 1281 1563 ut
1312 1518 1464 1565 nou
1503 1519 1632 1592 per
1666 1501 1741 1567 L.
1770 1500 2138 1587 Crassum,
2172 1497 2465 1571 affinem
2500 1526 2728 1584 suum.

511 1686 522 1701 .
614 1603 981 1674 hominem
1018 1601 1421 1674 incredibili
1458 1605 1870 1702 eloquentia
1892 1662 1911 1694 ‚
1955 1607 2080 1680 sed
2115 1611 2370 1707 paucis
2397 1613 2551 1708 ipse
2589 1637 2731 1682 ver-

614 1711 726 1783 bis
767 1735 1051 1783 causam
1081 1711 1276 1783 illam
1307 1715 1648 1810 gravitate
1686 1741 1814 1787 sua
1851 1716 2254 1790 defenderit
2290 1735 2364 1790 et
2391 1719 2730 1818 probarit.

615 1822 794 1911 Quis
829 1822 1023 1891 enim
1060 1835 1283 1908 esset,
1316 1822 1627 1916 judices,
1670 1828 1798 1922 qui
1835 1826 2400 1925 imperatoribus
2436 1832 2729 1915 nostris,

617 1934 691 2001 in
723 1928 958 2016 bello,
994 1933 1071 2000 in
1115 1935 1304 2017 acie,
1355 1932 1432 2001 in
1459 1935 1822 2021 exercitu,
1860 1928 2217 2008 delectum
2261 1940 2569 2025 virtutis;
2600 1942 2726 2034 qui

619 2042 848 2127 sociis,
889 2044 1015 2138 qui
1054 2039 1440 2127 foederati5‚
1483 2044 1556 2112 in
1594 2041 2046 2119 defendenda
2083 2047 2453 2145 republica
2490 2063 2728 2118 nostra

614 2176 818 2251 spem
855 2157 1314 2251 praemiorum
1353 2153 1537 2249 eripi
1563 2152 1826 2227 vellet?
1861 2156 2080 2247 Quod
2113 2159 2173 2230 si
2198 2158 2440 2231 vultus
2473 2164 2551 2230 C.
2583 2163 2731 2229 Ma-

616 2262 832 2348 rii,*si
867 2285 1044 2349 vox,
1083 2264 1142 2332 si
1193 2261 1308 2332 ille
1358 2263 1860 2360 imperatorius
1904 2266 2120 2338 ardor
2161 2269 2544 2340 oculorum
2565 2265 2623 2358 ⁵,
2681 2270 2738 2340 si

612 2458 809 2508 civitate
853 2456 1033 2505 donare
1086 2474 1187 2505 non
1236 2459 1452 2522 potnerit
1470 2492 1486 2518 ,
1517 2459 1631 2509 nisi

616 2537 827 2603 populus
843 2536 1121 2601 Spoletinus
1132 2536 1311 2584 fundus
1328 2537 1478 2584 factus
1491 2548 1631 2597 esset,

614 2631 662 2667 et
691 2617 821 2665 illam
848 2618 1054 2666 Macrini
1084 2616 1418 2664 alienationem
1435 2652 1451 2677 ,
1467 2629 1517 2665 et
1534 2617 1634 2682 pri·

612 2698 752 2746 stinae
778 2697 986 2745 coloniae
1008 2695 1361 2742 abdicationem
1386 2696 1634 2760 approba-

613 2787 703 2824 ret.
726 2777 840 2825 Non
856 2810 871 2834 ,
894 2775 1114 2838 inquam,
1136 2774 1379 2821 AntistIus
1402 2774 1500 2821 hoc
1520 2791 1634 2823 usus

614 2866 688 2905 est
725 2854 1030 2902 firmamento
1046 2887 1061 2911 ‚
1095 2852 1180 2900 sed
1214 2853 1358 2900 aliam
1397 2855 1631 2901 rationem

613 2933 875 2983 adferebat.
919 2932 1086 2994 Quum
1127 2931 1257 2979 enim
1296 2933 1352 2980 L.
1396 2931 1636 2994 Apuleius

615 3013 901 3063 Saturninus
922 3012 1074 3075 legem
1101 3009 1161 3058 de
1184 3010 1390 3059 coloniis
1413 3009 1632 3069 tulisset,

617 3108 726 3157 quae
748 3092 831 3140 lex
855 3090 957 3139 duo
984 3090 1143 3154 capita
1171 3089 1482 3138 continebat:
1512 3090 1632 3138 alte·

620 3187 726 3219 rum
745 3171 1062 3235 precipuum,
1075 3182 1131 3218 ut
1149 3171 1205 3219 C.
1220 3170 1404 3218 Marius
1420 3169 1639 3217 colonias

619 3250 848 3314 quasdam
859 3252 1013 3298 Latini
1022 3252 1142 3311 iuris
1152 3249 1426 3306 deduceret.-
1437 3250 1638 3297 alterum

621 3331 758 3393 quasi
781 3329 1140 3385 secundarium,
1171 3330 1296 3376 utin
1322 3328 1536 3392 singulas
1558 3344 1643 3376 co·

622 3408 779 3456 Ionias
823 3419 986 3455 ternos
1033 3409 1162 3454 cives
1203 3422 1431 3455 romanos
1482 3409 1640 3456 facere

620 3497 797 3553 posset,
816 3485 868 3532 id
886 3496 975 3543 est,
991 3485 1184 3548 opinor,
1195 3496 1400 3548 etquum
1413 3502 1440 3532 e
1454 3487 1637 3534 Latinis

621 3565 828 3616 coloniis
848 3578 1034 3610 rursum
1066 3563 1180 3610 alias
1199 3563 1376 3609 faceret
1390 3562 1609 3610 colonias
1624 3599 1638 3623 ,

617 3658 667 3696 et
687 3642 891 3708 singulis
915 3641 1010 3689 illis
1035 3641 1278 3688 veteribus
1305 3639 1512 3688 coloniis
1538 3636 1640 3690 ter-

619 3743 710 3775 nos
756 3723 887 3771 viros
933 3720 1186 3785 primarios
1237 3720 1434 3784 eligeret
1454 3756 1468 3779 ,
1513 3737 1639 3786 quos

618 3808 800 3856 donare
814 3811 976 3867 posset
993 3815 1193 3848 romana
1213 3801 1408 3849 civitate
1422 3817 1436 3859 ;
1450 3801 1637 3849 Marius

614 3894 894 3948 erumpente
908 3880 1022 3929 belli
1036 3881 1193 3929 Italici
1205 3880 1395 3929 flamma
1413 3882 1639 3930 colonias

609 3964 852 4014 deducere
885 3976 985 4009 non
1021 3961 1183 4024 potuit
1200 3994 1217 4019 ‚
1250 3960 1443 4025 aliquos
1473 3971 1636 4009 tamen

610 4063 637 4095 e
675 4042 919 4094 veteribus
960 4041 1055 4089 illis
1097 4039 1304 4088 coloniis
1325 4075 1339 4097 ‚
1384 4058 1410 4087 e
1451 4040 1635 4104 quibus

1718 2468 1766 2506 et
1809 2458 1861 2506 iu
1898 2457 1977 2506 bis
2013 2457 2181 2506 Titum
2224 2459 2508 2507 morinum
2555 2459 2741 2507 civitate

1720 2537 1937 2585 donavit.
1960 2536 2181 2600 Negabat
2208 2537 2359 2600 igitur
2387 2538 2629 2586 Antistius
2653 2539 2741 2585 boe

1719 2615 2031 2674 beneficium,
2049 2616 2103 2664 id
2113 2627 2201 2675 est,
2209 2617 2426 2664 civitatis
2438 2617 2741 2665 donationem

1722 2695 1880 2743 valere
1906 2693 2108 2751 debere,
2132 2711 2282 2759 quum
2306 2712 2385 2743 res
2415 2698 2522 2760 ipsa
2535 2734 2554 2759 ,
2577 2696 2630 2744 id
2654 2707 2740 2751 est,

1723 2774 2022 2823 coloniarum
2055 2774 2289 2823 deductio
2327 2775 2500 2823 fnisset
2533 2776 2710 2823 sublata
2728 2809 2742 2832 ‚

1722 2869 1882 2917 neque
1899 2853 1963 2900 ad
1979 2853 2162 2900 exitum
2186 2853 2389 2916 perduci
2408 2856 2667 2918 potuisset.

1794 2933 1840 2980 3.
1872 2934 1996 2996 Lege
2024 2931 2249 2996 Apuleia.
2282 2933 2335 2978 1..
2362 2934 2568 2997 Apuleii
2593 2936 2745 2981 Satur·

1722 3012 1826 3058 nini
1844 3010 2027 3058 tribuni
2047 3009 2222 3075 plebis.

1709 3094 1715 3100 ‘
1796 3102 1847 3147 4.
1874 3092 1943 3137 Re
1968 3089 2076 3152 ipsa
2097 3089 2308 3138 sublata.
2336 3089 2400 3137 Id
2424 3100 2522 3147 est,
2546 3088 2741 3138 coloniis

1727 3184 1827 3216 non
1847 3168 2085 3216 deductis.

1799 3250 1847 3295 5.
1895 3248 2063 3296 Ardor
2094 3247 2361 3298 oculorum.
2405 3248 2653 3320 peculia-ris
2685 3247 2739 3292 in

1727 3326 1887 3375 Mario
1927 3327 2020 3374 fuit
2054 3326 2201 3374 ardor
2230 3326 2503 3375 oculorum.
2535 3325 2742 3373 Mintur-

1728 3420 1898 3452 nenses
1936 3404 2145 3452 Marium
2194 3420 2368 3453 necare
2412 3406 2713 3454 decreverant
2731 3437 2748 3458 ‚

1727 3484 2048 3546 miserantque
2087 3482 2337 3531 Cimbrum
2382 3487 2621 3548 equitem,
2661 3482 2753 3546 qui

1728 3579 1826 3611 rem
1861 3562 2156 3626 transigeret.
2191 3565 2240 3609 Is
2276 3563 2455 3610 stricto
2490 3562 2658 3626 gladio
2691 3560 2756 3609 ad

1727 3659 1837 3691 eum
1859 3643 2099 3705 ingressus
2120 3652 2192 3689 est
2206 3675 2222 3699 ,
2245 3658 2400 3705 quum
2421 3642 2563 3689 locus
2583 3643 2636 3688 in
2658 3657 2759 3705 quo

1728 3731 1827 3771 emt
1845 3755 1863 3781 ‚
1906 3732 2030 3770 esset
2067 3720 2342 3769 obscurior.
2373 3742 2397 3763 α
2418 3722 2562 3768 Tuuc
2584 3722 2727 3768 aiunt
2743 3753 2758 3777 ‚

1725 3800 1897 3849 oculos
1915 3802 2058 3848 Marii
2086 3799 2337 3864 copiosam
2359 3798 2608 3847 flammam
2629 3800 2764 3848 emit-

1725 3891 1880 3928 tentes
1914 3880 2055 3928 militi
2088 3880 2365 3945 apparuisse
2388 3914 2403 3934 .
2434 3896 2764 3944 magnamque

1724 3975 1895 4007 vocem
1935 3976 1998 4008 ex
2036 3960 2298 4007 tenebroso
2336 3959 2454 4007 loco
2492 3961 2764 4006 emissam:

1721 4040 1860 4086 Tune
1877 4040 2047 4097 etiam,
2066 4055 2098 4084 o
2112 4037 2290 4095 homo,
2305 4037 2454 4084 audes
2467 4040 2524 4087 C.
2546 4039 2762 4085 Marium

610 4125 815 4175 colonos
833 4122 1150 4173 transcribere
1165 4122 1330 4171 aniino
1350 4121 1630 4179 destinarat,
1720 4116 2026 4166 interficere?
2061 4121 2193 4180 Fuga
2232 4134 2283 4165 se
2321 4117 2480 4165 statim
2507 4118 2764 4182 proripuit
