<?xml version="1.0" encoding="UTF-8"?>
<!DOCTYPE html PUBLIC "-//W3C//DTD XHTML 1.0 Transitional//EN"
    "http://www.w3.org/TR/xhtml1/DTD/xhtml1-transitional.dtd">
<html xmlns="http://www.w3.org/1999/xhtml" xml:lang="en" lang="en">
 <head>
  <title>
</title>
<meta http-equiv="Content-Type" content="text/html;charset=utf-8" />
  <meta name='ocr-system' content='tesseract 3.04.00' />
  <meta name='ocr-capabilities' content='ocr_page ocr_carea ocr_par ocr_line ocrx_word'/>
</head>
<body>
  <div class='ocr_page' id='page_1' title='image "./mtciceronisquae06lemagoog_0085.png"; bbox 0 0 2994 4778; ppageno 0'>
   <div class='ocr_carea' id='block_1_1' title="bbox 771 401 2415 499">
    <p class='ocr_par' dir='ltr' id='par_1_1' title="bbox 771 401 2415 499">
     <span class='ocr_line' id='line_1_1' title="bbox 771 401 2415 499; baseline 0.002 -29"><span class='ocrx_word' id='word_1_1' title='bbox 771 405 1154 472; x_wconf 83' lang='lat' dir='ltr'><strong>ORATIO</strong></span> <span class='ocrx_word' id='word_1_2' title='bbox 1204 406 1407 473; x_wconf 89' lang='lat' dir='ltr'>PRO</span> <span class='ocrx_word' id='word_1_3' title='bbox 1457 407 1533 472; x_wconf 91' lang='lat' dir='ltr'>P.</span> <span class='ocrx_word' id='word_1_4' title='bbox 1586 405 1972 474; x_wconf 83' lang='lat' dir='ltr'><strong>SEXTIO.</strong></span> <span class='ocrx_word' id='word_1_5' title='bbox 2325 401 2415 499; x_wconf 83' lang='lat'>75</span> 
     </span>
    </p>
   </div>
   <div class='ocr_carea' id='block_1_2' title="bbox 284 522 2426 2047">
    <p class='ocr_par' dir='ltr' id='par_1_2' title="bbox 284 522 2424 1487">
     <span class='ocr_line' id='line_1_2' title="bbox 287 522 2419 620; baseline 0 -23"><span class='ocrx_word' id='word_1_6' title='bbox 287 549 476 597; x_wconf 75' lang='lat' dir='ltr'>rum</span> <span class='ocrx_word' id='word_1_7' title='bbox 497 536 530 582; x_wconf 82' lang='lat'><em>9</em></span> <span class='ocrx_word' id='word_1_8' title='bbox 561 522 990 620; x_wconf 81' lang='lat' dir='ltr'>corporibus</span> <span class='ocrx_word' id='word_1_9' title='bbox 1021 522 1333 610; x_wconf 80' lang='lat' dir='ltr'>obtexit,</span> <span class='ocrx_word' id='word_1_10' title='bbox 1367 527 1730 619; x_wconf 86' lang='lat' dir='ltr'>vitamque</span> <span class='ocrx_word' id='word_1_11' title='bbox 1766 540 1916 595; x_wconf 82' lang='lat' dir='ltr'>tum</span> <span class='ocrx_word' id='word_1_12' title='bbox 1953 549 2149 597; x_wconf 87' lang='lat' dir='ltr'>suam</span> <span class='ocrx_word' id='word_1_13' title='bbox 2188 528 2419 597; x_wconf 87' lang='lat' dir='ltr'>noctis</span> 
     </span>
     <span class='ocr_line' id='line_1_3' title="bbox 303 631 2412 730; baseline -0 -26"><span class='ocrx_word' id='word_1_14' title='bbox 303 650 394 705; x_wconf 87' lang='lat' dir='ltr'>et</span> <span class='ocrx_word' id='word_1_15' title='bbox 432 632 616 729; x_wconf 62' lang='lat' dir='ltr'>fugat</span> <span class='ocrx_word' id='word_1_16' title='bbox 657 631 1020 730; x_wconf 82' lang='lat' dir='ltr'>praesidi0‚</span> <span class='ocrx_word' id='word_1_17' title='bbox 1063 658 1210 702; x_wconf 91' lang='lat' dir='ltr'>non</span> <span class='ocrx_word' id='word_1_18' title='bbox 1245 634 1422 726; x_wconf 74' lang='lat' dir='ltr'>juris</span> <span class='ocrx_word' id='word_1_19' title='bbox 1453 633 2036 728; x_wconf 84' lang='lat' dir='ltr'>judiciorumque</span> <span class='ocrx_word' id='word_1_20' title='bbox 2074 631 2412 705; x_wconf 87' lang='lat' dir='ltr'><strong>defendit.</strong></span> 
     </span>
     <span class='ocr_line' id='line_1_4' title="bbox 297 740 2416 840; baseline -0.001 -26"><span class='ocrx_word' id='word_1_21' title='bbox 297 745 736 815; x_wconf 76' lang='lat' dir='ltr'>Meministis</span> <span class='ocrx_word' id='word_1_22' title='bbox 772 757 960 828; x_wconf 90' lang='lat' dir='ltr'>tum,</span> <span class='ocrx_word' id='word_1_23' title='bbox 989 740 1302 836; x_wconf 59' lang='lat' dir='ltr'>judicem,</span> <span class='ocrx_word' id='word_1_24' title='bbox 1346 741 1774 840; x_wconf 79' lang='lat' dir='ltr'>corporibus</span> <span class='ocrx_word' id='word_1_25' title='bbox 1817 743 2079 813; x_wconf 85' lang='lat' dir='ltr'>civium</span> <span class='ocrx_word' id='word_1_26' title='bbox 2105 741 2416 813; x_wconf 85' lang='lat' dir='ltr'>Tiberim</span> 
     </span>
     <span class='ocr_line' id='line_1_5' title="bbox 291 848 2412 949; baseline -0.002 -25"><span class='ocrx_word' id='word_1_27' title='bbox 291 853 701 949; x_wconf 87' lang='lat' dir='ltr'>compleri,</span> <span class='ocrx_word' id='word_1_28' title='bbox 735 852 1005 922; x_wconf 79' lang='lat' dir='ltr'>cloacas</span> <span class='ocrx_word' id='word_1_29' title='bbox 1026 860 1088 894; x_wconf 87' lang='lat'>¹⁰</span> <span class='ocrx_word' id='word_1_30' title='bbox 1115 849 1464 939; x_wconf 87' lang='lat' dir='ltr'>referciri,</span> <span class='ocrx_word' id='word_1_31' title='bbox 1493 878 1532 921; x_wconf 84' lang='lat' dir='ltr'>e</span> <span class='ocrx_word' id='word_1_32' title='bbox 1559 850 1719 922; x_wconf 89' lang='lat' dir='ltr'>foro</span> <span class='ocrx_word' id='word_1_33' title='bbox 1756 851 2075 948; x_wconf 86' lang='lat' dir='ltr'>spongiis</span> <span class='ocrx_word' id='word_1_34' title='bbox 2102 848 2412 947; x_wconf 85' lang='lat' dir='ltr'>effingi¹¹</span> 
     </span>
     <span class='ocr_line' id='line_1_6' title="bbox 284 961 2420 1058; baseline -0.001 -26"><span class='ocrx_word' id='word_1_35' title='bbox 284 963 732 1056; x_wconf 81' lang='lat' dir='ltr'>sanguinem</span> <span class='ocrx_word' id='word_1_36' title='bbox 755 1015 775 1048; x_wconf 89' lang='lat'>‚</span> <span class='ocrx_word' id='word_1_37' title='bbox 820 976 901 1031; x_wconf 91' lang='lat' dir='ltr'>ut</span> <span class='ocrx_word' id='word_1_38' title='bbox 937 984 1189 1031; x_wconf 89' lang='lat' dir='ltr'>omnes</span> <span class='ocrx_word' id='word_1_39' title='bbox 1236 975 1502 1032; x_wconf 87' lang='lat' dir='ltr'>tantam</span> <span class='ocrx_word' id='word_1_40' title='bbox 1539 961 1727 1032; x_wconf 88' lang='lat' dir='ltr'>illam</span> <span class='ocrx_word' id='word_1_41' title='bbox 1766 963 2045 1058; x_wconf 88' lang='lat' dir='ltr'>copiam</span> <span class='ocrx_word' id='word_1_42' title='bbox 2070 970 2154 1045; x_wconf 80' lang='lat'>¹²,</span> <span class='ocrx_word' id='word_1_43' title='bbox 2183 975 2251 1030; x_wconf 87' lang='lat' dir='ltr'>et</span> <span class='ocrx_word' id='word_1_44' title='bbox 2278 977 2420 1031; x_wconf 91' lang='lat' dir='ltr'>tam</span> 
     </span>
     <span class='ocr_line' id='line_1_7' title="bbox 285 1069 2419 1170; baseline -0.001 -27"><span class='ocrx_word' id='word_1_45' title='bbox 285 1070 767 1168; x_wconf 86' lang='lat' dir='ltr'>magnificum</span> <span class='ocrx_word' id='word_1_46' title='bbox 824 1085 1244 1168; x_wconf 87' lang='lat' dir='ltr'>apparatum</span> <span class='ocrx_word' id='word_1_47' title='bbox 1271 1069 1357 1163; x_wconf 76' lang='lat'>¹³,</span> <span class='ocrx_word' id='word_1_48' title='bbox 1413 1096 1562 1142; x_wconf 90' lang='lat' dir='ltr'>non</span> <span class='ocrx_word' id='word_1_49' title='bbox 1619 1076 2017 1170; x_wconf 76' lang='lat' dir='ltr'>privatum,</span> <span class='ocrx_word' id='word_1_50' title='bbox 2082 1084 2207 1140; x_wconf 89' lang='lat' dir='ltr'>aut</span> <span class='ocrx_word' id='word_1_51' title='bbox 2270 1071 2419 1167; x_wconf 86' lang='lat' dir='ltr'>ple·</span> 
     </span>
     <span class='ocr_line' id='line_1_8' title="bbox 287 1181 2421 1277; baseline -0.001 -24"><span class='ocrx_word' id='word_1_52' title='bbox 287 1181 597 1267; x_wconf 83' lang='lat' dir='ltr'>beinm,</span> <span class='ocrx_word' id='word_1_53' title='bbox 641 1181 765 1252; x_wconf 88' lang='lat' dir='ltr'>sed</span> <span class='ocrx_word' id='word_1_54' title='bbox 819 1181 1194 1277; x_wconf 85' lang='lat' dir='ltr'>patricium</span> <span class='ocrx_word' id='word_1_55' title='bbox 1235 1195 1306 1252; x_wconf 87' lang='lat' dir='ltr'>et</span> <span class='ocrx_word' id='word_1_56' title='bbox 1349 1184 1759 1277; x_wconf 83' lang='lat' dir='ltr'>praetorium</span> <span class='ocrx_word' id='word_1_57' title='bbox 1802 1207 1953 1253; x_wconf 89' lang='lat' dir='ltr'>esse</span> <span class='ocrx_word' id='word_1_58' title='bbox 1998 1182 2421 1251; x_wconf 86' lang='lat' dir='ltr'>arbitraren-</span> 
     </span>
     <span class='ocr_line' id='line_1_9' title="bbox 291 1282 2424 1387; baseline -0.001 -24"><span class='ocrx_word' id='word_1_59' title='bbox 291 1306 450 1363; x_wconf 89' lang='lat' dir='ltr'>tur.</span> <span class='ocrx_word' id='word_1_60' title='bbox 488 1290 719 1375; x_wconf 82' lang='lat' dir='ltr'>Nihil,</span> <span class='ocrx_word' id='word_1_61' title='bbox 768 1315 1011 1386; x_wconf 85' lang='lat' dir='ltr'>neque</span> <span class='ocrx_word' id='word_1_62' title='bbox 1049 1303 1213 1361; x_wconf 87' lang='lat' dir='ltr'>ante</span> <span class='ocrx_word' id='word_1_63' title='bbox 1256 1282 1394 1362; x_wconf 83' lang='lat' dir='ltr'>hoc</span> <span class='ocrx_word' id='word_1_64' title='bbox 1440 1306 1725 1387; x_wconf 87' lang='lat' dir='ltr'>tempus</span> <span class='ocrx_word' id='word_1_65' title='bbox 1749 1345 1768 1378; x_wconf 92' lang='lat'>,</span> <span class='ocrx_word' id='word_1_66' title='bbox 1813 1314 2051 1386; x_wconf 86' lang='lat' dir='ltr'>neque</span> <span class='ocrx_word' id='word_1_67' title='bbox 2092 1289 2233 1360; x_wconf 92' lang='lat' dir='ltr'>hoc</span> <span class='ocrx_word' id='word_1_68' title='bbox 2267 1290 2424 1385; x_wconf 90' lang='lat' dir='ltr'>ipso</span> 
     </span>
     <span class='ocr_line' id='line_1_10' title="bbox 294 1397 2422 1487; baseline -0.003 -16"><span class='ocrx_word' id='word_1_69' title='bbox 294 1400 936 1471; x_wconf 85' lang='lat' dir='ltr'>turbulentissimo</span> <span class='ocrx_word' id='word_1_70' title='bbox 975 1397 1126 1487; x_wconf 83' lang='lat' dir='ltr'>die,</span> <span class='ocrx_word' id='word_1_71' title='bbox 1165 1402 1759 1470; x_wconf 75' lang='lat' dir='ltr'>criminationis¹4</span> <span class='ocrx_word' id='word_1_72' title='bbox 1793 1423 1942 1470; x_wconf 83' lang='lat' dir='ltr'>esse</span> <span class='ocrx_word' id='word_1_73' title='bbox 1974 1400 2048 1467; x_wconf 92' lang='lat' dir='ltr'>in</span> <span class='ocrx_word' id='word_1_74' title='bbox 2081 1399 2422 1467; x_wconf 81' lang='lat' dir='ltr'>Sextium.</span> 
     </span>
    </p>

    <p class='ocr_par' dir='ltr' id='par_1_3' title="bbox 301 1508 2426 2047">
     <span class='ocr_line' id='line_1_11' title="bbox 406 1508 2426 1606; baseline -0.003 -25"><span class='ocrx_word' id='word_1_75' title='bbox 406 1514 733 1581; x_wconf 82' lang='lat' dir='ltr'><strong>XXXVI.</strong></span> <span class='ocrx_word' id='word_1_76' title='bbox 808 1510 1068 1606; x_wconf 83' lang='lat' dir='ltr'>Atqui¹</span> <span class='ocrx_word' id='word_1_77' title='bbox 1131 1510 1234 1578; x_wconf 82' lang='lat' dir='ltr'>vis</span> <span class='ocrx_word' id='word_1_78' title='bbox 1293 1511 1369 1578; x_wconf 90' lang='lat' dir='ltr'>in</span> <span class='ocrx_word' id='word_1_79' title='bbox 1430 1508 1588 1578; x_wconf 89' lang='lat' dir='ltr'>foro</span> <span class='ocrx_word' id='word_1_80' title='bbox 1649 1523 1916 1579; x_wconf 86' lang='lat' dir='ltr'>versata</span> <span class='ocrx_word' id='word_1_81' title='bbox 1978 1522 2103 1578; x_wconf 88' lang='lat' dir='ltr'>est.</span> <span class='ocrx_word' id='word_1_82' title='bbox 2170 1511 2381 1577; x_wconf 84' lang='lat' dir='ltr'><strong>Certe</strong></span> <span class='ocrx_word' id='word_1_83' title='bbox 2411 1531 2426 1574; x_wconf 74' lang='grc' dir='ltr'><strong><em>ε</em></strong></span> 
     </span>
     <span class='ocr_line' id='line_1_12' title="bbox 301 1615 2424 1718; baseline -0.002 -28"><span class='ocrx_word' id='word_1_84' title='bbox 301 1618 612 1718; x_wconf 87' lang='lat' dir='ltr'>quando</span> <span class='ocrx_word' id='word_1_85' title='bbox 653 1622 846 1690; x_wconf 85' lang='lat' dir='ltr'>enim</span> <span class='ocrx_word' id='word_1_86' title='bbox 889 1617 1160 1712; x_wconf 80' lang='lat' dir='ltr'>major?</span> <span class='ocrx_word' id='word_1_87' title='bbox 1191 1617 1695 1714; x_wconf 84' lang='lat' dir='ltr'>Lapidationes</span> <span class='ocrx_word' id='word_1_88' title='bbox 1733 1642 2049 1715; x_wconf 70' lang='lat' dir='ltr'>persaepe</span> <span class='ocrx_word' id='word_1_89' title='bbox 2082 1615 2424 1701; x_wconf 78' lang='lat' dir='ltr'>vidimus3</span> 
     </span>
     <span class='ocr_line' id='line_1_13' title="bbox 301 1726 2424 1827; baseline -0.002 -26"><span class='ocrx_word' id='word_1_90' title='bbox 301 1756 462 1801; x_wconf 86' lang='lat' dir='ltr'>non</span> <span class='ocrx_word' id='word_1_91' title='bbox 489 1731 586 1801; x_wconf 87' lang='lat' dir='ltr'>ita</span> <span class='ocrx_word' id='word_1_92' title='bbox 612 1752 835 1825; x_wconf 64' lang='lat' dir='ltr'>saepe,</span> <span class='ocrx_word' id='word_1_93' title='bbox 864 1727 988 1799; x_wconf 86' lang='lat' dir='ltr'>sed</span> <span class='ocrx_word' id='word_1_94' title='bbox 1019 1730 1317 1799; x_wconf 84' lang='lat' dir='ltr'>nimium</span> <span class='ocrx_word' id='word_1_95' title='bbox 1345 1743 1581 1803; x_wconf 78' lang='lat' dir='ltr'>tamen</span> <span class='ocrx_word' id='word_1_96' title='bbox 1611 1754 1793 1827; x_wconf 85' lang='lat' dir='ltr'>saepe</span> <span class='ocrx_word' id='word_1_97' title='bbox 1821 1727 2120 1826; x_wconf 86' lang='lat' dir='ltr'>gladios:</span> <span class='ocrx_word' id='word_1_98' title='bbox 2160 1726 2424 1799; x_wconf 81' lang='lat' dir='ltr'>caedem</span> 
     </span>
     <span class='ocr_line' id='line_1_14' title="bbox 301 1837 2426 1935; baseline -0.001 -25"><span class='ocrx_word' id='word_1_99' title='bbox 301 1866 486 1912; x_wconf 75' lang='lat' dir='ltr'>vero</span> <span class='ocrx_word' id='word_1_100' title='bbox 518 1853 817 1925; x_wconf 87' lang='lat' dir='ltr'>tantam,</span> <span class='ocrx_word' id='word_1_101' title='bbox 845 1852 1079 1909; x_wconf 85' lang='lat' dir='ltr'>tantos</span> <span class='ocrx_word' id='word_1_102' title='bbox 1103 1863 1390 1910; x_wconf 85' lang='lat' dir='ltr'>acervos</span> <span class='ocrx_word' id='word_1_103' title='bbox 1413 1863 1800 1935; x_wconf 87' lang='lat' dir='ltr'>corporum</span> <span class='ocrx_word' id='word_1_104' title='bbox 1825 1852 2253 1926; x_wconf 77' lang='lat' dir='ltr'>exstructOS,</span> <span class='ocrx_word' id='word_1_105' title='bbox 2288 1837 2426 1908; x_wconf 87' lang='lat' dir='ltr'>nisi</span> 
     </span>
     <span class='ocr_line' id='line_1_15' title="bbox 305 1949 2424 2047; baseline -0.002 -25"><span class='ocrx_word' id='word_1_106' title='bbox 305 1950 508 2022; x_wconf 84' lang='lat' dir='ltr'>forte</span> <span class='ocrx_word' id='word_1_107' title='bbox 549 1949 675 2021; x_wconf 85' lang='lat' dir='ltr'>illo</span> <span class='ocrx_word' id='word_1_108' title='bbox 713 1952 1088 2022; x_wconf 80' lang='lat' dir='ltr'>Cinnano²</span> <span class='ocrx_word' id='word_1_109' title='bbox 1142 1964 1358 2047; x_wconf 84' lang='lat' dir='ltr'>atque</span> <span class='ocrx_word' id='word_1_110' title='bbox 1411 1951 1802 2021; x_wconf 84' lang='lat' dir='ltr'>Octaviano</span> <span class='ocrx_word' id='word_1_111' title='bbox 1842 1949 2000 2035; x_wconf 82' lang='lat' dir='ltr'>die,</span> <span class='ocrx_word' id='word_1_112' title='bbox 2060 1951 2218 2045; x_wconf 86' lang='lat' dir='ltr'>quis</span> <span class='ocrx_word' id='word_1_113' title='bbox 2267 1970 2424 2018; x_wconf 89' lang='lat' dir='ltr'>um-</span> 
     </span>
    </p>
   </div>
   <div class='ocr_carea' id='block_1_3' title="bbox 310 2229 1331 2443">
    <p class='ocr_par' dir='ltr' id='par_1_4' title="bbox 310 2229 1331 2443">
     <span class='ocr_line' id='line_1_16' title="bbox 380 2229 1329 2297; baseline -0.006 -15"><span class='ocrx_word' id='word_1_114' title='bbox 380 2250 434 2297; x_wconf 79' lang='lat'>9.</span> <span class='ocrx_word' id='word_1_115' title='bbox 454 2237 710 2282; x_wconf 70' lang='lat' dir='ltr'>Servorum</span> <span class='ocrx_word' id='word_1_116' title='bbox 729 2242 777 2279; x_wconf 79' lang='lat' dir='ltr'>ec</span> <span class='ocrx_word' id='word_1_117' title='bbox 798 2231 1081 2280; x_wconf 73' lang='lat' dir='ltr'>libertorum.</span> <span class='ocrx_word' id='word_1_118' title='bbox 1099 2230 1196 2293; x_wconf 88' lang='lat' dir='ltr'>Qui</span> <span class='ocrx_word' id='word_1_119' title='bbox 1214 2229 1329 2277; x_wconf 90' lang='lat' dir='ltr'>hinc</span> 
     </span>
     <span class='ocr_line' id='line_1_17' title="bbox 310 2310 1331 2377; baseline -0.006 -16"><span class='ocrx_word' id='word_1_120' title='bbox 310 2314 425 2361; x_wconf 76' lang='lat' dir='ltr'>inde</span> <span class='ocrx_word' id='word_1_121' title='bbox 449 2328 544 2377; x_wconf 83' lang='lat' dir='ltr'>pro</span> <span class='ocrx_word' id='word_1_122' title='bbox 567 2311 779 2359; x_wconf 87' lang='lat' dir='ltr'>dominis</span> <span class='ocrx_word' id='word_1_123' title='bbox 799 2326 1003 2374; x_wconf 82' lang='lat' dir='ltr'>corpora</span> <span class='ocrx_word' id='word_1_124' title='bbox 1024 2310 1331 2370; x_wconf 84' lang='lat' dir='ltr'>objicientes,</span> 
     </span>
     <span class='ocr_line' id='line_1_18' title="bbox 318 2389 1331 2443; baseline -0.007 0"><span class='ocrx_word' id='word_1_125' title='bbox 318 2397 505 2443; x_wconf 71' lang='lat' dir='ltr'>fueram</span> <span class='ocrx_word' id='word_1_126' title='bbox 541 2395 671 2441; x_wconf 65' lang='lat' dir='ltr'>ensi.</span> <span class='ocrx_word' id='word_1_127' title='bbox 710 2392 960 2440; x_wconf 73' lang='lat' dir='ltr'>Manutius</span> <span class='ocrx_word' id='word_1_128' title='bbox 998 2389 1174 2437; x_wconf 86' lang='lat' dir='ltr'>lectum</span> <span class='ocrx_word' id='word_1_129' title='bbox 1214 2389 1331 2437; x_wconf 79' lang='lat' dir='ltr'>velit</span> 
     </span>
    </p>
   </div>
   <div class='ocr_carea' id='block_1_4' title="bbox 1415 2227 2429 2454">
    <p class='ocr_par' dir='ltr' id='par_1_5' title="bbox 1415 2227 2429 2454">
     <span class='ocr_line' id='line_1_19' title="bbox 1415 2227 2428 2293; baseline -0.003 -16"><span class='ocrx_word' id='word_1_130' title='bbox 1415 2239 1495 2291; x_wconf 87' lang='lat' dir='ltr'>to,</span> <span class='ocrx_word' id='word_1_131' title='bbox 1520 2230 1678 2293; x_wconf 88' lang='lat' dir='ltr'>inquit</span> <span class='ocrx_word' id='word_1_132' title='bbox 1694 2264 1708 2288; x_wconf 91' lang='lat'><strong>,</strong></span> <span class='ocrx_word' id='word_1_133' title='bbox 1733 2230 1955 2288; x_wconf 83' lang='lat' dir='ltr'>homine,</span> <span class='ocrx_word' id='word_1_134' title='bbox 1979 2239 2063 2277; x_wconf 88' lang='lat' dir='ltr'>aut</span> <span class='ocrx_word' id='word_1_135' title='bbox 2087 2228 2304 2293; x_wconf 85' lang='lat' dir='ltr'>plebeio,</span> <span class='ocrx_word' id='word_1_136' title='bbox 2331 2227 2428 2275; x_wconf 83' lang='lat' dir='ltr'>hoc</span> 
     </span>
     <span class='ocr_line' id='line_1_20' title="bbox 1417 2308 2429 2373; baseline -0.002 -17"><span class='ocrx_word' id='word_1_137' title='bbox 1417 2320 1513 2366; x_wconf 82' lang='lat' dir='ltr'>est,</span> <span class='ocrx_word' id='word_1_138' title='bbox 1536 2325 1562 2357; x_wconf 88' lang='lat' dir='ltr'>a</span> <span class='ocrx_word' id='word_1_139' title='bbox 1589 2311 1641 2357; x_wconf 75' lang='lat' dir='ltr'>P.</span> <span class='ocrx_word' id='word_1_140' title='bbox 1667 2310 1871 2368; x_wconf 86' lang='lat' dir='ltr'>Clodio,</span> <span class='ocrx_word' id='word_1_141' title='bbox 1899 2310 1983 2373; x_wconf 81' lang='lat' dir='ltr'>qni</span> <span class='ocrx_word' id='word_1_142' title='bbox 2008 2320 2111 2357; x_wconf 90' lang='lat' dir='ltr'>tum</span> <span class='ocrx_word' id='word_1_143' title='bbox 2137 2320 2186 2357; x_wconf 84' lang='lat' dir='ltr'>et</span> <span class='ocrx_word' id='word_1_144' title='bbox 2212 2308 2429 2373; x_wconf 77' lang='lat' dir='ltr'>privatus</span> 
     </span>
     <span class='ocr_line' id='line_1_21' title="bbox 1417 2388 2429 2454; baseline -0.002 -18"><span class='ocrx_word' id='word_1_145' title='bbox 1417 2401 1466 2438; x_wconf 83' lang='lat' dir='ltr'>et</span> <span class='ocrx_word' id='word_1_146' title='bbox 1502 2389 1718 2454; x_wconf 84' lang='lat' dir='ltr'>plebeius</span> <span class='ocrx_word' id='word_1_147' title='bbox 1753 2401 1879 2446; x_wconf 83' lang='lat' dir='ltr'>erat,</span> <span class='ocrx_word' id='word_1_148' title='bbox 1914 2388 2016 2437; x_wconf 83' lang='lat' dir='ltr'>haec</span> <span class='ocrx_word' id='word_1_149' title='bbox 2047 2400 2224 2438; x_wconf 86' lang='lat' dir='ltr'>armata</span> <span class='ocrx_word' id='word_1_150' title='bbox 2260 2403 2429 2435; x_wconf 82' lang='lat' dir='ltr'>manns</span> 
     </span>
    </p>
   </div>
   <div class='ocr_carea' id='block_1_5' title="bbox 316 2468 1351 4030">
    <p class='ocr_par' dir='ltr' id='par_1_6' title="bbox 322 2468 1333 2613">
     <span class='ocr_line' id='line_1_22' title="bbox 322 2468 1333 2533; baseline -0.004 -14"><span class='ocrx_word' id='word_1_151' title='bbox 322 2473 588 2520; x_wconf 64' lang='lat' dir='ltr'>liberor-n.</span> <span class='ocrx_word' id='word_1_152' title='bbox 630 2475 991 2519; x_wconf 77' lang='lat' dir='ltr'>Hottomannus</span> <span class='ocrx_word' id='word_1_153' title='bbox 1020 2468 1082 2515; x_wconf 81' lang='lat' dir='ltr'>ad</span> <span class='ocrx_word' id='word_1_154' title='bbox 1109 2470 1333 2533; x_wconf 84' lang='lat' dir='ltr'>proprios</span> 
     </span>
     <span class='ocr_line' id='line_1_23' title="bbox 325 2550 1330 2613; baseline 0 -17"><span class='ocrx_word' id='word_1_155' title='bbox 325 2551 496 2613; x_wconf 81' lang='lat' dir='ltr'>Quinti</span> <span class='ocrx_word' id='word_1_156' title='bbox 507 2550 705 2598; x_wconf 81' lang='lat' dir='ltr'>libertos</span> <span class='ocrx_word' id='word_1_157' title='bbox 720 2552 879 2606; x_wconf 79' lang='lat' dir='ltr'><strong>refert,</strong></span> <span class='ocrx_word' id='word_1_158' title='bbox 892 2550 1054 2597; x_wconf 86' lang='lat' dir='ltr'>nescio</span> <span class='ocrx_word' id='word_1_159' title='bbox 1066 2565 1125 2596; x_wconf 86' lang='lat' dir='ltr'>au</span> <span class='ocrx_word' id='word_1_160' title='bbox 1141 2560 1330 2596; x_wconf 84' lang='lat' dir='ltr'>temere.</span> 
     </span>
    </p>

    <p class='ocr_par' dir='ltr' id='par_1_7' title="bbox 316 2629 1332 2914">
     <span class='ocr_line' id='line_1_24' title="bbox 401 2629 1330 2692; baseline -0.001 -16"><span class='ocrx_word' id='word_1_161' title='bbox 401 2646 478 2677; x_wconf 83' lang='lat' dir='ltr'>m.</span> <span class='ocrx_word' id='word_1_162' title='bbox 504 2631 707 2678; x_wconf 61' lang='lat' dir='ltr'>doacus</span> <span class='ocrx_word' id='word_1_163' title='bbox 733 2629 965 2692; x_wconf 80' lang='lat' dir='ltr'>refer-ciri.</span> <span class='ocrx_word' id='word_1_164' title='bbox 991 2631 1110 2691; x_wconf 79' lang='lat' dir='ltr'>Quae</span> <span class='ocrx_word' id='word_1_165' title='bbox 1139 2638 1330 2691; x_wconf 76' lang='lat' dir='ltr'>quanta:</span> 
     </span>
     <span class='ocr_line' id='line_1_25' title="bbox 318 2707 1332 2770; baseline -0.003 -14"><span class='ocrx_word' id='word_1_166' title='bbox 318 2709 526 2770; x_wconf 76' lang='lat' dir='ltr'>fuerint,</span> <span class='ocrx_word' id='word_1_167' title='bbox 551 2718 741 2756; x_wconf 75' lang='lat' dir='ltr'>enarrat</span> <span class='ocrx_word' id='word_1_168' title='bbox 765 2708 976 2768; x_wconf 87' lang='lat' dir='ltr'>Plinius,</span> <span class='ocrx_word' id='word_1_169' title='bbox 1002 2707 1089 2754; x_wconf 89' lang='lat' dir='ltr'>lib.</span> <span class='ocrx_word' id='word_1_170' title='bbox 1115 2709 1332 2764; x_wconf 80' lang='lat' dir='ltr'><strong>XXXV,</strong></span> 
     </span>
     <span class='ocr_line' id='line_1_26' title="bbox 317 2779 1332 2851; baseline -0.003 -16"><span class='ocrx_word' id='word_1_171' title='bbox 317 2804 426 2851; x_wconf 80' lang='lat' dir='ltr'>cap.</span> <span class='ocrx_word' id='word_1_172' title='bbox 459 2788 518 2834; x_wconf 78' lang='lat'>13</span> <span class='ocrx_word' id='word_1_173' title='bbox 535 2823 552 2843; x_wconf 90' lang='lat'><em>,</em></span> <span class='ocrx_word' id='word_1_174' title='bbox 581 2779 736 2849; x_wconf 67' lang='lat' dir='ltr'>quum</span> <span class='ocrx_word' id='word_1_175' title='bbox 759 2787 925 2835; x_wconf 83' lang='lat' dir='ltr'>subter</span> <span class='ocrx_word' id='word_1_176' title='bbox 957 2786 1225 2849; x_wconf 71' lang='lat' dir='ltr'>navigatum</span> <span class='ocrx_word' id='word_1_177' title='bbox 1252 2801 1332 2833; x_wconf 91' lang='lat' dir='ltr'>ur-</span> 
     </span>
     <span class='ocr_line' id='line_1_27' title="bbox 316 2865 605 2914; baseline -0.003 0"><span class='ocrx_word' id='word_1_178' title='bbox 316 2866 429 2914; x_wconf 73' lang='lat' dir='ltr'>bm</span> <span class='ocrx_word' id='word_1_179' title='bbox 455 2865 605 2913; x_wconf 74' lang='lat' dir='ltr'>dicat.</span> 
     </span>
    </p>

    <p class='ocr_par' dir='ltr' id='par_1_8' title="bbox 319 2941 1340 3323">
     <span class='ocr_line' id='line_1_28' title="bbox 395 2941 1339 3010; baseline 0.001 -20"><span class='ocrx_word' id='word_1_180' title='bbox 395 2961 419 2991; x_wconf 89' lang='lat'>1</span> <span class='ocrx_word' id='word_1_181' title='bbox 434 2960 454 2989; x_wconf 86' lang='grc' dir='ltr'>ι</span> <span class='ocrx_word' id='word_1_182' title='bbox 469 2980 483 2991; x_wconf 93' lang='grc'><strong>.</strong></span> <span class='ocrx_word' id='word_1_183' title='bbox 513 2941 711 3010; x_wconf 75' lang='lat' dir='ltr'>Effingi.</span> <span class='ocrx_word' id='word_1_184' title='bbox 736 2944 971 3007; x_wconf 81' lang='lat' dir='ltr'>Exprimi.</span> <span class='ocrx_word' id='word_1_185' title='bbox 999 2943 1128 2991; x_wconf 87' lang='lat' dir='ltr'>Olim</span> <span class='ocrx_word' id='word_1_186' title='bbox 1151 2942 1339 3006; x_wconf 81' lang='lat' dir='ltr'>legeba-</span> 
     </span>
     <span class='ocr_line' id='line_1_29' title="bbox 319 3019 1336 3086; baseline -0.002 -16"><span class='ocrx_word' id='word_1_187' title='bbox 319 3033 403 3070; x_wconf 82' lang='lat' dir='ltr'>tur</span> <span class='ocrx_word' id='word_1_188' title='bbox 420 3019 635 3086; x_wconf 67' lang='lat' dir='ltr'>esfimdi.</span> <span class='ocrx_word' id='word_1_189' title='bbox 655 3024 774 3068; x_wconf 75' lang='lat' dir='ltr'>Vera</span> <span class='ocrx_word' id='word_1_190' title='bbox 797 3021 943 3069; x_wconf 89' lang='lat' dir='ltr'>lectio</span> <span class='ocrx_word' id='word_1_191' title='bbox 962 3037 1020 3069; x_wconf 81' lang='lat' dir='ltr'>ex</span> <span class='ocrx_word' id='word_1_192' title='bbox 1040 3021 1188 3068; x_wconf 84' lang='lat' dir='ltr'>Servii</span> <span class='ocrx_word' id='word_1_193' title='bbox 1208 3038 1336 3068; x_wconf 66' lang='lat' dir='ltr'>com«-</span> 
     </span>
     <span class='ocr_line' id='line_1_30' title="bbox 322 3099 1337 3162; baseline 0 -15"><span class='ocrx_word' id='word_1_194' title='bbox 322 3100 568 3147; x_wconf 77' lang='lat' dir='ltr'>mentario</span> <span class='ocrx_word' id='word_1_195' title='bbox 593 3099 651 3145; x_wconf 88' lang='lat' dir='ltr'>ad</span> <span class='ocrx_word' id='word_1_196' title='bbox 672 3102 778 3146; x_wconf 80' lang='lat' dir='ltr'>AEn.</span> <span class='ocrx_word' id='word_1_197' title='bbox 801 3102 921 3147; x_wconf 83' lang='lat' dir='ltr'>v111</span> <span class='ocrx_word' id='word_1_198' title='bbox 941 3134 955 3157; x_wconf 89' lang='lat'><strong><em>‚</em></strong></span> <span class='ocrx_word' id='word_1_199' title='bbox 979 3100 1077 3155; x_wconf 73' lang='lat'>634</span> <span class='ocrx_word' id='word_1_200' title='bbox 1097 3133 1111 3157; x_wconf 85' lang='lat'>‚</span> <span class='ocrx_word' id='word_1_201' title='bbox 1130 3100 1337 3162; x_wconf 81' lang='lat' dir='ltr'>reposita</span> 
     </span>
     <span class='ocr_line' id='line_1_31' title="bbox 321 3178 1340 3229; baseline 0.001 -1"><span class='ocrx_word' id='word_1_202' title='bbox 321 3191 419 3228; x_wconf 76' lang='lat' dir='ltr'>est.</span> <span class='ocrx_word' id='word_1_203' title='bbox 443 3179 626 3227; x_wconf 76' lang='lat' dir='ltr'>Confer</span> <span class='ocrx_word' id='word_1_204' title='bbox 641 3179 885 3228; x_wconf 75' lang='lat' dir='ltr'>Heinsium</span> <span class='ocrx_word' id='word_1_205' title='bbox 898 3178 961 3227; x_wconf 87' lang='lat' dir='ltr'>ad</span> <span class='ocrx_word' id='word_1_206' title='bbox 973 3178 1119 3226; x_wconf 82' lang='lat' dir='ltr'>Ovid.</span> <span class='ocrx_word' id='word_1_207' title='bbox 1137 3178 1340 3229; x_wconf 73' lang='lat' dir='ltr'>Heroid.</span> 
     </span>
     <span class='ocr_line' id='line_1_32' title="bbox 322 3259 688 3323; baseline -0.003 -17"><span class='ocrx_word' id='word_1_208' title='bbox 322 3276 401 3323; x_wconf 77' lang='lat' dir='ltr'>ep.</span> <span class='ocrx_word' id='word_1_209' title='bbox 420 3259 549 3312; x_wconf 82' lang='lat' dir='ltr'>XX,</span> <span class='ocrx_word' id='word_1_210' title='bbox 580 3260 688 3312; x_wconf 70' lang='lat'>134.</span> 
     </span>
    </p>

    <p class='ocr_par' dir='ltr' id='par_1_9' title="bbox 324 3335 1342 3636">
     <span class='ocr_line' id='line_1_33' title="bbox 397 3335 1340 3399; baseline -0.003 -14"><span class='ocrx_word' id='word_1_211' title='bbox 397 3355 482 3385; x_wconf 80' lang='lat'>12.</span> <span class='ocrx_word' id='word_1_212' title='bbox 505 3340 708 3384; x_wconf 77' lang='lat' dir='ltr'>Tantam</span> <span class='ocrx_word' id='word_1_213' title='bbox 724 3336 860 3384; x_wconf 79' lang='lat' dir='ltr'>illam</span> <span class='ocrx_word' id='word_1_214' title='bbox 872 3335 1081 3399; x_wconf 77' lang='lat' dir='ltr'>copiam.</span> <span class='ocrx_word' id='word_1_215' title='bbox 1101 3337 1340 3397; x_wconf 86' lang='lat' dir='ltr'>Quantam</span> 
     </span>
     <span class='ocr_line' id='line_1_34' title="bbox 324 3414 1342 3478; baseline -0.003 -13"><span class='ocrx_word' id='word_1_216' title='bbox 324 3417 472 3465; x_wconf 77' lang='lat' dir='ltr'>fuisse</span> <span class='ocrx_word' id='word_1_217' title='bbox 485 3432 591 3462; x_wconf 73' lang='lat' dir='ltr'>eam</span> <span class='ocrx_word' id='word_1_218' title='bbox 611 3425 824 3474; x_wconf 81' lang='lat' dir='ltr'>constat,</span> <span class='ocrx_word' id='word_1_219' title='bbox 843 3431 953 3478; x_wconf 77' lang='lat' dir='ltr'>quae</span> <span class='ocrx_word' id='word_1_220' title='bbox 966 3415 1144 3462; x_wconf 78' lang='lat' dir='ltr'>caedem</span> <span class='ocrx_word' id='word_1_221' title='bbox 1164 3414 1216 3461; x_wconf 89' lang='lat' dir='ltr'>iu</span> <span class='ocrx_word' id='word_1_222' title='bbox 1232 3416 1342 3463; x_wconf 76' lang='lat' dir='ltr'>foro</span> 
     </span>
     <span class='ocr_line' id='line_1_35' title="bbox 325 3495 1341 3558; baseline -0.002 -15"><span class='ocrx_word' id='word_1_223' title='bbox 325 3499 584 3543; x_wconf 78' lang='lat' dir='ltr'>maximam</span> <span class='ocrx_word' id='word_1_224' title='bbox 630 3495 744 3543; x_wconf 76' lang='lat' dir='ltr'>fecit</span> <span class='ocrx_word' id='word_1_225' title='bbox 779 3509 793 3543; x_wconf 91' lang='lat'><strong>:</strong></span> <span class='ocrx_word' id='word_1_226' title='bbox 838 3498 1030 3557; x_wconf 83' lang='lat' dir='ltr'>copiam</span> <span class='ocrx_word' id='word_1_227' title='bbox 1076 3495 1204 3541; x_wconf 86' lang='lat' dir='ltr'>enim</span> <span class='ocrx_word' id='word_1_228' title='bbox 1247 3509 1341 3558; x_wconf 81' lang='lat' dir='ltr'>pro</span> 
     </span>
     <span class='ocr_line' id='line_1_36' title="bbox 326 3574 1104 3636; baseline -0.004 -13"><span class='ocrx_word' id='word_1_229' title='bbox 326 3575 641 3623; x_wconf 80' lang='lat' dir='ltr'>multitudine</span> <span class='ocrx_word' id='word_1_230' title='bbox 655 3574 907 3620; x_wconf 83' lang='lat' dir='ltr'>hominnm</span> <span class='ocrx_word' id='word_1_231' title='bbox 925 3574 1104 3636; x_wconf 83' lang='lat' dir='ltr'>posuit.</span> 
     </span>
    </p>

    <p class='ocr_par' dir='ltr' id='par_1_10' title="bbox 334 3651 1347 3877">
     <span class='ocr_line' id='line_1_37' title="bbox 400 3651 1345 3720; baseline -0.006 -17"><span class='ocrx_word' id='word_1_232' title='bbox 400 3657 480 3703; x_wconf 78' lang='lat'>13.</span> <span class='ocrx_word' id='word_1_233' title='bbox 528 3653 845 3720; x_wconf 53' lang='lat' dir='ltr'>Magnificum</span> <span class='ocrx_word' id='word_1_234' title='bbox 887 3663 1191 3717; x_wconf 80' lang='lat' dir='ltr'>apparatum.</span> <span class='ocrx_word' id='word_1_235' title='bbox 1231 3651 1345 3699; x_wconf 85' lang='lat' dir='ltr'>Nou</span> 
     </span>
     <span class='ocr_line' id='line_1_38' title="bbox 334 3727 1345 3793; baseline -0.006 -11"><span class='ocrx_word' id='word_1_236' title='bbox 334 3750 438 3782; x_wconf 68' lang='lat' dir='ltr'>esu</span> <span class='ocrx_word' id='word_1_237' title='bbox 457 3734 520 3781; x_wconf 91' lang='lat' dir='ltr'>ad</span> <span class='ocrx_word' id='word_1_238' title='bbox 544 3749 717 3781; x_wconf 85' lang='lat' dir='ltr'>manns</span> <span class='ocrx_word' id='word_1_239' title='bbox 743 3743 937 3780; x_wconf 81' lang='lat' dir='ltr'>ventum</span> <span class='ocrx_word' id='word_1_240' title='bbox 964 3748 1064 3780; x_wconf 84' lang='lat' dir='ltr'>csse</span> <span class='ocrx_word' id='word_1_241' title='bbox 1082 3727 1345 3793; x_wconf 69' lang='lat' dir='ltr'>significat,</span> 
     </span>
     <span class='ocr_line' id='line_1_39' title="bbox 342 3812 1347 3877; baseline -0.005 -17"><span class='ocrx_word' id='word_1_242' title='bbox 342 3813 418 3859; x_wconf 76' lang='lat' dir='ltr'>aed</span> <span class='ocrx_word' id='word_1_243' title='bbox 449 3824 688 3877; x_wconf 79' lang='lat' dir='ltr'>apparatu</span> <span class='ocrx_word' id='word_1_244' title='bbox 718 3814 814 3872; x_wconf 84' lang='lat' dir='ltr'>jam</span> <span class='ocrx_word' id='word_1_245' title='bbox 855 3822 966 3859; x_wconf 84' lang='lat' dir='ltr'>ante</span> <span class='ocrx_word' id='word_1_246' title='bbox 1010 3812 1136 3858; x_wconf 76' lang='lat' dir='ltr'>facto</span> <span class='ocrx_word' id='word_1_247' title='bbox 1151 3845 1165 3868; x_wconf 86' lang='lat'>‚</span> <span class='ocrx_word' id='word_1_248' title='bbox 1204 3825 1347 3873; x_wconf 87' lang='lat' dir='ltr'>quem</span> 
     </span>
    </p>

    <p class='ocr_par' dir='ltr' id='par_1_11' title="bbox 344 3890 1351 4030">
     <span class='ocr_line' id='line_1_40' title="bbox 345 3890 1351 3954; baseline -0.001 -18"><span class='ocrx_word' id='word_1_249' title='bbox 345 3891 635 3953; x_wconf 70' lang='grc' dir='ltr'>ιιιμιίίὶοοιιι</span> <span class='ocrx_word' id='word_1_250' title='bbox 665 3890 901 3954; x_wconf 81' lang='lat' dir='ltr'>appellat,</span> <span class='ocrx_word' id='word_1_251' title='bbox 925 3890 975 3937; x_wconf 91' lang='lat' dir='ltr'>in</span> <span class='ocrx_word' id='word_1_252' title='bbox 992 3890 1207 3953; x_wconf 81' lang='lat' dir='ltr'>Appium</span> <span class='ocrx_word' id='word_1_253' title='bbox 1225 3904 1351 3952; x_wconf 68' lang='lat' dir='ltr'>prze-</span> 
     </span>
     <span class='ocr_line' id='line_1_41' title="bbox 344 3965 1350 4030; baseline -0.003 -14"><span class='ocrx_word' id='word_1_254' title='bbox 344 3979 512 4026; x_wconf 81' lang='lat' dir='ltr'>torem‚</span> <span class='ocrx_word' id='word_1_255' title='bbox 538 3968 708 4018; x_wconf 82' lang='lat' dir='ltr'>Clodii</span> <span class='ocrx_word' id='word_1_256' title='bbox 738 3970 961 4029; x_wconf 73' lang='lat' dir='ltr'>fratrem,</span> <span class='ocrx_word' id='word_1_257' title='bbox 978 3969 1147 4030; x_wconf 83' lang='lat' dir='ltr'>jocans</span> <span class='ocrx_word' id='word_1_258' title='bbox 1172 3981 1187 4015; x_wconf 89' lang='lat'>:</span> <span class='ocrx_word' id='word_1_259' title='bbox 1214 3965 1350 4030; x_wconf 87' lang='lat' dir='ltr'>quod</span> 
     </span>
    </p>
   </div>
   <div class='ocr_carea' id='block_1_6' title="bbox 340 4049 1351 4190">
    <p class='ocr_par' dir='ltr' id='par_1_12' title="bbox 340 4049 1351 4190">
     <span class='ocr_line' id='line_1_42' title="bbox 340 4049 1350 4112; baseline -0.001 -18"><span class='ocrx_word' id='word_1_260' title='bbox 340 4049 538 4112; x_wconf 73' lang='lat' dir='ltr'>exignus</span> <span class='ocrx_word' id='word_1_261' title='bbox 574 4059 832 4112; x_wconf 76' lang='lat' dir='ltr'>apparatus</span> <span class='ocrx_word' id='word_1_262' title='bbox 876 4064 978 4095; x_wconf 83' lang='lat' dir='ltr'>esse</span> <span class='ocrx_word' id='word_1_263' title='bbox 1014 4063 1116 4096; x_wconf 87' lang='lat' dir='ltr'>non</span> <span class='ocrx_word' id='word_1_264' title='bbox 1159 4056 1350 4111; x_wconf 81' lang='lat' dir='ltr'>posset,</span> 
     </span>
     <span class='ocr_line' id='line_1_43' title="bbox 342 4126 1351 4190; baseline 0 -16"><span class='ocrx_word' id='word_1_265' title='bbox 342 4143 482 4189; x_wconf 79' lang='lat' dir='ltr'>quem</span> <span class='ocrx_word' id='word_1_266' title='bbox 508 4137 691 4190; x_wconf 66' lang='lat' dir='ltr'>prator</span> <span class='ocrx_word' id='word_1_267' title='bbox 708 4126 1006 4184; x_wconf 75' lang='lat' dir='ltr'>adornasset3</span> <span class='ocrx_word' id='word_1_268' title='bbox 1026 4142 1124 4176; x_wconf 84' lang='lat' dir='ltr'>non</span> <span class='ocrx_word' id='word_1_269' title='bbox 1146 4142 1174 4175; x_wconf 85' lang='lat' dir='ltr'>a</span> <span class='ocrx_word' id='word_1_270' title='bbox 1193 4127 1351 4189; x_wconf 81' lang='lat' dir='ltr'>priva·</span> 
     </span>
    </p>
   </div>
   <div class='ocr_carea' id='block_1_7' title="bbox 1417 2465 2457 4192">
    <p class='ocr_par' dir='ltr' id='par_1_13' title="bbox 1417 2465 2457 3465">
     <span class='ocr_line' id='line_1_44' title="bbox 1420 2465 2429 2533; baseline -0.006 -17"><span class='ocrx_word' id='word_1_271' title='bbox 1420 2480 1516 2528; x_wconf 85' lang='lat' dir='ltr'>est;</span> <span class='ocrx_word' id='word_1_272' title='bbox 1547 2469 1630 2516; x_wconf 88' lang='lat' dir='ltr'>sed</span> <span class='ocrx_word' id='word_1_273' title='bbox 1656 2485 1681 2515; x_wconf 87' lang='lat' dir='ltr'>a</span> <span class='ocrx_word' id='word_1_274' title='bbox 1706 2469 1907 2532; x_wconf 85' lang='lat' dir='ltr'>patricio</span> <span class='ocrx_word' id='word_1_275' title='bbox 1928 2504 1942 2528; x_wconf 84' lang='lat'>‚</span> <span class='ocrx_word' id='word_1_276' title='bbox 1967 2479 2015 2515; x_wconf 88' lang='lat' dir='ltr'>et</span> <span class='ocrx_word' id='word_1_277' title='bbox 2040 2468 2268 2533; x_wconf 76' lang='lat' dir='ltr'>praetorio</span> <span class='ocrx_word' id='word_1_278' title='bbox 2283 2499 2298 2522; x_wconf 90' lang='lat'>‚</span> <span class='ocrx_word' id='word_1_279' title='bbox 2332 2465 2429 2512; x_wconf 87' lang='lat' dir='ltr'>hoc</span> 
     </span>
     <span class='ocr_line' id='line_1_45' title="bbox 1421 2544 2457 2612; baseline -0.006 -17"><span class='ocrx_word' id='word_1_280' title='bbox 1421 2559 1490 2595; x_wconf 87' lang='lat' dir='ltr'>est</span> <span class='ocrx_word' id='word_1_281' title='bbox 1504 2581 1518 2605; x_wconf 91' lang='lat'><strong>,</strong></span> <span class='ocrx_word' id='word_1_282' title='bbox 1536 2547 1598 2595; x_wconf 88' lang='lat' dir='ltr'>ab</span> <span class='ocrx_word' id='word_1_283' title='bbox 1614 2549 1779 2612; x_wconf 79' lang='lat' dir='ltr'>Appio</span> <span class='ocrx_word' id='word_1_284' title='bbox 1798 2548 2033 2606; x_wconf 75' lang='lat' dir='ltr'>Pulchro3</span> <span class='ocrx_word' id='word_1_285' title='bbox 2051 2547 2134 2609; x_wconf 89' lang='lat' dir='ltr'>qui</span> <span class='ocrx_word' id='word_1_286' title='bbox 2157 2557 2204 2593; x_wconf 89' lang='lat' dir='ltr'>et</span> <span class='ocrx_word' id='word_1_287' title='bbox 2219 2544 2432 2607; x_wconf 76' lang='lat' dir='ltr'>patricia:</span> <span class='ocrx_word' id='word_1_288' title='bbox 2450 2575 2457 2580; x_wconf 85' lang='lat'>-</span> 
     </span>
     <span class='ocr_line' id='line_1_46' title="bbox 1419 2627 2434 2691; baseline -0.006 -17"><span class='ocrx_word' id='word_1_289' title='bbox 1419 2627 1574 2691; x_wconf 78' lang='lat' dir='ltr'>gentis</span> <span class='ocrx_word' id='word_1_290' title='bbox 1600 2638 1726 2685; x_wconf 84' lang='lat' dir='ltr'>erat,</span> <span class='ocrx_word' id='word_1_291' title='bbox 1752 2637 1799 2674; x_wconf 84' lang='lat' dir='ltr'>et</span> <span class='ocrx_word' id='word_1_292' title='bbox 1826 2638 2078 2689; x_wconf 77' lang='lat' dir='ltr'>praeturam</span> <span class='ocrx_word' id='word_1_293' title='bbox 2110 2640 2169 2671; x_wconf 86' lang='lat' dir='ltr'>eo</span> <span class='ocrx_word' id='word_1_294' title='bbox 2193 2633 2322 2670; x_wconf 80' lang='lat' dir='ltr'>auno</span> <span class='ocrx_word' id='word_1_295' title='bbox 2350 2638 2434 2686; x_wconf 75' lang='lat' dir='ltr'>ge·-</span> 
     </span>
     <span class='ocr_line' id='line_1_47' title="bbox 1418 2704 2432 2768; baseline -0.005 -15"><span class='ocrx_word' id='word_1_296' title='bbox 1418 2705 1585 2754; x_wconf 87' lang='lat' dir='ltr'>rebat:</span> <span class='ocrx_word' id='word_1_297' title='bbox 1612 2706 1691 2752; x_wconf 90' lang='lat' dir='ltr'>hic</span> <span class='ocrx_word' id='word_1_298' title='bbox 1710 2704 1836 2752; x_wconf 89' lang='lat' dir='ltr'>enim</span> <span class='ocrx_word' id='word_1_299' title='bbox 1864 2704 2149 2768; x_wconf 72' lang='lat' dir='ltr'>gladiatores</span> <span class='ocrx_word' id='word_1_300' title='bbox 2170 2718 2283 2758; x_wconf 82' lang='lat' dir='ltr'>eos,</span> <span class='ocrx_word' id='word_1_301' title='bbox 2308 2717 2432 2764; x_wconf 82' lang='lat' dir='ltr'>quos</span> 
     </span>
     <span class='ocr_line' id='line_1_48' title="bbox 1417 2781 2434 2847; baseline -0.005 -15"><span class='ocrx_word' id='word_1_302' title='bbox 1417 2786 1468 2832; x_wconf 87' lang='lat' dir='ltr'>in</span> <span class='ocrx_word' id='word_1_303' title='bbox 1493 2785 1657 2832; x_wconf 84' lang='lat' dir='ltr'>funere</span> <span class='ocrx_word' id='word_1_304' title='bbox 1679 2785 1832 2831; x_wconf 85' lang='lat' dir='ltr'>Marci</span> <span class='ocrx_word' id='word_1_305' title='bbox 1857 2783 2118 2847; x_wconf 84' lang='lat' dir='ltr'>propinqui</span> <span class='ocrx_word' id='word_1_306' title='bbox 2145 2784 2217 2829; x_wconf 90' lang='lat' dir='ltr'>sui</span> <span class='ocrx_word' id='word_1_307' title='bbox 2239 2781 2434 2828; x_wconf 81' lang='lat' dir='ltr'>daturus</span> 
     </span>
     <span class='ocr_line' id='line_1_49' title="bbox 1421 2859 2428 2921; baseline -0.003 -10"><span class='ocrx_word' id='word_1_308' title='bbox 1421 2874 1538 2921; x_wconf 86' lang='lat' dir='ltr'>erat,</span> <span class='ocrx_word' id='word_1_309' title='bbox 1555 2865 1609 2912; x_wconf 87' lang='grc' dir='ltr'>Ρ.</span> <span class='ocrx_word' id='word_1_310' title='bbox 1627 2863 1809 2912; x_wconf 88' lang='lat' dir='ltr'>Clodio</span> <span class='ocrx_word' id='word_1_311' title='bbox 1826 2862 1958 2910; x_wconf 79' lang='lat' dir='ltr'>fratri</span> <span class='ocrx_word' id='word_1_312' title='bbox 1979 2878 2067 2909; x_wconf 89' lang='lat' dir='ltr'>suo</span> <span class='ocrx_word' id='word_1_313' title='bbox 2083 2859 2428 2908; x_wconf 67' lang='lat' dir='ltr'>commodavit:</span> 
     </span>
     <span class='ocr_line' id='line_1_50' title="bbox 1423 2941 2436 3008; baseline -0.003 -17"><span class='ocrx_word' id='word_1_314' title='bbox 1423 2944 1557 3008; x_wconf 89' lang='lat' dir='ltr'>quod</span> <span class='ocrx_word' id='word_1_315' title='bbox 1588 2958 1689 2991; x_wconf 89' lang='lat' dir='ltr'>non</span> <span class='ocrx_word' id='word_1_316' title='bbox 1721 2942 1924 2990; x_wconf 79' lang='lat' dir='ltr'>obscure</span> <span class='ocrx_word' id='word_1_317' title='bbox 1952 2941 2247 3007; x_wconf 80' lang='lat' dir='ltr'>significatur</span> <span class='ocrx_word' id='word_1_318' title='bbox 2282 2942 2436 2997; x_wconf 61' lang='lat' dir='ltr'>infru</span> 
     </span>
     <span class='ocr_line' id='line_1_51' title="bbox 1423 3022 2439 3085; baseline -0.004 -15"><span class='ocrx_word' id='word_1_319' title='bbox 1423 3022 1508 3070; x_wconf 85' lang='lat' dir='ltr'>ubi</span> <span class='ocrx_word' id='word_1_320' title='bbox 1527 3023 1630 3069; x_wconf 82' lang='lat' dir='ltr'>haec</span> <span class='ocrx_word' id='word_1_321' title='bbox 1652 3032 1762 3070; x_wconf 88' lang='lat' dir='ltr'>sunt</span> <span class='ocrx_word' id='word_1_322' title='bbox 1784 3036 1797 3071; x_wconf 81' lang='lat' dir='ltr'>z</span> <span class='ocrx_word' id='word_1_323' title='bbox 1823 3046 1847 3064; x_wconf 71' lang='grc' dir='ltr'><strong>α</strong></span> <span class='ocrx_word' id='word_1_324' title='bbox 1862 3022 2161 3070; x_wconf 76' lang='lat' dir='ltr'>Gladiatores</span> <span class='ocrx_word' id='word_1_325' title='bbox 2179 3038 2241 3070; x_wconf 81' lang='lat' dir='ltr'>ex</span> <span class='ocrx_word' id='word_1_326' title='bbox 2260 3031 2439 3085; x_wconf 64' lang='lat' dir='ltr'>prato·</span> 
     </span>
     <span class='ocr_line' id='line_1_52' title="bbox 1423 3099 2438 3163; baseline -0.002 -16"><span class='ocrx_word' id='word_1_327' title='bbox 1423 3101 1489 3148; x_wconf 92' lang='lat' dir='ltr'>ris</span> <span class='ocrx_word' id='word_1_328' title='bbox 1512 3102 1747 3148; x_wconf 90' lang='lat' dir='ltr'>comitatu</span> <span class='ocrx_word' id='word_1_329' title='bbox 1768 3099 2123 3163; x_wconf 67' lang='lat' dir='ltr'>comprehensi,</span> <span class='ocrx_word' id='word_1_330' title='bbox 2149 3101 2200 3145; x_wconf 90' lang='lat' dir='ltr'>in</span> <span class='ocrx_word' id='word_1_331' title='bbox 2219 3107 2438 3146; x_wconf 80' lang='lat' dir='ltr'>senatum</span> 
     </span>
     <span class='ocr_line' id='line_1_53' title="bbox 1424 3177 2440 3235; baseline -0.001 -11"><span class='ocrx_word' id='word_1_332' title='bbox 1424 3178 1692 3225; x_wconf 76' lang='lat' dir='ltr'>introducti</span> <span class='ocrx_word' id='word_1_333' title='bbox 1730 3178 1966 3235; x_wconf 83' lang='lat' dir='ltr'>confessi,</span> <span class='ocrx_word' id='word_1_334' title='bbox 2000 3178 2050 3223; x_wconf 88' lang='lat' dir='ltr'>in</span> <span class='ocrx_word' id='word_1_335' title='bbox 2092 3177 2285 3224; x_wconf 82' lang='lat' dir='ltr'>vincula</span> <span class='ocrx_word' id='word_1_336' title='bbox 2320 3191 2440 3232; x_wconf 88' lang='lat' dir='ltr'>cou-</span> 
     </span>
     <span class='ocr_line' id='line_1_54' title="bbox 1423 3255 2442 3318; baseline -0.003 -13"><span class='ocrx_word' id='word_1_337' title='bbox 1423 3258 1541 3318; x_wconf 83' lang='lat' dir='ltr'>jecti</span> <span class='ocrx_word' id='word_1_338' title='bbox 1562 3274 1588 3304; x_wconf 90' lang='lat' dir='ltr'>a</span> <span class='ocrx_word' id='word_1_339' title='bbox 1611 3256 1820 3312; x_wconf 81' lang='lat' dir='ltr'>Milone,</span> <span class='ocrx_word' id='word_1_340' title='bbox 1845 3257 1975 3303; x_wconf 85' lang='lat' dir='ltr'>missi</span> <span class='ocrx_word' id='word_1_341' title='bbox 2001 3272 2026 3302; x_wconf 84' lang='lat' dir='ltr'>a</span> <span class='ocrx_word' id='word_1_342' title='bbox 2050 3256 2253 3304; x_wconf 88' lang='lat' dir='ltr'>Serrano</span> <span class='ocrx_word' id='word_1_343' title='bbox 2275 3278 2316 3303; x_wconf 75' lang='grc' dir='ltr'>ιο.</span> <span class='ocrx_word' id='word_1_344' title='bbox 2346 3255 2442 3305; x_wconf 86' lang='lat' dir='ltr'>Sed</span> 
     </span>
     <span class='ocr_line' id='line_1_55' title="bbox 1428 3334 2440 3388; baseline 0.002 -5"><span class='ocrx_word' id='word_1_345' title='bbox 1428 3337 1684 3384; x_wconf 82' lang='lat' dir='ltr'>clarissime</span> <span class='ocrx_word' id='word_1_346' title='bbox 1694 3334 1797 3383; x_wconf 83' lang='lat' dir='ltr'>haec</span> <span class='ocrx_word' id='word_1_347' title='bbox 1812 3346 1909 3383; x_wconf 85' lang='lat' dir='ltr'>tota</span> <span class='ocrx_word' id='word_1_348' title='bbox 1926 3352 2000 3384; x_wconf 89' lang='lat' dir='ltr'>res</span> <span class='ocrx_word' id='word_1_349' title='bbox 2012 3347 2230 3384; x_wconf 74' lang='lat' dir='ltr'>narratur</span> <span class='ocrx_word' id='word_1_350' title='bbox 2240 3353 2267 3384; x_wconf 85' lang='lat' dir='ltr'>a</span> <span class='ocrx_word' id='word_1_351' title='bbox 2280 3335 2440 3388; x_wconf 87' lang='lat' dir='ltr'>Dione</span> 
     </span>
     <span class='ocr_line' id='line_1_56' title="bbox 1425 3415 1821 3465; baseline -0.003 -1"><span class='ocrx_word' id='word_1_352' title='bbox 1425 3415 1555 3465; x_wconf 89' lang='lat' dir='ltr'>libro</span> <span class='ocrx_word' id='word_1_353' title='bbox 1574 3416 1821 3463; x_wconf 80' lang='lat' dir='ltr'><strong>XXXIX.</strong></span> 
     </span>
    </p>

    <p class='ocr_par' dir='ltr' id='par_1_14' title="bbox 1428 3493 2441 3624">
     <span class='ocr_line' id='line_1_57' title="bbox 1506 3493 2441 3550; baseline 0 -6"><span class='ocrx_word' id='word_1_354' title='bbox 1506 3503 1584 3550; x_wconf 68' lang='lat'>14.</span> <span class='ocrx_word' id='word_1_355' title='bbox 1627 3494 1708 3541; x_wconf 76' lang='lat' dir='ltr'>Al.</span> <span class='ocrx_word' id='word_1_356' title='bbox 1747 3517 1772 3536; x_wconf 80' lang='grc' dir='ltr'>ιι</span> <span class='ocrx_word' id='word_1_357' title='bbox 1807 3493 2123 3543; x_wconf 76' lang='lat' dir='ltr'>criminamini</span> <span class='ocrx_word' id='word_1_358' title='bbox 2164 3494 2381 3545; x_wconf 84' lang='lat' dir='ltr'>Sextium</span> <span class='ocrx_word' id='word_1_359' title='bbox 2398 3516 2441 3544; x_wconf 67' lang='lat' dir='ltr'>a.</span> 
     </span>
     <span class='ocr_line' id='line_1_58' title="bbox 1428 3576 1639 3624; baseline -0.014 0"><span class='ocrx_word' id='word_1_360' title='bbox 1428 3577 1476 3624; x_wconf 83' lang='lat' dir='ltr'>J.</span> <span class='ocrx_word' id='word_1_361' title='bbox 1495 3577 1559 3622; x_wconf 80' lang='lat' dir='ltr'>V.</span> <span class='ocrx_word' id='word_1_362' title='bbox 1589 3576 1639 3621; x_wconf 89' lang='lat'>1..</span> 
     </span>
    </p>

    <p class='ocr_par' dir='ltr' id='par_1_15' title="bbox 1432 3652 2451 3952">
     <span class='ocr_line' id='line_1_59' title="bbox 1500 3652 2448 3716; baseline -0.003 -14"><span class='ocrx_word' id='word_1_363' title='bbox 1500 3654 1743 3702; x_wconf 84' lang='lat' dir='ltr'><strong>XXXVI.</strong></span> <span class='ocrx_word' id='word_1_364' title='bbox 1774 3668 1821 3701; x_wconf 77' lang='grc' dir='ltr'>ι.</span> <span class='ocrx_word' id='word_1_365' title='bbox 1845 3652 2016 3716; x_wconf 72' lang='lat' dir='ltr'>Atqui.</span> <span class='ocrx_word' id='word_1_366' title='bbox 2039 3652 2263 3712; x_wconf 81' lang='lat' dir='ltr'>objectio</span> <span class='ocrx_word' id='word_1_367' title='bbox 2284 3652 2448 3701; x_wconf 85' lang='lat' dir='ltr'>adver·</span> 
     </span>
     <span class='ocr_line' id='line_1_60' title="bbox 1433 3732 2448 3793; baseline 0 -13"><span class='ocrx_word' id='word_1_368' title='bbox 1433 3732 1573 3787; x_wconf 82' lang='lat' dir='ltr'>sarii,</span> <span class='ocrx_word' id='word_1_369' title='bbox 1600 3747 1743 3793; x_wconf 85' lang='lat' dir='ltr'>quam</span> <span class='ocrx_word' id='word_1_370' title='bbox 1768 3747 1870 3779; x_wconf 89' lang='lat' dir='ltr'>non</span> <span class='ocrx_word' id='word_1_371' title='bbox 1896 3732 2050 3780; x_wconf 85' lang='lat' dir='ltr'>solum</span> <span class='ocrx_word' id='word_1_372' title='bbox 2081 3732 2306 3780; x_wconf 84' lang='lat' dir='ltr'>concedit</span> <span class='ocrx_word' id='word_1_373' title='bbox 2340 3748 2448 3780; x_wconf 87' lang='lat' dir='ltr'>ora-</span> 
     </span>
     <span class='ocr_line' id='line_1_61' title="bbox 1432 3810 2451 3876; baseline -0.002 -16"><span class='ocrx_word' id='word_1_374' title='bbox 1432 3823 1529 3867; x_wconf 84' lang='lat' dir='ltr'>tor,</span> <span class='ocrx_word' id='word_1_375' title='bbox 1548 3826 1713 3857; x_wconf 82' lang='lat' dir='ltr'>verum</span> <span class='ocrx_word' id='word_1_376' title='bbox 1735 3811 1878 3858; x_wconf 86' lang='lat' dir='ltr'>etiam</span> <span class='ocrx_word' id='word_1_377' title='bbox 1902 3826 1964 3858; x_wconf 82' lang='lat' dir='ltr'>ex</span> <span class='ocrx_word' id='word_1_378' title='bbox 1987 3810 2222 3859; x_wconf 85' lang='lat' dir='ltr'>industria</span> <span class='ocrx_word' id='word_1_379' title='bbox 2239 3822 2381 3876; x_wconf 79' lang='lat' dir='ltr'>auget</span> <span class='ocrx_word' id='word_1_380' title='bbox 2400 3821 2451 3860; x_wconf 77' lang='lat' dir='ltr'>et</span> 
     </span>
     <span class='ocr_line' id='line_1_62' title="bbox 1435 3898 1706 3952; baseline -0.015 -14"><span class='ocrx_word' id='word_1_381' title='bbox 1435 3898 1706 3952; x_wconf 73' lang='lat' dir='ltr'>exaggerat.</span> 
     </span>
    </p>

    <p class='ocr_par' dir='ltr' id='par_1_16' title="bbox 1438 3964 2449 4192">
     <span class='ocr_line' id='line_1_63' title="bbox 1507 3964 2448 4030; baseline -0.001 -17"><span class='ocrx_word' id='word_1_382' title='bbox 1507 3982 1556 4013; x_wconf 82' lang='lat' dir='ltr'>a.</span> <span class='ocrx_word' id='word_1_383' title='bbox 1597 3964 1819 4012; x_wconf 76' lang='lat' dir='ltr'>Cinnano</span> <span class='ocrx_word' id='word_1_384' title='bbox 1864 3977 2012 4030; x_wconf 81' lang='lat' dir='ltr'>atque</span> <span class='ocrx_word' id='word_1_385' title='bbox 2054 3965 2318 4015; x_wconf 77' lang='lat' dir='ltr'>Octaviano</span> <span class='ocrx_word' id='word_1_386' title='bbox 2353 3964 2448 4013; x_wconf 79' lang='lat' dir='ltr'>die.</span> 
     </span>
     <span class='ocr_line' id='line_1_64' title="bbox 1438 4043 2449 4107; baseline -0.003 -15"><span class='ocrx_word' id='word_1_387' title='bbox 1438 4048 1604 4107; x_wconf 89' lang='lat' dir='ltr'>Quum</span> <span class='ocrx_word' id='word_1_388' title='bbox 1623 4043 1747 4093; x_wconf 89' lang='lat' dir='ltr'>inter</span> <span class='ocrx_word' id='word_1_389' title='bbox 1765 4045 1965 4093; x_wconf 84' lang='lat' dir='ltr'>Cinnam</span> <span class='ocrx_word' id='word_1_390' title='bbox 1988 4057 2037 4093; x_wconf 91' lang='lat' dir='ltr'>et</span> <span class='ocrx_word' id='word_1_391' title='bbox 2054 4046 2308 4095; x_wconf 81' lang='lat' dir='ltr'>Octavium</span> <span class='ocrx_word' id='word_1_392' title='bbox 2325 4058 2449 4092; x_wconf 86' lang='lat' dir='ltr'>con-</span> 
     </span>
     <span class='ocr_line' id='line_1_65' title="bbox 1439 4124 2193 4192; baseline -0.005 -17"><span class='ocrx_word' id='word_1_393' title='bbox 1439 4125 1567 4175; x_wconf 82' lang='lat' dir='ltr'>sules</span> <span class='ocrx_word' id='word_1_394' title='bbox 1586 4124 1639 4174; x_wconf 88' lang='lat' dir='ltr'>iu</span> <span class='ocrx_word' id='word_1_395' title='bbox 1666 4124 1787 4176; x_wconf 76' lang='lat' dir='ltr'>urbe</span> <span class='ocrx_word' id='word_1_396' title='bbox 1812 4138 2079 4192; x_wconf 74' lang='lat' dir='ltr'>pugnatum</span> <span class='ocrx_word' id='word_1_397' title='bbox 2106 4136 2193 4173; x_wconf 75' lang='lat' dir='ltr'>est.</span> 
     </span>
    </p>
   </div>
  </div>
 </body>
</html>
