2994 4778
627 390 767 463 536
1263 397 1359 462 M.
1411 396 1487 461 T.
1543 342 2119 464 CICERONIS·

623 538 842 612 quam
888 529 1073 586 esset
1117 516 1460 586 miserum
1520 515 1593 586 id
1650 516 1927 614 ipsum,
1984 513 2109 587 sed
2161 513 2252 585 ab
2299 515 2583 585 unon?
2625 515 2764 611 qui

621 649 852 719 quum
905 638 1188 696 tantum
1242 648 1459 695 ausus
1509 629 1600 697 sit
1654 625 1930 697 ultor¹²
1997 650 2130 723 pro
2183 639 2511 711 mortu0‚
2573 625 2765 721 quid

619 733 914 832 signifer
957 754 1092 832 pro
1124 736 1288 805 vivo
1325 760 1478 806 uon
1517 750 1703 806 esset
1744 736 2005 806 ausus?
2042 739 2127 805 In
2166 736 2429 805 curiam
2471 737 2765 831 potissi—

619 869 823 915 mum
873 843 1169 939 abjecit,
1211 858 1293 915 ut
1345 868 1502 915 eam
1564 859 1897 916 mortuus
1944 841 2464 930 incenderet¹³‚
2530 869 2762 941 quam

616 957 823 1026 vivus
861 968 1233 1026 everterat.
1271 958 1359 1024 Et
1388 970 1600 1045 sunt,
1635 960 1765 1053 qui
1801 954 1890 1026 de
1933 956 2041 1025 via
2084 952 2399 1051 Appiani
2435 977 2762 1050 queran-

615 1081 768 1153 tur,
824 1080 1108 1136 taceant
1150 1064 1241 1135 de
1287 1065 1533 1136 curia?
1581 1081 1651 1136 et
1697 1067 1826 1163 qui
1877 1064 1969 1135 ab
2021 1089 2109 1134 eo
2155 1065 2476 1160 spirante
2515 1061 2756 1132 forum

614 1188 877 1272 putent
912 1176 1231 1271 potuisse
1258 1172 1582 1263 defendi,
1622 1176 1828 1270 cujus
1861 1199 2014 1246 non
2044 1174 2392 1244 restiterit
2428 1171 2754 1243 cadaveri

616 1285 862 1357 curia?
891 1287 1254 1377 Excitate,
1281 1289 1582 1356 excitate
1625 1310 1833 1374 eum,
1878 1287 1937 1356 si
1979 1285 2317 1384 potestis,
2357 1281 2452 1353 ab
2489 1281 2748 1359 inferis.

613 1395 979 1491 Frangetis
1014 1382 1365 1492 i‘mpetum
1397 1395 1538 1465 vivi
1561 1450 1579 1482 ‚
1611 1396 1819 1491 cujus
1848 1395 1968 1464 vix
2004 1394 2373 1464 sustinetis
2399 1390 2613 1462 furias
2643 1393 2750 1461 in-

615 1502 1004 1603 sepulti15?
1048 1505 1187 1576 nisi
1226 1529 1397 1575 vero
1432 1506 1870 1577 sustinuistis
1911 1529 2068 1589 eos,
2110 1504 2438 1600 quicum
2479 1499 2750 1573 facibus

614 1615 704 1686 ad
750 1617 1022 1688 curiam
1082 1630 1595 1704 cucurrerunt,
1650 1639 1815 1685 cum
1855 1609 2216 1686 facibus¹⁶
2252 1610 2346 1681 ad
2398 1614 2745 1697 CastoriS,

616 1748 780 1794 cum
826 1723 1076 1820 gladiis
1111 1735 1270 1793 toto
1308 1721 1470 1795 soro
1517 1722 1932 1795 volitarunt.
1979 1722 2172 1795 Caedi
2208 1720 2488 1792 vidistis
2518 1746 2746 1819 popu-

615 1834 768 1902 lum
802 1857 1187 1902 romanum
1209 1843 1294 1919 ¹⁷,
1333 1836 1760 1905 concionem
1791 1834 2041 1932 gladiis
2066 1831 2496 1920 disturbari,
2526 1856 2744 1929 quum

615 1940 987 2017 audiretur
1020 1940 1305 2013 silentio
1346 1946 1443 2011 M.
1496 1944 1805 2030 Coelius,
1844 1942 2181 2015 tribunus
2233 1940 2508 2040 plebis,
2542 1944 2642 2011 vir
2674 1955 2745 2011 et

611 2050 687 2119 in
718 2048 1089 2148 republica
1125 2048 1593 2137 fortissimus,
1630 2067 1711 2148 et·
1745 2054 1820 2121 in
1868 2040 2198 2150 suscepta
2242 2076 2460 2122 causa
2498 2049 2745 2122 firmis-

586 2158 869 2247 'simuS‚
911 2174 984 2235 et
1015 2158 1376 2231 bonorum
1404 2161 1760 2232 voluntati
1785 2158 1875 2250 ¹⁸,
1919 2177 1993 2233 et
2019 2163 2433 2233 auctoritati
2463 2175 2745 2232 senatus

611 2267 936 2355 deditus,
972 2283 1054 2339 let
1099 2270 1172 2338 in
1216 2269 1347 2340 hac
1384 2272 1679 2341 Milonis
1718 2271 1864 2342 sive
1901 2271 2202 2360 invidia,
2236 2271 2387 2341 sive
2417 2267 2748 2357 fortuna,

612 2378 996 2476 singulari,
1046 2377 1285 2450 divina
1333 2394 1405 2450 et
1440 2378 1844 2453 incredibili
1883 2380 2045 2459 fide,

690 2710 712 2742 1
727 2709 748 2741 1
762 2729 775 2742 .
801 2693 900 2741 Sed
911 2694 975 2741 ab
993 2710 1109 2741 uno.
1130 2694 1249 2741 Non
1267 2703 1411 2757 negat
1433 2694 1636 2742 omnino

613 2774 775 2837 ignem
793 2790 821 2821 a
845 2773 1157 2822 multitudine
1181 2772 1329 2820 fuisse
1353 2773 1501 2820 curiae
1527 2773 1636 2820 illa-

612 2862 747 2910 tum3
777 2852 862 2900 sed
894 2851 957 2899 ad
991 2850 1313 2914 spargendum
1355 2850 1638 2900 incendium

612 2931 741 2979 faces
789 2948 817 2978 a
858 2933 991 2979 Sext.
1033 2928 1213 2979 Clodio
1247 2929 1396 2977 fuisse
1424 2930 1638 2995 prolatas

615 3010 886 3059 contendit.

693 3106 777 3139 ια.
831 3088 1070 3138 Nonnulli
1128 3091 1384 3153 praetulere
1439 3086 1637 3135 alteram

613 3167 901 3227 lectionem,
923 3180 1078 3228 ustor,
1091 3185 1119 3216 e
1137 3167 1471 3218 Coloniensib.
1494 3183 1641 3215 mem·

615 3245 796 3294 branis.
820 3250 870 3296 J.
886 3249 946 3297 V.
970 3250 1028 3295 L.

695 3325 774 3374 13.
819 3327 1039 3374 Mortuus
1079 3325 1373 3375 incenderet.
1423 3324 1636 3378 Multum

611 3402 668 3450 in
690 3403 786 3450 hoc
811 3403 1042 3452 incendio
1065 3418 1283 3453 moratur
1305 3407 1477 3455 Cicero
1494 3438 1510 3459 ‚
1537 3420 1638 3468 quo

615 3482 845 3542 majorem
873 3497 935 3528 ex
970 3484 1081 3545 ipso
1113 3486 1245 3531 {acto
1273 3484 1504 3530 invidiam
1531 3499 1643 3531 moe

614 3572 724 3609 vent
744 3573 760 3618 ;
793 3575 905 3606 mm
940 3559 1064 3608 illud
1104 3561 1176 3608 ibi
1212 3561 1369 3608 oculis
1406 3559 1636 3622 subjicit,

612 3650 857 3703 tamquam
879 3648 1146 3685 extremum
1172 3641 1230 3686 P.
1253 3636 1417 3685 Clodii
1440 3639 1492 3683 iu
1512 3654 1637 3685 rem·

613 3718 860 3782 publicam
882 3719 1283 3781 experimentum.

692 3807 770 3854 ιι..
804 3799 879 3844 De
904 3795 996 3843 via
1026 3796 1203 3860 Appia.
1233 3794 1461 3844 Clodiani
1490 3795 1635 3843 miras

612 3876 870 3938 tragoedias
900 3876 1110 3923 excitare
1142 3876 1463 3935 conabantur,
1500 3875 1638 3939 quod

615 3954 818 4004 Clodius
846 3955 896 4000 iu
924 3956 1001 4001 ‘via
1031 3955 1219 4018 Appia,
1258 3954 1320 4002 ab
1345 3970 1447 4002 uno
1475 3971 1503 4002 e
1531 3971 1633 4001 ma·

609 4035 799 4097 joribus
816 4035 916 4081 suis
935 4034 1154 4092 condita,
1174 4033 1338 4080 fuisset
1356 4035 1563 4080 occisus.

694 4117 771 4164 15.
800 4114 1048 4178 Insepulce'.
1076 4113 1202 4177 Quia
1227 4114 1279 4160 in
1309 4111 1522 4161 medium
1545 4111 1637 4160 suit

1726 2694 1973 2759 projectus
1993 2693 2096 2741 siue
2118 2692 2222 2741 ullo
2242 2691 2449 2740 honoris
2465 2692 2608 2756 signo
2623 2726 2638 2750 ‚
2661 2708 2745 2739 nee

1727 2784 1861 2822 totus
1886 2773 1991 2836 rogi
2011 2770 2214 2819 flammis
2233 2771 2328 2818 tuit
2348 2782 2610 2818 crematus.

1801 2854 1887 2901 16.
1914 2850 2261 2914 Al.saleibus,
2286 2849 2364 2896 vel
2372 2847 2623 2913 fascibus.
2647 2850 2742 2896 Bu·

1725 2930 1909 2987 betios,
1928 2929 2188 2977 Animadv.
2206 2930 2262 2976 iu
2280 2929 2389 2979 Cic.
2416 2944 2467 2992 p.
2490 2930 2592 2977 502
2605 2963 2621 2988 ‚
2641 2943 2747 2993 pro-

1725 3007 2049 3073 batfitlcibus.
2079 3010 2110 3057 J
2120 3042 2134 3055 .
2155 3007 2218 3053 V.
2244 3008 2300 3053 L.

1802 3103 1880 3148 ¹7·
1918 3088 2160 3151 Populum
2194 3101 2467 3133 romanum.
2503 3085 2633 3133 Milo
2660 3085 2746 3132 lar·

1727 3166 1993 3231 gitionibus
2056 3165 2360 3231 plebeculam
2432 3176 2712 3227 corruperat
2730 3196 2745 3219 ‚

1726 3262 1872 3309 quam
1909 3244 2094 3294 Coelius
2140 3244 2204 3292 nd
2258 3243 2606 3309 capessendam
2652 3245 2745 3303 ejus

1727 3341 1921 3373 cauum
1957 3321 2261 3371 hortabatur.
2302 3322 2401 3371 Sed
2436 3322 2663 3371 Clodiani
2698 3323 2745 3367 iu

1725 3403 1886 3452 forum
1908 3404 2153 3467 irrupere,
2180 3412 2230 3448 et
2254 3401 2370 3449 inde
2392 3413 2578 3465 strages
2603 3402 2747 3448 maxi-

1726 3499 1804 3530 ma
1823 3482 1884 3530 ab
1907 3481 2043 3530 omui
2063 3492 2199 3545 parte
2224 3480 2316 3527 fuit
2333 3479 2484 3528 edita.
2510 3481 2635 3527 Rem
2658 3490 2745 3526 tam

1725 3572 1939 3609 atrocem
1966 3559 2250 3623 perstringit
2283 3557 2456 3605 leviter
2482 3568 2669 3614 orator,
2702 3567 2749 3603 et

1725 3639 1953 3685 consulto
1981 3636 2180 3702 quidem
2196 3672 2210 3695 ,
2234 3653 2345 3684 nam
2371 3636 2528 3697 objici
2552 3637 2602 3684 ei
2623 3647 2746 3685 recte

1724 3718 1964 3781 potuisset
1989 3717 2276 3764 concionem
2303 3715 2438 3762 illam
2466 3730 2569 3762 non
2588 3731 2751 3779 popu·

1721 3795 1825 3843 lum
1871 3811 1974 3844 esse
2014 3810 2294 3849 romanum,
2341 3792 2429 3840 sed
2477 3793 2744 3857 plebecula

1723 3876 1888 3924 faecem
1909 3908 1925 3935 ,
1958 3892 2102 3940 quam
2134 3875 2260 3923 Milo
2291 3876 2500 3939 pecunia
2532 3873 2630 3921 sibi
2665 3873 2745 3921 de·

1725 3956 1961 4002 vinxerat.

1800 4050 1821 4080 1
1834 4035 1879 4081 8.
1900 4035 2145 4080 Bonorum
2159 4032 2425 4082 voluntati.
2442 4032 2545 4095 Qui
2559 4031 2747 4080 salvum

1724 4111 1966 4160 Milonem
1988 4111 2265 4176 cupiebant.
