2994 4778
710 379 801 472 74
1327 381 1424 448 M.
1473 382 1550 447 T.
1609 379 2171 449 CICERONIS
2357 452 2360 455 ,

712 522 878 596 ceps
912 499 1339 593 rogationis,
1384 504 1492 570 vir
1528 501 1702 571 mihi
1740 500 2238 585 amicissimus,
2283 500 2372 587 Q.
2419 495 2765 583 Fabricius,

712 607 1112 703 templum¹⁴
1159 608 1526 706 aliquanto
1581 624 1745 680 ante
1796 609 2027 679 lucem
2072 608 2466 705 occupavit.
2509 608 2767 695 Quietus

713 740 800 786 eo
838 715 951 810 die
997 719 1311 808 Sextius,
1346 722 1441 805 is,
1489 720 1614 815 qui
1648 734 1753 790 est
1789 718 1878 790 de
1915 719 1984 787 vi
2020 742 2225 788 reus:
2261 729 2458 788 actor
2489 711 2634 785 hic⁵
2665 714 2766 784 de·

710 823 1090 924 sensorque
1137 852 1358 897 causae
1400 852 1574 898 meae
1620 828 1797 899 nihil
1833 826 2318 924 progreditur,
2369 825 2639 897 consilia
2676 848 2768 893 ex·

710 951 981 1031 spectat
1015 934 1465 1006 inimicorum
1496 963 1845 1010 meorum.
1882 938 2073 1027 Quid
2107 935 2281 1024 illiss,
2315 944 2612 1034 quorum
2635 957 2768 1002 con·

711 1046 866 1117 silio
922 1052 995 1117 P.
1055 1047 1332 1116 Sextius
1381 1048 1457 1117 in
1508 1047 1856 1142 judicium
1902 1049 2244 1120 vocatur?
2292 1071 2442 1143 quo
2484 1069 2554 1117 se
2592 1056 2765 1139 pacto

710 1155 1014 1251 gerunt?
1059 1156 1300 1243 Quum
1341 1155 1609 1243 forum,
1662 1159 2065 1243 comitium,
2107 1158 2420 1242 curiam,
2457 1152 2659 1224 multa
2696 1146 2766 1218 de

706 1279 958 1349 nocte,
1010 1268 1293 1335 armatis
1347 1264 1762 1336 hominibus
1807 1291 1886 1337 ac
1932 1270 2150 1338 servis
2199 1265 2551 1363 plerisque
2595 1281 2766 1329 occu·

705 1377 1062 1472 pavissent
1084 1427 1104 1458 ,
1138 1375 1484 1470 impetum
1529 1374 1800 1446 faciunt
1834 1377 1909 1445 in
1949 1374 2347 1447 Fabricium
2368 1425 2388 1457 ‚
2424 1390 2656 1442 manus
2684 1361 2767 1433 af·

705 1480 981 1569 ferunt,
1038 1482 1374 1554 occidunt
1429 1483 1863 1572 nonnullos,
1917 1483 2299 1553 vulnerant
2345 1478 2626 1561 multos;
2667 1495 2766 1541 ve·

704 1592 1023 1662 nientem
1085 1594 1160 1662 in
1214 1592 1488 1677 forum,
1546 1596 1777 1663 virum
1822 1594 2173 1689 optimum
2223 1606 2301 1662 et
2344 1579 2767 1660 constantissi·

706 1725 937 1786 mum,
983 1705 1078 1772 M.
1129 1703 1447 1799 Cispium
1478 1712 1532 1785 7,
1567 1701 1943 1772 tribunum
1984 1699 2246 1798 plebis,
2296 1700 2367 1768 vi
2411 1691 2766 1791 depellunt3

705 1809 964 1881 caedem
1021 1813 1093 1881 in
1151 1809 1311 1882 foro
1364 1813 1744 1882 maximam
1787 1811 2090 1897 faciunt3
2149 1810 2627 1901 universique,
2669 1796 2764 1866 de·

707 1921 967 1990 strictis
1015 1921 1262 2017 gladiis
1316 1935 1387 1991 et
1427 1922 1743 1991 cruentis
1767 1974 1785 2001 ,
1824 1924 1895 1990 in
1926 1918 2262 1990 omnibus
2292 1917 2424 1989 fori
2451 1908 2766 2013 partibus,

700 2026 985 2100 fratrem
1017 2053 1291 2114 meum,
1325 2032 1553 2102 virum
1590 2032 1978 2127 optimum,
2005 2028 2501 2111 fortissimum,
2524 2019 2764 2111 meique

701 2141 1295 2225 amantissimum,
1355 2140 1579 2211 oculis
1634 2139 2086 2237 quaerebant,
2148 2164 2327 2210 voce
2390 2128 2760 2234 poscebant.

699 2252 1027 2341 Quorum
1054 2249 1172 2321 ille
1201 2251 1357 2321 telis
1391 2249 1720 2339 libenter,
1753 2251 1825 2320 in
1855 2265 2053 2320 tanto
2088 2249 2322 2337 luctu,
2349 2270 2431 2318 ac
2456 2236 2765 2315 desiderio

699 2362 881 2449 mei,
928 2385 1079 2431 non
1127 2360 1575 2460 repugnandi
1595 2356 1649 2449 ⁸,
1700 2360 1821 2433 sed
1881 2357 2230 2431 moriendi
2287 2379 2494 2431 causa
2549 2365 2766 2442 corpus

700 2472 1074 2544 obtulisset
1102 2497 1307 2542 suum
1333 2528 1351 2558 ,
1383 2473 1519 2562 nisi
1546 2496 1742 2543 suam
1774 2473 1989 2541 vitam
2019 2469 2105 2540 ad
2136 2494 2337 2567 spem
2370 2466 2506 2538 mei
2538 2457 2766 2531 reditus

698 2598 1141 2654 reservasset.
1183 2582 1415 2653 Subiit
1457 2598 1698 2652 tamen
1740 2583 1881 2650 vim
1914 2581 2102 2651 illam
2140 2578 2484 2651 nefariam
2514 2586 2765 2643 consce-

696 2691 1085 2762 leratorum
1127 2691 1526 2777 latronum3
1573 2705 1680 2774 et,
1725 2715 1950 2787 quum
1996 2689 2085 2761 ad
2132 2687 2372 2760 fratris
2421 2684 2698 2756 salutem
2735 2693 2767 2738 a

697 2801 967 2897 populo
1017 2825 1317 2871 romano
1358 2799 1878 2898 deprecandam
1919 2802 2262 2884 venisset,
2303 2796 2548 2894 pulsus
2581 2813 2617 2858 e
2652 2787 2767 2853 Ro·

698 2911 900 2996 stris,
952 2911 1026 2979 in
1072 2911 1361 2988 comitio
1404 2912 1660 3006 jacuit,
1712 2936 1932 3007 seque
1982 2933 2352 2980 servorum
2402 2921 2470 2978 et
2514 2900 2766 2972 liberto-

695 3152 824 3217 apud
845 3151 1094 3205 Casan-em.
1116 3149 1172 3197 Β.
1197 3147 1256 3195 G.
1278 3151 1351 3195 VI
1364 3183 1379 3207 ,
1403 3156 1433 3204 4
1446 3183 1460 3205 ,
1477 3164 1711 3213 peragens
1867 3148 1917 3198 6.
1940 3147 2074 3212 Quid
2086 3146 2173 3195 illi.
2195 3149 2269 3195 De
2285 3143 2531 3197 Clodianis
2548 3136 2635 3187 dici
2647 3127 2769 3181 maui-

694 3231 946 3279 concih'um
985 3229 1229 3277 habemus.
1275 3228 1422 3291 Quod
1458 3244 1572 3277 sane
1607 3243 1708 3275 non
1798 3230 1966 3276 festum
1988 3240 2058 3276 est
2087 3243 2100 3277 :
2129 3237 2402 3275 accusatum
2425 3225 2546 3272 enim
2569 3236 2593 3265 a
2610 3212 2767 3263 M3¹⁰¹¹²

697 3308 870 3355 durum
916 3308 1073 3353 minus
1121 3323 1263 3369 quam
1307 3307 1438 3369 apud
1489 3320 1707 3354 nostrum
1796 3308 2048 3364 Clodium,
2071 3305 2207 3370 qnod
2234 3305 2413 3353 eaedem
2436 3318 2540 3351 cum
2561 3293 2767 3361 gladiato·

695 3386 914 3433 videatur
930 3399 1119 3431 necesse
1140 3396 1226 3432 est.
1795 3386 1928 3433 ribus
1944 3388 1992 3432 in
2010 3387 2116 3432 foro
2133 3387 2336 3442 fecisset,
2348 3387 2444 3432 Dio
2459 3382 2540 3430 lib.
2554 3366 2767 3426 XXUX’

766 3472 815 3518 6.
857 3464 1112 3524 Templum.
1143 3459 1314 3510 Rostra
1348 3472 1397 3509 et
1427 3461 1583 3508 forum
1602 3497 1616 3520 ,
1653 3473 1707 3509 ut
1794 3467 2022 3528 scriptum
2043 3464 2264 3527 reliquit:
2284 3475 2331 3511 et
2352 3464 2414 3511 de
2434 3448 2765 3526 gladiatoribus.

696 3558 840 3606 supra
890 3540 1053 3587 videre
1106 3540 1212 3587 fuit.
1257 3541 1327 3575 -’-
1376 3541 1506 3586 Ante
1555 3539 1705 3587 lucem
1793 3559 1916 3606 quos
1936 3544 2124 3607 Appius
2140 3553 2317 3605 praetor
2334 3541 2506 3590 Clodio
2524 3531 2643 3583 fratri
2660 3537 2769 3573 ⁰⁰¹³·

694 3620 960 3684 occupavit.
982 3619 1057 3667 Ne
1077 3628 1238 3682 posset
1259 3618 1321 3665 ab
1344 3618 1553 3667 inimicis
1572 3618 1707 3666 aditu
1793 3622 2030 3678 modavit,
2050 3622 2170 3668 infra
2192 3621 2266 3669 bis
2283 3620 2586 3684 significatur.

698 3698 963 3765 prohiberi.
1865 3718 1913 3762 7.
1946 3703 2012 3748 M.
2043 3700 2266 3765 Cispium.
2295 3702 2451 3762 Quem
2475 3700 2521 3744 in
2548 3684 2769 3739 Planciflm

766 3781 814 3828 5.
845 3781 998 3826 Actor
1012 3776 1105 3825 hic.
1134 3776 1324 3824 Sextius
1351 3775 1453 3831 ille,
1481 3776 1567 3839 qui
1594 3791 1705 3823 cau-
1749 3781 1750 3784 ’
1793 3781 1975 3844 optime
2001 3780 2061 3827 de
2086 3796 2136 3827 se
2162 3781 2382 3827 meritum
2404 3775 2640 3843 praedicnt·
2663 3773 2769 3809 ω’·

688 3875 789 3907 sum
819 3873 972 3904 meam
999 3868 1094 3904 tam
1116 3854 1274 3902 vivide
1296 3866 1579 3918 susceperat.
1606 3855 1702 3902 Ne·
1790 3877 1882 3924 que
1906 3859 2070 3907 salutis
2090 3875 2190 3907 non
2211 3859 2357 3907 modo
2383 3874 2478 3905 non
2495 3850 2767 3917 opp⁰8⁰⁸¹⁰‘

690 3954 785 4003 qne
829 3936 954 3984 enim
1001 3936 1146 3982 verba
1198 3951 1250 3982 ea
1294 3934 1357 3982 ad
1400 3934 1665 3986 Fabricium
1685 3969 1701 3993 ‚
1787 3954 1886 3985 rem
1902 3972 1918 3996 ‚
1938 3938 2021 3983 sed
2042 3939 2182 3985 etiam
2207 3938 2497 3985 defensorem
2517 3930 2665 3978 fuisse-

689 4016 911 4083 quamvis
971 4015 1162 4063 volente
1214 4013 1438 4062 Munatio
1457 4046 1473 4070 ,
1534 4014 1699 4062 referri
1858 4018 1908 4064 8.
1927 4007 2254 4066 'Hottomsnm
2281 4017 2463 4065 invenit
2487 4015 2537 4061 in
2559 4002 2674 4059 MSS
2696 3993 2767 4042 ‘st'

688 4106 905 4163 possent.
1779 4095 2050 4161 pugnandi.
2083 4099 2131 4147 J.
2150 4099 2214 4143 V.
2240 4099 2291 4143 L.
