2994 4778
622 412 1014 480 oRATlo
1068 413 1181 483 IN
1232 415 1308 481 L.
1351 416 1429 481 c,
1483 413 1971 483 PISONEM.
2222 415 2357 515 367

223 559 381 632 que
436 531 729 604 hercule
773 556 907 630 ego
935 589 954 621 ‚
1006 557 1245 630 neque
1301 534 1760 631 supercilium
1822 549 2065 624 tuum,
2123 563 2362 636 nequo

224 644 521 739 collegae
565 645 670 713 tui
704 641 1031 739 cymbala
1074 668 1155 714 ac
1198 635 1512 715 crotala8
1551 643 1737 741 fugi3
1779 669 2018 741 neque
2068 662 2213 717 tam
2257 649 2362 721 fui

227 752 574 835 timidus»,
623 767 744 839 ut,
790 755 915 849 qui
960 754 1035 823 in
1078 754 1403 824 maximis
1444 753 1861 825 turbinibus
1910 779 1991 827 ac
2032 755 2370 833 fluctibus

228 860 646 961 reipublicae
681 888 938 933 navem
976 862 1485 960 gubernassem
1512 918 1531 950 ‚
1563 864 1990 962 >salvamque
2030 869 2105 937 in
2151 884 2369 965 portu

234 972 701 1043 collocassem
722 1026 743 1059 ‚
776 970 1034 1043 frontis
1063 986 1202 1043 tuae
1230 971 1666 1044 nubeculam
1684 1028 1703 1060 ‚
1740 989 1892 1044 tum
1911 976 2237 1075 collegae9
2262 982 2369 1049 tui

236 1083 809 1153 contaminatum
838 1084 1169 1180 spiritum
1203 1086 1808 1181 pertimescerem.
1833 1086 2026 1157 Alios
2060 1111 2195 1183 ego
2227 1087 2368 1159 vidi

239 1206 523 1278 ventos3
573 1191 741 1261 alias
793 1193 1129 1288 prospexi
1177 1195 1420 1264 animo
1459 1193 1849 1290 procellas;
1897 1196 2051 1266 aliis
2091 1202 2371 1296 impen-

239 1299 585 1372 dentibus
612 1299 1160 1397 tempestatibus
1197 1327 1348 1372 nou
1386 1303 1734 1389 cessi‚sed
1770 1304 1880 1373 his
1914 1331 2139 1376 unum
2164 1316 2230 1351 ¹⁰
2256 1334 2369 1377 me

242 1435 370 1508 pro
414 1412 741 1481 omnium
778 1410 1015 1487 salute
1048 1410 1304 1482 obtuli.
1351 1416 1605 1508 Itaque
1649 1412 1962 1485 discessu
2014 1429 2167 1484 tum
2209 1440 2372 1487 meo

241 1545 498 1593 omnes
548 1519 652 1591 illi
697 1520 946 1592 nefarii
991 1521 1287 1619 gladii¹¹
1339 1522 1432 1593 de
1478 1522 1812 1593 manibus
1862 1522 2370 1599 crudelissimis

243 1630 716 1703 exciderunt:
762 1656 990 1728 quum
1046 1632 1342 1728 quidem
1397 1648 1514 1718 tu,
1567 1657 1613 1703 o
1664 1656 1912 1703 vecors
1962 1649 2035 1703 et
2083 1658 2371 1721 amem,

245 1763 472 1836 quum
500 1764 755 1811 omnes
781 1739 957 1811 boni
981 1739 1208 1811 abditi
1238 1742 1638 1838 inclusique
1665 1758 2084 1824 moererent,
2107 1758 2249 1814 tem
2261 1747 2374 1843 pla

247 1860 726 1948 gemerentn,
768 1865 955 1922 tecta
996 1853 1147 1950 ipsa
1188 1851 1391 1922 urbis
1430 1850 1791 1948 lugerent,
1836 1854 2254 1949 complexus
2298 1881 2373 1928 es

250 1960 423 2031 illud
464 1958 834 2031 funestum
878 1959 1219 2032 animal¹3
1257 1987 1348 2033 ex
1385 1960 1671 2034 nefariis
1708 1963 1973 2059 stupris
1998 2017 2017 2050 ,
2052 1988 2139 2034 ex
2183 1966 2373 2036 civili
2453 2008 2462 2019 ·

250 2095 508 2142 cruore
528 2127 549 2159 ‚
587 2096 676 2142 ex
722 2073 1047 2143 omnium
1098 2072 1446 2144 scelerum
1493 2074 2040 2170 importunitate
2065 2128 2084 2160 ‚
2134 2089 2206 2145 et
2246 2075 2372 2146 fla-

249 2182 588 2278 gitiorum
623 2184 1053 2280 impunitate
1087 2197 1504 2255 concretum
1527 2238 1547 2271 ‚
1578 2197 1798 2280 atque
1817 2182 2074 2253 eodem
2089 2184 2163 2253 in
2191 2199 2371 2256 tern-

254 2290 374 2387 plo
389 2291 473 2380 ¹⁴,
500 2291 757 2362 eodem
781 2308 856 2364 et
871 2292 1010 2365 loci
1032 2295 1331 2393 vestigio
1349 2308 1422 2365 et
1447 2297 1822 2391 temporis,
1843 2293 2200 2366 arbitria¹⁵
2223 2321 2374 2369 non

255 2406 393 2473 mei
427 2402 694 2489 solum,
731 2402 856 2476 sed
892 2407 1137 2502 patriae
1174 2404 1446 2477 funeris
1484 2404 1862 2476 abstulisti.

345 2517 431 2581 X.
469 2512 666 2602 Quid
703 2537 836 2610 ego
874 2514 1167 2586 illorum
1202 2515 1484 2587 dierum
1521 2515 1806 2612 epulas),
1842 2514 2021 2609 quid
2058 2514 2370 2586 laetitiam

253 2637 324 2692 et
361 2621 909 2718 gratulationem
958 2639 1190 2710 tuam,
1244 2624 1420 2721 quid
1460 2648 1627 2695 cum
1679 2623 1817 2693 tuis
1869 2620 2372 2694 sordidissimis

252 2730 631 2830 gregibus¹
701 2733 1456 2830 intemperantissimas
1522 2733 2059 2830 perpotationes
2116 2730 2378 2828 praedi-

254 2935 409 2984 facem
437 2947 485 2984 ct
509 2935 741 2984 laternam
764 2937 1011 3000 presel-zet
1030 2937 1267 2987 Catilinae.

330 3017 383 3065 8.
425 3016 652 3076 &nbula
692 3033 755 3064 ac
792 3017 1000 3067 ποιοῖο.
1039 3017 1273 3082 Cymbala

253 3106 305 3144 et
322 3094 505 3143 crotala
537 3096 787 3145 saltatores
808 3096 1086 3160 composito
1106 3096 1272 3144 sonitu

255 3174 571 3236 adjuvabant.
1115 3190 1123 3199 ·

326 3269 378 3317 9.
423 3251 621 3302 Schiitz.
674 3253 809 3302 malit
827 3290 843 3316 ‚
886 3275 911 3295 α
934 3263 1019 3301 snt
1065 3253 1270 3317 college

256 3333 326 3380 tui
346 3353 391 3381 ιι.
416 3333 467 3381 J.
488 3333 552 3379 V.
574 3334 627 3380 L.

332 3426 413 3458 to.
437 3411 538 3458 Sed
563 3410 637 3459 his
676 3427 824 3458 unum
853 3427 944 3461 me.
965 3411 1172 3460 Obviam
1202 3410 1272 3458 ivi

258 3488 480 3552 periculo
495 3524 510 3547 ‚
534 3500 583 3537 et
607 3504 699 3552 pro
727 3490 974 3553 republica
993 3490 1130 3539 solus
1154 3501 1277 3537 tem-

260 3578 492 3631 pestatem
522 3569 728 3632 excepi,
755 3584 862 3632 cap.
902 3585 996 3628 no,
1033 3584 1146 3617 cum
1180 3568 1276 3617 boc

257 3646 370 3696 loco
394 3647 543 3713 plane
564 3658 637 3695 est
667 3648 990 3697 conferendus
1010 3650 1143 3697 Sext.

332 3742 354 3773 ι
368 3741 389 3773 1
403 3760 417 3772 .
444 3723 619 3774 Gladii
631 3725 694 3772 de
708 3726 927 3775 manibus
941 3725 1275 3775 crudelissimis

260 3803 567 3853 exciderunt.
595 3805 785 3854 Cedens
809 3823 836 3854 e
864 3806 1058 3854 civitate
1088 3806 1143 3854 id
1168 3821 1275 3853 sum

258 3895 590 3949 consequutus
604 3918 619 3943 ‚
654 3895 710 3933 ut
734 3885 1070 3949 improborum
1095 3885 1274 3933 civium

257 3966 447 4012 animos
465 3966 567 4026 jem
603 3964 667 4012 ad
692 3963 874 4013 bellum
915 3964 1060 4013 civile
1084 3973 1277 4029 persto·

258 4043 566 4108 reptes-erim
581 4077 597 4102 ‚
637 4043 978 4107 effecerimqne
993 4077 1010 4103 ,
1036 4058 1098 4091 ne
1118 4057 1279 4105 respu-

262 4121 387 4169 blica
414 4122 657 4170 bellorum
675 4121 906 4171 incendio
929 4121 1227 4185 defingunt.

1435 2953 1516 2986 xa.
1571 2935 1768 3000 Templa
1801 2945 2067 2999 gemerent.
2108 2935 2282 2998 Neque
2325 2936 2377 2983 id

1358 3016 1546 3081 maguis
1562 3013 1886 3078 scriptoribus
1914 3023 1986 3060 est
2018 3013 2293 3075 insuetum,
2321 3026 2375 3064 ut

1358 3097 1547 3145 luctum
1590 3094 1806 3142 tribuant
1866 3093 2009 3140 rebus
2052 3093 2276 3141 inanimis
2327 3107 2377 3143 et

1359 3175 1533 3223 brutis.
1560 3174 1703 3221 Maro
1721 3170 1892 3219 Bucol.
1909 3174 1974 3229 V,
1995 3186 2057 3230 ²7
2076 3184 2089 3219 :
2114 3193 2138 3212 «a
2152 3171 2346 3235 Daphni
2359 3209 2377 3231 ‚

1360 3266 1502 3302 tuum
1524 3252 1702 3298 Poenos
1723 3249 1868 3296 etism
1887 3247 2178 3312 ingemuisse?
2207 3250 2375 3300 leones

1360 3332 1636 3388 Interim,
1674 3339 1960 3391 montesque
1998 3325 2089 3374 feri
2132 3328 2378 3394 sylvaeqno

1359 3410 1629 3475 loquuntur
1648 3428 1691 3454 ιι.

1442 3491 1522 3538 ι3.
1542 3492 1803 3537 Funestam
1825 3483 2036 3533 animal.
2058 3485 2115 3533 P.
2132 3485 2376 3538 Clodium.

1439 3577 1521 3625 ¹4.
1574 3572 1733 3632 Atque
1771 3564 1938 3614 eodem
1984 3563 2034 3613 in
2082 3568 2277 3630 temple.
2320 3571 2378 3616 In

1362 3647 1550 3712 templo
1571 3646 1814 3704 Castoris,
1836 3643 1914 3692 vel
1939 3646 1991 3692 in
2021 3643 2132 3708 ipso
2158 3645 2298 3706 foro,
2328 3660 2379 3696 et

1363 3727 1567 3775 Aurelio
1584 3723 1834 3772 tribunali.

1439 3804 1521 3851 15.
1542 3797 2054 3863 Arbies-ia...funeris.
2074 3802 2271 3849 Praemia
2286 3805 2381 3853 mei

1361 3881 1568 3940 funeris,
1580 3879 1882 3944 provinciam
1898 3879 2003 3927 scil.
2017 3880 2378 3943 Macedoniam,

1362 3976 1509 4025 quam
1531 3958 1729 4024 prodito
1751 3958 1986 4007 Cicerone
2010 3958 2237 4010 obtinuit.

1434 4040 1506 4087 X.
1550 4053 1597 4087 1.
1643 4037 1760 4085 cum
1803 4037 1900 4085 ευίε
1930 4036 2114 4085 sordid.
2143 4039 2386 4104 gregibus.

1366 4119 1489 4168 Cum
1519 4116 1616 4165 tuis
1642 4116 1877 4165 Grncnlis
1904 4127 1955 4164 et
1984 4115 2236 4179 Epicureis
2251 4151 2267 4175 ,
2296 4119 2384 4180 qui
