2994 4778
640 396 781 496 376
1296 402 1391 468 M.
1448 402 1522 467 T.
1563 388 2104 470 CICERoms

636 520 919 591 sceleris
974 533 1047 591 et
1095 518 1535 591 crudelitatis
1575 536 1743 608 tuae,
1780 520 2139 591 maledicti
2187 533 2262 589 et
2317 521 2762 594 contumeliae

632 630 795 702 loco
828 630 1141 728 ponere?
1171 632 1340 720 Quo
1374 631 1667 728 quidem
1700 646 2028 728 tempore
2068 632 2227 726 cepi
2255 682 2275 716 ‚
2311 644 2555 727 patres
2593 657 2761 703 con-

635 743 924 838 scripti,
976 739 1220 812 fructu
1265 743 1820 813 mimmortalem
1841 768 1861 791 ²
1892 742 2103 811 vestri
2139 741 2214 809 in
2249 764 2362 810 me
2397 756 2475 811 et
2510 747 2761 814 amoris

632 865 706 922 et
729 850 1016 945 judicii3
1060 853 1185 947 qui
1219 877 1368 922 non
1409 850 2073 922 admurmuratione
2099 903 2119 932 ,
2164 846 2289 920 sed
2315 874 2503 920 voce
2533 865 2607 921 et
2639 851 2761 922 cla-

634 985 868 1048 more,
909 958 1171 1056 abjecti
1205 960 1521 1032 hominis
1549 976 1623 1032 et
1662 954 2022 1032 semivivi3
2065 957 2385 1029 furorem
2434 961 2756 1057 petulan-

629 1072 948 1169 tiamque
993 1070 1319 1170 fregistis,
1361 1078 1467 1144 Tu
1504 1073 1780 1143 luctum
1822 1072 2176 1156 senatus4,
2216 1083 2297 1139 tu
2331 1067 2754 1141 desiderium

630 1184 983 1279 equestris
1012 1182 1287 1254 ordinis
1302 1175 1356 1267 ⁵,
1386 1197 1469 1253 tu
1502 1182 1912 1279 squalorem
1949 1180 2165 1250 ltaliae
2180 1176 2239 1266 ⁶,
2277 1195 2363 1250 tu
2412 1182 2618 1251 curiae
2650 1196 2750 1251 ta·

626 1293 1113 1364 citurnitatem
1160 1317 1504 1378 annuam,
1532 1307 1614 1362 tu
1655 1289 2018 1362 silentium
2061 1300 2545 1386 perpetuum?
2570 1289 2745 1382 judi-

629 1403 904 1473 ciorum
935 1427 1016 1472 ac
1044 1400 1182 1472 fori
1204 1456 1223 1488 ,
1258 1416 1337 1472 tu
1375 1417 1611 1473 cetera
1648 1400 1766 1471 illa
1798 1402 1873 1469 in
1913 1398 2275 1469 maledicti
2311 1398 2481 1470 loco
2510 1423 2750 1496 pones,

629 1537 786 1609 quae
821 1537 1027 1584 meus
1055 1510 1404 1583 discessus
1424 1510 1835 1609 reipublicae
1872 1510 2161 1580 vulnera
2198 1507 2503 1580 inflixit?
2534 1512 2672 1599 Qui
2698 1512 2748 1580 si

627 1622 1278 1693 calamitosissimus
1320 1619 1610 1706 fuisset,
1646 1635 1889 1691 tamen
1929 1618 2424 1689 misericordia
2462 1619 2751 1717 dignior,

627 1754 843 1827 quam
883 1733 1367 1815 contumelia,
1432 1746 1505 1802 et
1548 1754 1714 1801 cum
1770 1722 2041 1826 gloria⁸
2088 1730 2333 1825 potius
2381 1754 2536 1801 esse
2594 1756 2748 1802 con·

620 1840 1165 1937 jtinctus,quam
1196 1865 1363 1912 cum
1389 1837 1661 1936 probro
1689 1853 2100 1936 putaretur3
2134 1853 2353 1933 atque
2385 1838 2528 1926 ille,
2556 1838 2750 1911 dolor

629 1973 831 2021 meus
866 1950 1247 2039 duntaxat,
1287 1965 1601 2022 vestrum
1642 1948 1938 2046 quidem
1978 1949 2210 2019 scelus
2236 1947 2269 2005 9
2319 1972 2406 2019 ac
2454 1948 2746 2022 dedecus

629 2059 1040 2133 haberetur.
1093 2068 1337 2153 Quum
1380 2084 1551 2131 vero
1593 2057 1923 2153 (forsitan
1960 2056 2103 2127 hoc
2129 2111 2150 2143 ,
2199 2056 2406 2154 quod
2444 2058 2744 2129 dicturus

627 2195 786 2241 sum
817 2227 837 2256 ,
888 2172 1214 2244 mirabile
1258 2171 1507 2242 auditu
1550 2194 1703 2241 esse
1738 2168 2094 2252 videatur,
2144 2166 2270 2237 sed
2311 2182 2503 2238 certe
2536 2166 2602 2237 id
2636 2166 2741 2237 di-

628 2304 817 2367 cam,
847 2283 1047 2378 quod
1088 2282 1409 2377 sentio),
1444 2305 1672 2378 quum
1713 2278 1928 2349 tantis
1959 2301 1999 2351 a
2037 2275 2286 2362 vobi5‚
2318 2292 2555 2375 patres
2590 2302 2751 2349 con-

628 2393 909 2487 scripti,
940 2391 1310 2463 beneficiis
1345 2391 1647 2463 affectus
1682 2393 1849 2475 sim,
1891 2387 2105 2459 tantis
2129 2387 2580 2483 honoribuS,
2608 2416 2750 2461 non

629 2500 848 2571 modo
881 2501 1076 2572 illam
1114 2503 1580 2574 calamitatem
1620 2526 1771 2574 esse
1814 2525 1966 2570 non
2017 2499 2243 2583 duc0,
2275 2500 2451 2585 sed,
2495 2506 2553 2573 si
2592 2499 2751 2599 quid

628 2609 806 2680 mihi
835 2626 1072 2710 potest
1103 2638 1144 2683 a
1178 2610 1550 2711 republica
1589 2635 1743 2683 esse
1770 2610 2209 2705 sejunctum,
2245 2609 2455 2706 quod
2484 2614 2609 2682 vix
2639 2637 2753 2709 po-

700 2795 752 2828 u.
788 2781 1013 2827 Fructum
1049 2779 1386 2828 immortalem.
1406 2779 1648 2827 Testimo-

630 2858 764 2905 nium
790 2858 925 2921 quod
955 2858 1073 2906 mihi
1114 2858 1166 2906 in
1191 2859 1512 2906 immortalem
1540 2859 1647 2922 glo-

630 2937 749 2985 riam
775 2938 1033 2987 redundat.
1066 2938 1332 2986 Prudenter
1362 2938 1466 2985 baee
1503 2939 1650 2986 inter-

630 3001 774 3076 serit,
809 3028 863 3065 ut
890 3018 1065 3083 partlm
1088 3034 1139 3065 se
1165 3033 1275 3081 erga
1307 3020 1362 3065 P.
1380 3017 1436 3066 C.
1458 3027 1647 3080 gratum

563 3103 568 3114 “
630 3096 854 3144 ostendat
868 3132 882 3154 ‚
905 3097 1081 3163 partim
1101 3097 1296 3145 eosdem
1324 3107 1494 3145 eontra
1515 3098 1649 3145 Piso-

629 3173 704 3219 nis
728 3166 1039 3238 petulantiam
1067 3175 1313 3224 accendat.

702 3253 751 3301 3.
769 3256 999 3305 δοηιίνίνί.
1019 3256 1144 3304 Sunt
1171 3257 1258 3320 qui
1282 3254 1539 3320 legendum
1557 3272 1647 3320 pn·

634 3340 738 3377 tent
754 3332 973 3382 semiviri.
1000 3336 1033 3381 J
1036 3338 1131 3382 .V.
1162 3335 1217 3384 L.

701 3408 754 3456 4.
800 3406 1004 3450 Luctum
1044 3416 1255 3452 senatus.
1304 3406 1403 3466 Qui
1442 3404 1643 3468 publico

628 3479 835 3527 consilio
876 3485 1348 3531 senatusconsultum
1392 3485 1509 3532 feeit
1532 3518 1547 3542 ,
1587 3497 1642 3534 ut

625 3573 719 3620 pro
745 3575 821 3606 me
846 3561 990 3608 vestit
1004 3560 1223 3624 lugubris
1245 3573 1532 3610 sumeretur.

696 3641 746 3688 5.
800 3638 1104 3687 Desidet-ium
1163 3639 1388 3702 equestris
1440 3640 1641 3690 ordinis.

624 3719 722 3782 Qui
758 3734 898 3782 paene
933 3717 1185 3765 universus
1217 3729 1396 3765 vestem
1433 3735 1527 3782 pro
1563 3737 1641 3769 me

621 3799 850 3856 mutavit,
882 3814 909 3844 e
946 3813 1047 3860 quo
1083 3798 1255 3845 ordine
1285 3798 1454 3862 viginti
1482 3816 1639 3865 prope

619 3877 983 3925 adolescentum
1027 3877 1174 3924 millia
1223 3894 1298 3925 me
1343 3879 1637 3928 comitaban-

619 3967 714 4012 tur,
742 3968 796 4004 ut
822 3955 982 4003 Clodii
1011 3957 1108 4003 vim
1130 3973 1158 4003 a
1187 3973 1263 4005 me
1291 3959 1632 4021 prohiberent,

1806 2779 1859 2826 6.
1885 2776 2165 2841 squalorem
2199 2776 2376 2826 Italiae.
2415 2779 2545 2842 Qua
2580 2791 2750 2828 nutum

1735 2858 1955 2906 dolorem
1980 2856 2137 2905 hausit
2163 2857 2409 2906 desiderio
2432 2860 2528 2907 mei
2549 2895 2567 2918 ,
2600 2873 2652 2909 ut
2666 2862 2750 2924 ipei

1736 2937 1880 2985 etiam
1899 2938 2002 3000 agri
2025 2936 2263 3000 squallere
2286 2937 2590 2987 viderentur.

1805 3032 1855 3076 ⁰7.
1888 3018 1956 3064 ss
1979 3016 2531 3081 silentiumjudiciorum
2552 3016 2743 3081 aeson.

1735 3098 1833 3144 Pro
1856 3097 2049 3155 Sextio,
2070 3113 2225 3160 quum
2252 3113 2391 3145 «non
2412 3099 2573 3146 nolum
2597 3098 2743 3145 homi-

1736 3190 1846 3232 nen,
1871 3175 1957 3223 ned
1982 3186 2107 3224 tecta
2138 3176 2274 3224 urbis
2307 3191 2367 3223 ac
2414 3178 2591 3241 templa
2621 3176 2742 3237 luge-

1735 3264 1842 3301 rent
1859 3288 1874 3312 ,
1921 3270 2066 3302 nemo
2109 3266 2325 3303 vestrum
2370 3256 2531 3303 sorum
2547 3290 2563 3312 ,
2607 3269 2741 3304 nemo

1735 3332 1933 3391 curiam,
1949 3349 2091 3381 nemo
2105 3332 2264 3380 lucem
2285 3333 2536 3399 adspicere
2553 3333 2739 3380 vellet».

1730 3412 1787 3458 In
1806 3412 2054 3460 Vatinium
2075 3425 2088 3459 ε
2108 3434 2132 3453 α
2147 3413 2304 3473 Cujus
2332 3413 2563 3461 desidera>
2582 3413 2742 3459 rorum

1729 3501 1952 3538 moestum
1965 3525 1979 3550 ,
1999 3502 2131 3539 muta
2149 3493 2282 3539 curia
2303 3526 2318 3550 ,
2351 3494 2507 3540 omnia
2532 3490 2745 3554 denique

1731 3569 1967 3617 bonarum
2007 3571 2183 3619 artium
2226 3572 2398 3621 studia
2438 3573 2667 3620 siluerunt
2696 3592 2741 3620 ι.

1729 3648 1824 3695 Sed
1855 3649 1959 3696 haee
1982 3666 2070 3714 per
2095 3653 2557 3714 exaggerationem:
2593 3668 2754 3715 neque

1729 3728 1857 3775 enim
1874 3728 2058 3788 judicia
2081 3731 2285 3778 omnino
2308 3732 2570 3780 siluerunt.

1799 3807 1847 3854 8.
1886 3808 2005 3855 Cum
2043 3810 2222 3873 gloria.
2265 3812 2475 3874 Propter
2513 3828 2757 3861 nummum

1727 3887 1846 3949 reip.
1870 3887 2086 3935 studium
2114 3903 2222 3951 erga
2247 3905 2405 3936 meam
2428 3890 2659 3940 salntem.

1795 3980 1846 4026 9.
1874 3968 2088 4013 Vestrum
2107 3968 2301 4030 quidem
2329 3971 2502 4016 scelus.
2517 3972 2625 4033 Qui
2645 3988 2756 4036 pro-

616 4037 796 4099 quique
815 4051 901 4099 per
913 4037 979 4097 Q.
998 4037 1307 4084 Hortensium
1326 4050 1375 4085 et
1390 4041 1633 4089 C.Curio·
1719 4039 1983 4092 vinciamm
2022 4047 2251 4109 pactione
2283 4048 2502 4099 devincti
2538 4066 2623 4098 me
2652 4051 2759 4101 Clo-

617 4132 728 4164 nem
760 4115 1006 4164 consulem
1033 4132 1175 4180 opem
1200 4118 1469 4181 petierunt,
1495 4131 1589 4170 etc.

1720 4122 1803 4171 dio
1822 4123 2121 4186 prodidistis.

2523 4319 2549 4348 0
