2994 4778
626 472 758 557 134
1271 470 2059 541 ARGUMENTUM.

689 590 1027 651 hensionem
1056 590 1211 650 illius
1238 589 1598 663 tribunatus3
1647 591 1706 648 in
1742 607 1861 668 quo
1894 588 2090 647 omnia
2116 587 2272 646 dicta
2303 600 2439 648 sunt
2463 587 2738 649 libertate

694 688 1003 765 animoque
1026 688 1278 748 maximo
1303 687 1377 746 de
1394 687 1451 746 vi
1466 730 1482 759 ,
1507 687 1582 746 de
1607 687 1907 767 auspiciis,
1934 684 2008 745 de
2035 684 2348 745 donatione
2365 705 2735 763 regnorum».

766 787 834 842 Ιιι
857 783 1099 843 exordio
1126 785 1329 843 Cicero
1363 802 1595 842 causam
1621 783 1891 861 exponit,
1922 802 2037 860 qua
2069 797 2365 861 permotus
2381 823 2397 851 ,
2424 803 2601 860 quum
2620 788 2740 841 Va-

691 879 814 938 tinii
845 881 1233 939 testimonium
1265 879 1324 937 in
1355 881 1617 940 Sextium
1649 880 1861 938 nullius
1889 879 2164 937 momenti
2192 892 2516 958 putaretur,
2545 893 2737 937 tamen

685 996 818 1036 eum
837 998 955 1036 non
984 978 1188 1036 tacitus
1214 977 1527 1050 dimiserit,
1554 978 1655 1037 sed
1683 976 2157 1055 interrogandum
2181 978 2432 1056 putarit3
2462 990 2636 1054 atque
2659 975 2737 1035 ad

695 1075 920 1153 aliquot
989 1072 1469 1151 reprehensiones
1515 1074 1728 1134 Vatinii
1786 1074 2103 1154 respondet
2128 1118 2146 1148 ,
2200 1073 2411 1152 quibus
2467 1075 2736 1135 Ciceroni

689 1173 757 1230 C.
794 1169 1048 1230 Cornelii
1085 1157 1514 1244 defensionem,
1557 1185 1618 1230 et
1660 1171 1974 1253 discessum
2004 1172 2067 1230 in
2109 1170 2377 1232 exsilium
2414 1168 2735 1248 objecerat,

687 1286 815 1345 cap.
845 1272 962 1333 1-4.

764 1366 834 1422 Ῑιι
871 1363 999 1440 ipsa
1025 1361 1481 1443 interrogatione
1516 1365 1768 1444 primum
1790 1365 2003 1425 Vatinii
2032 1377 2377 1443 qnaesturam
2405 1376 2464 1423 et
2491 1362 2737 1442 legatio-

686 1449 857 1531 nem,
899 1479 1026 1538 cap.
1061 1459 1132 1532 53
1183 1458 1397 1521 deinde
1437 1460 1797 1523 tribunatum
1838 1462 2209 1541 perstringit,
2254 1479 2383 1540 oep.
2408 1460 2475 1533 6,
2499 1481 2557 1534 7.
2583 1464 2734 1519 Tum

687 1556 842 1615 ridet
865 1575 1032 1628 eum,
1035 1555 1267 1641 quod
1250 1577 1309 1616 ιιι
1340 1559 1535 1617 locum
1569 1564 1642 1633 Q.
1658 1559 1881 1617 Metelli
1906 1557 2125 1617 Celeris
2147 1577 2332 1637 augur
2358 1557 2486 1617 fieri
2518 1558 2738 1635 eogita-

685 1651 868 1723 verit,
900 1671 1027 1731 cap.
1055 1653 1115 1711 8.
1151 1657 1303 1712 Τιιιιι
1329 1654 1583 1733 exagitat
1604 1654 1729 1733 ejus
1753 1654 1992 1733 injurias
2021 1655 2083 1713 in
2102 1653 2377 1712 Bibulum
2402 1655 2736 1725 consulem,

681 1765 810 1826 cap.
832 1767 901 1856 9,
945 1748 1007 1806 in
1034 1748 1327 1828 principes
1364 1750 1650 1828 quosdam
1678 1751 1862 1823 viros,
1895 1769 2045 1828 quos
2072 1749 2265 1808 indice
2290 1749 2485 1809 Vettio
2518 1748 2737 1808 subor-

682 1856 822 1902 nato
850 1844 912 1903 in
937 1845 1324 1924 suspicionem
1356 1847 1528 1906 caedis
1562 1840 1839 1925 Pompeio
1877 1852 2091 1926 Magno
2121 1847 2418 1906 intentatae
2446 1846 2742 1907 adducere

680 1942 867 2000 ¹voluit
882 1984 900 2014 ‚
936 1962 1066 2021 cap.
1098 1954 1188 2001 ιο.
1229 1943 1457 2003 Deinde
1478 1944 1794 2004 malitiam
1777 1964 1838 2002 m
1865 1949 1932 2003 C.
1955 1944 2274 2005 Antonium
2299 1944 2354 2002 ei
2384 1942 2740 2023 exprobrat,

683 2035 785 2115 qui
817 2039 999 2115 legem
1025 2039 1182 2099 illam
1208 2038 1284 2098 de
1311 2040 1549 2099 alternis
1575 2040 1828 2099 consiliis
1854 2039 2181 2116 'rejiciendis
2205 2040 2526 2113 distulerit,
2554 2061 2741 2119 usque

683 2133 825 2192 dum
852 2133 950 2193 ille
976 2153 1109 2193 reus
1144 2135 1330 2194 sactus
1355 2150 1508 2196 esset
1523 2184 1540 2213 ,
1565 2149 1633 2196 ut
1655 2137 1754 2197 ille
1775 2135 2059 2197 beneficio
2096 2137 2270 2216 hujus
2302 2138 2440 2217 legis
2464 2136 2741 2196 exclude·

684 2240 879 2304 retur,
907 2251 1035 2310 cap.
1070 2251 1162 2291 11.
1191 2236 1343 2291 Tum
1370 2232 1602 2293 divitias
1638 2233 1873 2310 objicit,
1910 2254 2055 2312 quas
2091 2233 2201 2293 sibi
2232 2235 2492 2312 pecuniis
2531 2248 2742 2293 contra

685 2326 840 2408 leges
867 2328 1116 2407 acceptis
1143 2330 1435 2408 paraverit
1449 2373 1467 2404 ,
1496 2350 1626 2410 cap.
1648 2349 1738 2389 ιω.
1760 2330 1985 2391 Deinde
2013 2329 2384 2410 reprehendit
2400 2349 2551 2404 eum,
2572 2332 2739 2410 quod

684 2423 746 2483 in
786 2426 961 2504 epulo
993 2430 1065 2500 Q.
1103 2426 1264 2486 Arrii
1306 2446 1438 2487 cum
1480 2441 1613 2507 toga
1652 2429 1814 2507 pulla
1851 2426 2217 2501 accubuerit,
2266 2447 2396 2507 cap.
2433 2430 2531 2501 133
2570 2430 2738 2506 quod

685 2540 866 2600 quum
888 2535 1039 2581 esset
1066 2523 1192 2603 lege
1217 2523 1438 2583 Licinia
1464 2537 1525 2583 et
1556 2530 1592 2584 J
1596 2526 1727 2583 unia
1757 2525 2081 2604 postulatus
2117 2523 2380 2585 tribunos
2408 2524 2594 2602 plebis
2622 2545 2741 2604 ap-

685 2620 1008 2698 pellaverit,
1024 2641 1099 2682 ne
1125 2642 1353 2682 causam
1376 2621 1614 2695 diceret,
1635 2641 1762 2700 cap.
1788 2631 1857 2692 ¹4
1877 2643 1896 2693 ς
1920 2622 2077 2700 quod
2096 2623 2218 2681 sine
2239 2625 2740 2683 senatusconsulto

683 2718 1033 2798 legationem
1062 2718 1300 2790 obierit,
1339 2732 1398 2778 et
1424 2719 1584 2798 quod
1612 2720 1795 2798 legem
1823 2720 2074 2779 Tulliam
2105 2719 2180 2779 de
2206 2719 2428 2779 ambitu
2455 2720 2738 2799 despexe-

687 2819 797 2890 rit,
826 2837 952 2897 cap.
993 2818 1083 2877 15.
1121 2822 1420 2876 Postremo
1450 2836 1584 2877 eum
1632 2817 1705 2877 ab
1750 2819 1880 2898 ipso
1921 2821 2149 2878 Caesare
2196 2819 2422 2878 honore
2464 2832 2737 2898 praeturae

691 2910 994 2990 indignum
1007 2911 1330 2990 judicatum
1358 2932 1482 2972 esse
1531 2912 1674 2972 dicit
1692 2957 1709 2986 ,
1753 2933 1879 2993 cap.
1923 2914 2032 2986 ¹63
2084 2914 2253 2992 eique
2285 2915 2735 2973 inconstantiam

689 3007 970 3067 orationis
1010 3026 1077 3066 ae
1113 3008 1424 3068 testimonii
1451 3011 1513 3068 in
1536 3008 1706 3069 dictis
1747 3010 2071 3083 nonnullis,
2113 3031 2242 3090 qua
2269 3011 2344 3070 ad
2365 3011 2642 3071 Milonem
2671 3025 2736 3072 et

691 3104 952 3165 sextium
982 3103 1370 3185 pertinerent,
1396 3105 1716 3186 exprobrat
1735 3148 1754 3176 ,
1790 3125 1919 3185 cap.
1950 3125 2039 3180 ¹7·

1297 3412 2036 3454 ψ
