2994 4778
637 458 1029 527 ORATIO
1081 460 1284 527 PRO
1337 461 1434 527 M.
1486 462 1885 532 COELIO.
2187 458 2319 532 185

239 577 543 650 invidiam
599 580 830 654 oratio
878 593 987 650 est
1039 595 1271 651 vestra
1324 580 1633 680 delapsa.
1694 585 2030 655 Posuistis
2086 586 2280 656 enim
2304 638 2323 667 ‚

244 705 430 786 atque
460 688 533 759 id
570 703 815 759 tamen
856 687 1250 760 titubanter
1294 704 1368 761 et
1407 693 1779 776 strictim²‚
1819 693 2328 786 conjurationis
2413 732 2421 736 -

244 798 435 884 hunc,
467 813 774 896 propter
813 799 1191 869 amicitiam
1230 800 1590 888 Catilinae,
1628 801 2053 899 participem
2089 797 2325 870 fuisse:

240 909 309 976 in
336 932 474 1002 quo
517 932 669 977 non
706 905 927 978 modo
969 909 1238 979 crimen
1284 934 1434 979 non
1479 908 1838 999 haerebat,
1885 909 2010 981 sed
2058 910 2177 979 vix
2227 907 2333 977 di-

236 1019 379 1086 serti
420 1016 896 1088 adolescentis
933 1016 1341 1090 cohaerebat
1373 1021 1624 1090 oratio.
1670 1020 1814 1110 Qui
1863 1021 2055 1090 enim
2093 1031 2333 1089 tantus

237 1122 412 1195 furor
445 1127 520 1195 in
567 1125 846 1197 Coelio?
880 1125 1078 1221 quod
1118 1141 1398 1199 tantum
1433 1142 1558 1200 aut
1591 1131 1666 1198 in
1701 1126 2025 1199 moribus
2053 1140 2337 1197 natura-

237 1258 353 1329 que
370 1232 400 1278 3
434 1235 699 1305 vulnus
718 1288 737 1321 ,
763 1249 888 1306 aut
909 1238 982 1306 in
1013 1260 1089 1306 re
1116 1251 1333 1333 atque
1366 1235 1701 1309 fortuna?
1729 1236 1860 1309 ubi
1888 1237 2203 1333 denique
2230 1247 2338 1305 est

236 1344 300 1411 in
344 1346 477 1415 ista
539 1344 945 1441 suspicione
997 1346 1205 1417 Coelii
1264 1371 1536 1419 nomen
1592 1346 1967 1419 auditum?
2022 1348 2336 1420 Nimium

239 1453 441 1524 multa
466 1451 560 1524 de
590 1478 666 1523 re
701 1454 1000 1525 minime
1034 1453 1256 1526 dubia
1288 1457 1589 1553 loquor3
1632 1456 1772 1528 hoc
1810 1459 2095 1536 tamen⁴
2135 1454 2335 1525 dico:

240 1587 372 1632 non
410 1562 636 1634 modo
678 1565 737 1634 si
780 1564 1015 1634 socius
1060 1565 1618 1659 conjurationis,
1661 1563 1786 1637 sed
1830 1566 1966 1635 nisi
2002 1564 2339 1634 inimicis-

242 1675 441 1743 simus
475 1674 681 1744 istius
723 1673 1008 1744 sceleris
1049 1671 1340 1762 fuisset,
1386 1700 1782 1773 numquam
1824 1674 2344 1769 conjurationis

244 1785 670 1854 accusatione
732 1782 1283 1855 adolescentiam
1311 1782 1340 1829 ⁵
1402 1811 1607 1857 suam
1651 1786 2102 1884 potissimum
2152 1806 2342 1853 com-

245 1892 561 1964 mendare
605 1893 967 1965 voluisset.

327 2001 573 2093 Quod,
615 2001 811 2073 haud
848 2004 1037 2090 sci0‚
1076 2026 1166 2073 an
1203 2001 1294 2074 de
1330 2002 1645 2091 ambitu,
1685 2019 1757 2075 et
1800 2002 1892 2074 de
1927 1999 2348 2074 criminibus

250 2214 337 2246 esse
366 2197 623 2260 momenti,
652 2214 764 2246 eum
803 2198 857 2246 iu
891 2198 1123 2247 invidiam
1157 2215 1243 2248 vo·

254 2293 373 2335 esre,
421 2277 555 2342 quasi
606 2278 954 2338 coniurationis
1002 2278 1242 2344 particeps

256 2354 425 2416 fuisset,
455 2356 742 2405 tentavistis.

324 2450 370 2483 a.
396 2437 450 2483 ld
470 2449 632 2484 tamen
660 2435 926 2483 titubanter
948 2445 999 2483 ee
1019 2435 1238 2486 strictim.

258 2514 322 2561 Ut
340 2516 435 2562 ntis
457 2515 662 2579 liqneret
689 2531 750 2562 ex
768 2514 851 2562 illa
879 2526 1035 2563 vestra
1061 2516 1242 2564 tituba-

257 2595 374 2641 tione
402 2611 483 2642 vos
518 2610 621 2642 nou
649 2593 1001 2657 vobismetipsis
1023 2596 1247 2642 conscios

254 2688 343 2719 ene
376 2675 486 2721 veri.
518 2671 699 2720 Fabius
734 2670 822 2720 lib.
861 2673 997 2735 111,
1036 2688 1141 2737 cap.
1185 2688 1243 2722 1:

254 2775 275 2792 -
289 2753 440 2800 Prodit
461 2755 592 2800 enim
611 2768 692 2814 se,
714 2751 979 2815 quamlibet
1004 2751 1249 2800 custodia·

255 2842 335 2889 tur,
349 2832 611 2891 simulatio,
636 2846 726 2880 nec
745 2847 971 2894 umquam
992 2841 1124 2878 tanta
1142 2831 1248 2878 fue-

251 2910 307 2957 rit
327 2910 579 2974 eloquendi
608 2911 807 2959 facultas
824 2942 840 2968 ,
869 2922 925 2958 ut
950 2926 1050 2958 non
1076 2909 1250 2957 titubet

250 3004 299 3034 ac
331 2988 537 3049 haerest,
579 2990 772 3053 quoties
811 2988 872 3036 ab
907 2992 1070 3038 auimo
1107 2988 1251 3036 verba

252 3066 526 3115 dissentiunt
542 3090 583 3115 n,

310 3147 357 3196 3.
386 3148 491 3193 Aue
513 3147 561 3194 in
585 3145 791 3193 moribus
817 3156 1108 3209 naturaque.
1145 3145 1253 3192 Sal·

253 3225 408 3274 lustius
443 3243 586 3291 agens
623 3227 684 3275 de
717 3226 963 3276 Catilina:
1000 3248 1025 3267 α
1053 3223 1254 3289 Ingenio

255 3306 359 3353 mlo
377 3322 627 3370 pravoque
643 3328 669 3348 n
688 3321 706 3367 ς
735 3323 796 3353 en
818 3315 1053 3354 naturam.
1087 3328 1111 3344 n
1127 3304 1255 3352 Huic

256 3383 637 3432 abadolescentia
656 3384 779 3431 bella
802 3383 1053 3440 intestina,
1078 3382 1257 3441 cedes,

257 3463 441 3525 rapinae,
478 3461 724 3510 discordia
752 3460 909 3509 civilis
937 3472 1067 3524 grata
1095 3461 1260 3520 fuere3

261 3539 397 3603 ibique
410 3543 724 3602 juventutem
744 3555 879 3588 suam
897 3540 1151 3588 exercuit·
1162 3554 1260 3601 ;eu

262 3633 408 3668 nores.
429 3620 764 3684 «Agitabatur
782 3619 933 3683 magis
950 3620 1192 3684 magisque
1209 3619 1262 3667 in

265 3696 347 3745 dies
369 3699 556 3747 animus
583 3700 749 3757 ferox,
783 3699 948 3763 inopia
972 3699 1040 3747 rei
1063 3699 1263 3747 familia·

265 3774 368 3823 ris'et
380 3778 676 3825 conscientia
694 3777 926 3825 scelerum
943 3800 966 3820 a
982 3794 996 3836 3
1013 3793 1074 3825 eu
1088 3777 1265 3825 vulnus

264 3853 307 3900 in
334 3872 379 3902 re
408 3869 554 3921 atque
590 3857 801 3905 fortuna.
840 3856 962 3903 Fieri
996 3858 1125 3904 enim
1163 3872 1266 3904 non

262 3943 430 3993 potest,
459 3944 515 3981 ut
547 3934 607 3981 de
640 3934 810 3997 patriae
835 3935 1090 3998 quisquam
1116 3932 1267 3981 exitio

265 4014 452 4074 cogitet,
470 4014 565 4060 nisi
581 4012 661 4061 vel
684 4012 901 4061 moribus
919 4024 1185 4076 naturaque
1206 4014 1271 4061 sit

266 4089 530 4152 improbus,
560 4092 637 4139 vel
665 4091 940 4140 domesticis
969 4090 1269 4141 difficultati-

267 4164 352 4213 bus
371 4169 431 4216 ad
451 4168 608 4218 rerum
635 4172 902 4218 novitatem
919 4170 1211 4235 impellatur.

1400 2208 1454 2256 4.
1485 2202 1589 2250 Hoc
1607 2213 1767 2250 tamen
1793 2200 1920 2250 dieo.
1939 2198 2198 2270 Lambinus
2218 2219 2231 2252 ε
2256 2203 2350 2251 hoe

1331 2291 1520 2327 tantum
1540 2280 1666 2328 dico.

1404 2359 1454 2407 5.
1501 2357 1855 2425 Constet-ationis
1890 2358 2198 2409 accusatione
2233 2360 2353 2410 ado·

1332 2437 1631 2486 lucentium.
1661 2438 1842 2487 Coelius
1877 2439 1936 2488 C.
1968 2441 2239 2488 Antonium
2265 2439 2353 2488 ci-

1331 2517 1581 2565 ceronisin
1599 2518 1853 2565 consulatu
1866 2516 2097 2580 collegam
2105 2527 2353 2568 accusarat

1331 2606 1379 2642 et
1392 2595 1784 2659 peregerat.Vide
1795 2596 1919 2643 insta
1933 2612 2040 2659 cap.
2055 2598 2138 2645 ³0.
2150 2598 2355 2644 Sanctus

1330 2674 1663 2737 Hieronymus
1679 2673 1740 2722 ad
1759 2674 2082 2737 Augustiuum
2103 2673 2352 2722 rescribit:

1333 2774 1359 2794 α
1383 2752 1586 2800 Puerilis
1622 2769 1724 2800 esse
1754 2752 2027 2814 iactantia,
2062 2752 2199 2817 quod
2237 2753 2355 2801 olim

1336 2829 1683 2879 adolescentuli
1699 2831 1854 2880 facere
1878 2843 2229 2880 consueverant
2241 2864 2257 2892 ,
2278 2848 2357 2880 ae·

1337 2908 1552 2957 cusando
1595 2909 1803 2958 illustres
1850 2912 1977 2958 viros
2028 2927 2119 2959 suo
2169 2912 2358 2959 nomini

1337 2988 1510 3036 famam
1559 3004 1771 3051 quaerere
1788 3010 1833 3038 n.
1876 2990 1956 3037 Sic
1996 2990 2156 3039 Julius
2200 2990 2360 3038 Cesar

1338 3066 1644 3127 adolescens,
1665 3089 1689 3109 ι
1703 3070 1972 3132 composita
1992 3068 2232 3117 seditione
2252 3068 2366 3115 civi-

1339 3145 1400 3203 li,
1417 3145 1694 3194 Cornelium
1712 3146 2015 3194 Dolabellsm
2026 3182 2043 3207 ,
2062 3146 2364 3194 consularem

1342 3234 1390 3271 et
1410 3223 1753 3287 triumphalem
1772 3225 1928 3271 virum
1947 3257 1963 3283 ,
1989 3224 2361 3287 repetundarum

1342 3303 1612 3368 postulavit
1625 3324 1666 3352 -.
1682 3304 1761 3351 Sic
1776 3302 1946 3351 eodem
1963 3313 2178 3368 tempore
2192 3306 2365 3355 Cicero

1343 3383 1404 3432 C.
1434 3385 1635 3430 Verrem
1673 3400 1736 3432 ex
1772 3383 1967 3442 Sieilia;
2003 3384 2074 3431 sic
2107 3384 2370 3448 aliquando

1344 3470 1458 3526 post
1474 3495 1489 3519 ,
1516 3473 1573 3509 ut
1597 3472 1798 3510 testatur
1824 3463 2089 3526 Asconius,
2115 3463 2370 3513 Catilinam

1347 3542 1404 3591 Ρ.
1447 3539 1649 3588 Clodius
1687 3557 1748 3589 ex
1786 3541 1947 3590 Africa
1989 3541 2050 3589 de
2093 3543 2374 3607 repetundis

1347 3621 1619 3679 accusavit3
1659 3620 1888 3669 Lucullus
1926 3621 2178 3668 Servilium
2219 3638 2372 3685 augu-

1350 3715 1448 3746 rem
1465 3734 1481 3758 ,
1510 3699 1571 3746 de
1601 3715 1703 3762 quo
1729 3698 2015 3759 Plutarchus
2043 3699 2092 3745 in
2118 3700 2223 3760 ejus
2251 3700 2369 3764 53¹²·

1351 3779 1431 3827 Sic
1449 3779 1647 3826 Marcus
1664 3779 1806 3827 Cotta
1819 3812 1834 3836 ,
1856 3788 1910 3825 ut
1926 3777 1995 3825 ait
2015 3776 2235 3825 Valerius
2255 3776 2288 3826 l.
2306 3779 2375 3839 V,

1353 3872 1459 3919 cap.
1481 3863 1514 3909 4
1536 3855 1803 3918 ταΕοίριο
1822 3855 2050 3918 die,quo
2069 3866 2375 3919 togamsum·

1356 3936 1452 3999 psit
1482 3932 1697 3992 virilem,
1727 3934 1952 4005 protinus
1982 3945 2038 3981 ut
2072 3951 2100 3982 e
2132 3936 2376 4000 Capitolio

1357 4010 1636 4072 descendit,
1655 4013 1712 4063 C.
1736 4012 2033 4074 Carbonem,
2060 4028 2086 4059 a
2113 4028 2213 4076 quo
2241 4026 2379 4079 pater

1358 4092 1464 4152 ejus
1484 4088 1737 4143 damnatus
1760 4090 1913 4139 fuerat
1925 4125 1941 4150 ,
1959 4090 2246 4155 postulavit,
2265 4106 2382 4155 pro·

1360 4180 1662 4235 tractumque
1698 4185 1830 4218 reum
1859 4169 2049 4231 judicio
2085 4168 2290 4227 afflixit,
2329 4180 2379 4219 et
