2994 4778
689 436 828 505 388
1227 420 1230 423 ‘
1324 439 1422 505 Μ.
1475 439 1555 505 Τ.
1608 438 2181 507 elcERole

682 563 957 659 potuit:
985 561 1374 631 exercitum
1404 558 1653 629 eduxit
1682 585 1770 630 ex
1791 561 2011 655 Syria.
2037 562 2180 649 Qui
2213 558 2418 629 licuit
2432 574 2636 630 extra
2658 550 2823 658 prol

680 669 1036 739 vinciam?
1070 667 1352 738 Tribuit
1388 694 1462 739 se
1497 670 2020 740 mercenarium
2053 670 2388 739 comitem
2420 672 2576 765 regi
2604 672 2817 741 Alex-

677 778 1005 850 andrino.
1076 778 1269 867 Quid
1334 777 1473 848 hoc
1535 781 1816 876 turpius
1854 780 1883 848 ?
1946 783 2030 848 In
2098 782 2486 876 AEgyptum
2549 783 2754 850 venit
2794 809 2812 865 3

675 893 876 987 signa
897 889 1202 959 contulit
1236 914 1400 959 cum
1434 888 1945 959 Alexandrinis.
1977 888 2291 979 Quando
2313 888 2461 958 hoc
2487 888 2769 960 bellum
2796 944 2810 973 ‚

674 1015 800 1071 aut
834 999 951 1070 hic
987 998 1170 1070 ordo
1193 1054 1213 1088 ,
1258 1013 1381 1070 aut
1418 999 1734 1097 populus
1768 998 2233 1095 susceperat?
2263 999 2477 1094 Cepit
2505 998 2808 1070 Alexan·

675 1112 924 1181 driam.
959 1109 1158 1199 Quid
1196 1108 1390 1180 aliud
1425 1123 1922 1206 exspectamus
1960 1132 2002 1177 a
2040 1104 2284 1178 furore
2315 1109 2514 1201 ejus,
2562 1111 2694 1179 nisi
2722 1124 2809 1179 ut

670 1219 761 1291 ad
790 1234 1116 1290 senatum
1156 1222 1368 1289 tantis
1396 1218 1487 1288 de
1519 1216 1736 1289 rebus
1762 1218 1977 1314 gestis
2010 1217 2252 1287 literas
2284 1219 2566 1288 mittat?
2590 1219 2716 1287 Hic
2744 1222 2801 1287 si

669 1334 929 1401 mentis
960 1347 1144 1399 esset
1189 1318 1368 1412 suni,
1413 1330 1549 1398 nisi
1598 1352 1847 1425 poenas
1885 1329 2132 1425 patriae
2180 1325 2473 1425 diisque
2507 1329 2799 1398 immor-

669 1438 932 1509 talibus
968 1462 1125 1521 eas»,
1168 1462 1329 1533 quae
1366 1439 1789 1534 gravissimae
1826 1452 2035 1523 sunt,
2074 1435 2325 1507 surore
2362 1453 2580 1534 atque
2619 1439 2798 1509 insa-

666 1552 786 1620 nia
816 1549 1198 1646 penderet3
1225 1571 1438 1617 ausus
1483 1561 1667 1617 esset
1718 1547 1975 1641 (mitto
2014 1551 2206 1617 exire
2235 1546 2326 1617 de
2376 1549 2796 1645 provincia)

666 1659 970 1729 educere
1039 1658 1432 1727 exercitum
1459 1711 1477 1740 ‚
1525 1655 1796 1727 bellum
1856 1680 1985 1725 sua
2045 1670 2308 1752 sponte
2366 1681 2659 1752 gerere,
2727 1662 2790 1727 in

662 1791 966 1864 regnum
1024 1767 1305 1859 injussu
1368 1765 1623 1864 populi
1683 1780 1806 1836 aut
1867 1781 2155 1836 senatus
2212 1766 2606 1862 accedere?
2641 1795 2795 1866 quae

663 1901 891 1972 quum
932 1875 1255 1973 plurimae
1299 1877 1489 1972 leges
1522 1890 1834 1961 vetereS,
1890 1890 2046 1945 tum
2081 1875 2196 1945 lex
2241 1877 2626 1948 Corneliae
2658 1903 2794 1948 ma-

654 1987 927 2081 jestatis
950 2041 969 2073 ‚
1009 1986 1189 2057 Julia
1221 1984 1313 2056 de
1350 1987 1680 2082 pecuniis
1722 1985 2177 2082 repetundiS‚
2213 1985 2633 2083 planissime
2670 2014 2787 2059 ve-

663 2107 845 2163 tant.
893 2093 1031 2164 Sed
1072 2092 1224 2163 haec'
1265 2095 1544 2163 omitto,
1585 2093 1713 2164 Ille
1738 2148 1758 2181 ‚
1797 2098 1853 2164 si
1894 2119 2044 2163 non
2091 2099 2444 2166 acerrime
2491 2096 2788 2181 fureret,

664 2202 964 2273 auderet
983 2214 1271 2300 10quam
1305 2206 1744 2301 provinciam
1774 2209 1848 2274 P.
1874 2203 2300 2274 Lentulus¹¹
2327 2210 2791 2277 amicissimus

663 2311 832 2382 huic
883 2312 1157 2401 ordini,
1196 2339 1425 2410 quum
1470 2328 1543 2385 et
1581 2317 2001 2385 auctoritate
2037 2329 2327 2385 senatus
2351 2370 2372 2402 ,
2418 2331 2491 2386 et
2524 2327 2789 2387 sorte¹'

619 2513 626 2518 Ι
666 2419 1001 2509 haberet,
1031 2425 1452 2521 interposita
1484 2416 1939 2521 religione¹3‚
1977 2425 2130 2494 sine
2159 2423 2304 2495 ulla
2348 2425 2793 2498 dubitatione

662 2531 1145 2630 deposuisset,
1186 2557 1341 2603 eam
1376 2531 1513 2602 sibi
1545 2532 1935 2605 adsciscere
1957 2534 2045 2620 ¹4,
2078 2559 2345 2631 quum,
2383 2539 2663 2608 etiamsi
2688 2564 2793 2608 re-

660 2644 830 2739 ligio
871 2667 1021 2713 non
1064 2641 1488 2740 impediret,
1544 2669 1702 2713 mos
1734 2645 2090 2740 majorum
2119 2659 2403 2733 tamen,
2443 2663 2522 2719 et
2564 2674 2792 2719 exem-

665 2754 782 2851 pla
800 2808 818 2833 ‚
846 2767 916 2822 et
943 2752 1368 2848 gravissimae
1407 2751 1648 2848 legum
1696 2777 1927 2850 poenae
1956 2754 2326 2824 vetarent?

759 2866 977 2932 XXII.
1032 2859 1170 2932 Sed
1196 2915 1215 2947 ‚
1259 2863 1602 2956 quoniam
1634 2860 2090 2933 fortunarum
2119 2868 2666 2937 contentionem
2694 2865 2795 2936 fa·

667 2998 829 3044 cere
867 2971 1260 3069 coepimus3
1321 2969 1409 3041 de
1446 2971 1684 3042 reditu
1718 2971 2005 3046 Gabinii
2060 2974 2529 3044 omittamus:
2578 2999 2793 3072 quem

671 3085 802 3155 etsi
855 3082 990 3154 sibi
1052 3084 1207 3180 ipse
1260 3080 1581 3179 praecidit
1605 3093 1656 3168 ¹,
1719 3106 1854 3179 ego
1912 3096 2194 3167 tamen,
2246 3106 2329 3152 os
2391 3098 2476 3152 ut
2517 3085 2792 3154 videam

740 3238 794 3284 9.
833 3224 936 3269 Lex
963 3221 1202 3271 Cornelia.
1229 3224 1389 3285 Quam
1415 3223 1473 3269 1..
1503 3222 1685 3269 Corne-

672 3298 766 3346 lius
808 3300 940 3347 Sulis
960 3333 977 3360 ,
1028 3313 1079 3348 et
1118 3302 1280 3349 Julius
1325 3302 1483 3350 Caessr
1528 3300 1685 3363 primo

671 3378 925 3426 consulatu
951 3379 1180 3434 ussei-ant.

749 3470 831 3502 ιο.
862 3457 942 3502 ΑΙ.
968 3457 1177 3504 audiret.
1204 3459 1251 3504 J.
1271 3459 1332 3504 V.
1361 3459 1417 3505 1..

752 3548 770 3578 1
789 3548 833 3579 1.
865 3537 920 3580 Ρ.
945 3534 1189 3580 Lentulus.
1217 3534 1316 3596 Qui
1334 3545 1449 3580 tunc
1468 3532 1686 3581 Ciliciam

669 3610 1053 3660 administrabat.

749 3707 827 3739 η.
855 3691 1006 3736 Sorte.
1033 3688 1267 3739 Consules
1288 3689 1564 3753 provincias
1584 3706 1687 3739 sor-

672 3772 752 3819 tiri
779 3768 949 3818 solitos
969 3786 1100 3826 esse,
1128 3786 1272 3817 nemo
1299 3769 1484 3817 nescit:
1510 3786 1571 3816 ex
1591 3786 1686 3833 qus

671 3850 926 3897 sortitione
969 3848 1199 3896 Lentulus
1234 3848 1415 3897 Ciliciae
1448 3859 1649 3911 praeerat
1670 3882 1686 3907 ‚

668 3930 733 3989 Q.
768 3927 991 3975 Metellus
1025 3928 1221 3991 Nepos,
1258 3928 1344 3991 qui
1371 3926 1554 3991 collega
1582 3928 1685 3986 ejus

667 4008 823 4054 suerat
876 4005 1150 4069 llispan1ae3
1194 4022 1291 4068 quo
1338 4004 1489 4053 modo
1536 4006 1684 4067 igitur

661 4098 793 4134 sorte
828 4085 1035 4133 habebat
1073 4086 1375 4150 AEgyptum?
1413 4100 1504 4142 an,
1540 4084 1680 4146 quia,

661 4184 810 4230 quum
851 4166 909 4213 de
953 4164 1250 4213 restituendo
1291 4179 1400 4236 rege
1440 4163 1676 4223 cogitaret

1770 3231 1964 3268 senatus
1983 3252 1999 3279 ,
2024 3235 2224 3281 eamque
2251 3221 2552 3283 provinciam
2571 3220 2630 3266 de
2651 3236 2795 3268 more

1770 3298 1892 3345 sorti
1910 3298 2304 3345 committendam
2329 3311 2540 3362 putaret,
2571 3300 2770 3347 Lentuli
2784 3337 2803 3356 ‚

1772 3376 1885 3438 quia
1904 3377 2208 3440 propinquus
2226 3388 2330 3424 erat
2351 3380 2574 3440 AEgypto,
2593 3386 2646 3422 et
2664 3376 2803 3423 alio-

1716 3485 1721 3490 ·
1774 3470 1879 3501 rum
1900 3456 2097 3502 nomina
2120 3456 2170 3500 in
2190 3471 2365 3502 urnam
2389 3450 2687 3515 conjecerat?

1850 3535 1928 3580 13.
1963 3535 2254 3596 Interposita
2281 3535 2526 3600 religione.
2550 3536 2685 3597 Quat
2713 3553 2809 3584 ve-

1775 3610 1907 3658 tabat
1931 3613 2172 3660 conscribi
2201 3615 2473 3661 exercitum
2501 3614 2551 3661 in
2578 3631 2701 3681 rege
2728 3633 2810 3664 re·

1773 3690 2020 3739 stituendo
2048 3707 2064 3741 :
2117 3693 2367 3757 religionis
2417 3696 2546 3742 enim
2602 3700 2813 3745 nomine

1774 3767 2108 3832 significantur
2124 3771 2325 3835 Sibyuae
2345 3790 2521 3831 versus,
2531 3790 2676 3837 quos
2694 3787 2813 3823 tnnc

1775 3846 2083 3896 evolvebant.

1852 3935 1928 3982 ¹4.
1955 3927 2036 3975 Al.
2067 3939 2166 3975 cum
2185 3928 2326 3979 adse.
2354 3932 2406 3978 J.
2428 3932 2491 3978 V.
2520 3933 2589 3978 1...

1843 4008 2013 4053 xxn.
2041 4022 2085 4053 1.
2115 4007 2215 4054 Sibi
2228 4007 2598 4072 ipsepraecidie.
2634 4012 2811 4059 Effecit

1769 4083 1872 4147 ipse
1895 4085 1995 4131 suis
2023 4086 2306 4145 sceleribus,
2337 4104 2395 4134 ne
2420 4087 2589 4136 redire
2619 4104 2812 4155 posset.

1768 4190 1836 4197 —
1863 4163 1945 4212 Al.
1972 4163 2076 4226 ipsi.
