2994 4778
613 431 749 516 364
1264 437 1359 503 Μ.
1402 439 1481 503 Τ.
1536 437 2097 505 CICERONIS

605 551 807 623 urbis
841 552 1073 649 vigilia
1100 609 1119 641 ,
1157 580 1397 653 neque
1430 558 1803 627 resistente
1834 560 1962 627 Cn.
1990 559 2332 652 Pompeio
2357 608 2377 641 ‚
2401 560 2732 625 omnium

608 658 928 759 ge'ntium
963 668 1232 736 victore
1255 720 1274 753 ,
1304 691 1650 763 umquam
1681 691 1756 736 se
1801 666 1901 735 illi
1945 664 2456 762 rempublicam
2497 665 2734 735 delere

605 798 816 870 posse
875 774 1257 847 duxerunt.
1318 780 1373 847 A
1424 802 1541 847 me
1606 775 1902 873 quidem
1949 776 2167 846 etiam
2219 799 2471 871 poenas
2515 799 2733 871 expe·

608 883 786 954 tistis
808 938 827 971 ,
851 884 1119 981 quibus
1147 888 1687 981 conjuratorum
1716 910 1965 956 manes
1997 900 2453 955 mortuorum
2492 888 2733 981 expia-

608 995 825 1063 retis:
870 1020 1086 1065 omne
1129 996 1413 1084 odium,
1464 998 1820 1067 inclusum
1874 993 2165 1065 nefariis
2218 993 2554 1064 sensibus
2603 997 2734 1063 im·

604 1103 927 1199 piorum,
986 1108 1065 1174 iu
1103 1130 1219 1176 me
1262 1105 1707 1204 profudistis.
1758 1107 2091 1194 Quorum
2141 1127 2273 1201 ego
2323 1100 2555 1173 furori
2609 1104 2734 1173 nisi

602 1213 964 1283 cessissem
987 1267 1006 1300 ,
1042 1216 1114 1282 in
1151 1215 1466 1285 Catilinae
1491 1214 1749 1301 bustu,
1772 1212 1977 1284 vobis
2010 1212 2352 1297 ducibus,
2385 1227 2731 1283 mactatus

604 1343 853 1391 essem.
893 1323 1107 1412 Quod
1136 1338 1374 1395 autem
1406 1324 1636 1417 majus
1671 1323 2017 1393 indicium
2053 1325 2517 1418 exspectatis,
2554 1321 2729 1391 nihil

601 1430 791 1500 inter
817 1456 946 1501 vos
965 1447 1036 1502 et
1060 1433 1432 1504 Catilinam
1465 1432 1908 1517 interfuisse,
1936 1456 2151 1527 quam
2175 1431 2377 1528 quod
2406 1431 2728 1503 eamdem

600 1536 791 1609 illam
825 1566 1118 1611 manum
1146 1566 1231 1612 ex
1268 1545 1759 1614 intermortuis
1792 1543 2111 1625 Catilinae
2142 1542 2465 1638 reliquiis
2490 1545 2730 1612 conci·
2791 1610 2810 1633 „

602 1650 843 1720 tastis?
874 1652 1072 1747 quod
1102 1676 1355 1723 omnes
1378 1653 1704 1749 undique
1728 1651 2047 1749 perditos
2075 1651 2503 1749 collegistis?
2533 1651 2733 1748 quod

602 1758 677 1826 in
700 1783 813 1829 me
838 1754 1192 1831 cai-cerem
1225 1761 1578 1833 effudistis
1599 1760 1918 1857 ¹³?quod
1935 1761 2352 1853 conjuratos
2374 1762 2736 1830 armastis?

602 1868 804 1964 quod
837 1895 1087 1940 eorum
1124 1870 1315 1943 ferro
1346 1897 1425 1943 ac
1453 1871 1681 1942 furori
1717 1897 1960 1943 meum
1999 1896 2302 1968 corpus,
2329 1886 2550 1968 atque
2584 1897 2733 1941 om-

604 1980 804 2048 nium
844 1979 1204 2051 bonorum
1250 1983 1459 2051 vitam
1505 1980 1823 2076 objicere
1858 1980 2229 2051 voluistis?
2271 1980 2413 2051 Sed
2440 1982 2590 2075 jam
2627 2006 2728 2050 re-

604 2086 743 2158 deo
787 2088 875 2158 ad
916 2090 1319 2187 praeclaram
1358 2091 1551 2161 illam
1592 2092 2018 2161 concionem
2065 2105 2279 2160 tuam.

695 2205 887 2271 VIII.
918 2208 1025 2273 Tu
1051 2230 1125 2275 es
1150 2204 1300 2291 ille,
1339 2206 1453 2275 cui
1481 2204 1861 2275 crudelitas
1895 2204 2265 2300 displicet?
2292 2205 2465 2299 qui,
2502 2227 2726 2299 quum

602 2319 932 2377 senatus¹
987 2312 1254 2383 luctum
1304 2338 1386 2383 ac
1424 2314 1748 2385 dolorem
1785 2338 1995 2383 suum
2033 2314 2295 2383 vestis²
2329 2317 2734 2383 mutatione

597 2416 1100 2491 declarandum
1136 2425 1563 2511 censuisset,
1607 2449 1832 2521 quum
1870 2423 2146 2493 videres
2190 2447 2498 2492 moerere
2541 2447 2732 2492 rem-

599 2526 960 2624 publicam
1001 2533 1416 2629 amplissimi
1463 2534 1744 2604 ordinis
1783 2534 2021 2619 luctu‚
2065 2558 2111 2603 o
2161 2547 2410 2604 noster
2453 2534 2732 2603 miseri-

595 2638 784 2711 cors!
837 2641 1013 2740 quid
1075 2641 1284 2712 facis?
1334 2644 1538 2737 quod
1582 2643 1780 2713 nulla
1831 2645 1908 2712 in
1959 2640 2287 2711 barbaria
2340 2644 2732 2738 quisquam

594 2762 956 2844 tyrannus.
1011 2754 1285 2820 Omitto
1345 2752 1537 2820 enim
1587 2751 1801 2838 illud,
1848 2751 2219 2822 consulem
2269 2748 2603 2836 edicere,
2655 2766 2733 2820 ut

595 2877 885 2931 senatus
924 2861 1544 2932 senatusconsulto
1586 2887 1678 2932 ne
1714 2860 2206 2958 obtemperet3
2268 2885 2419 2958 quo
2461 2859 2734 2930 soedius

593 2998 727 3045 nec
767 2973 961 3063 fieri,
1009 3001 1143 3046 nec
1189 2977 1481 3073 cogitari
1527 2977 1924 3073 quidquam
1972 2990 2230 3073 potest.
2292 2974 2401 3043 Ad
2457 2977 2733 3045 miseri-

590 3084 909 3157 cordiam
945 3087 1163 3158 redeo
1198 3089 1257 3183 ej
1271 3112 1385 3173 us,
1426 3090 1542 3156 cui
1577 3088 1793 3157 nimis
1819 3085 2101 3157 videtur
2126 3099 2417 3158 senatus
2443 3086 2520 3154 iu
2563 3110 2730 3155 con·

591 3195 935 3267 servanda
969 3199 1193 3295 patria
1229 3197 1444 3269 fuisse
1474 3196 1801 3269 crudelis.
1832 3196 2127 3266 Edicere
2165 3210 2272 3266 est
2304 3219 2522 3265 ausus
2558 3218 2722 3263 cum

597 3300 720 3372 illo
776 3331 908 3377 suo
953 3310 1137 3405 pari,
1192 3334 1410 3406 quem
1456 3322 1695 3379 tamen
1743 3305 2082 3377 omnibus
2138 3305 2327 3375 vitiis
2382 3327 2721 3400 superare

670 3511 750 3559 13-
798 3513 946 3572 Quod
976 3513 1025 3559 in
1067 3530 1144 3560 me
1176 3530 1304 3560 carc.
1343 3511 1617 3576 ffedistt's?
1703 3513 1982 3576 sumptione
1999 3510 2344 3561 declarandum
2365 3510 2645 3569 censuisset,
2665 3521 2723 3558 ut

597 3590 772 3637 Servos
810 3600 858 3636 et
892 3593 1152 3639 sceleratos
1183 3607 1244 3637 ex
1280 3589 1531 3651 ergastulis
1566 3602 1615 3638 et
1703 3592 2003 3654 respiceretis
2066 3592 2330 3653 aliquando
2393 3589 2725 3653 videretisque

597 3684 788 3717 carcere
811 3670 1092 3726 immisistis,
1115 3668 1177 3715 ad
1202 3666 1467 3714 vexandum
1486 3685 1616 3716 rem·
1700 3670 2126 3733 quibus⁸clsdibus
2151 3668 2409 3719 affines-eus
2432 3684 2588 3734 remp.

598 3749 843 3813 publicam
860 3784 877 3807 ‚
919 3759 967 3796 et
995 3746 1251 3795 conflanda
1272 3746 1523 3794 seditionis
1542 3749 1614 3795 in·
1773 3763 1821 3794 a.
1852 3747 2004 3797 Vestis
2025 3749 2308 3796 mutatione.
2334 3749 2657 3812 Magistratus
2675 3750 2727 3795 iu

596 3828 782 3877 cendia.
1700 3824 1835 3874 luctu
1859 3825 2106 3890 ponebant
2133 3838 2413 3890 pretextu:
2430 3859 2445 3884 ,
2475 3838 2730 3875 senatores

670 3910 803 3954 vm.
848 3922 891 3955 1.
919 3904 1018 3970 Qm'
1038 3939 1054 3963 ,
1076 3923 1128 3970 q.
1158 3915 1375 3952 senatus.
1397 3904 1477 3953 Al.
1497 3903 1602 3967 qni·
1699 3904 1851 3952 latum
1869 3906 2059 3953 clavum
2074 3942 2089 3966 ,
2116 3906 2303 3970 equites
2324 3906 2535 3954 annulos
2553 3922 2729 3954 aureos

593 4014 663 4024 —
681 3987 844 4048 Quum
869 3996 1062 4032 senatus
1092 3985 1182 4032 tibi
1203 3984 1496 4048 collegaeque
1524 3995 1611 4033 tuo
1700 3994 1748 4030 et
1767 3983 2164 4048 phalem;plebs
2179 3984 2407 4033 utebatur
2424 3996 2540 4047 toga
2562 3984 2726 4048 pullu

592 4063 802 4133 Iactum?
818 4065 1159 4128 doloremque,
1198 4079 1341 4127 quem
1385 4080 1448 4110 ex
1494 4079 1607 4112 meo
1702 4060 1762 4108 de
1798 4061 1976 4123 quibu·
2015 4064 2179 4112 multis
2216 4063 2315 4126 sgit
2348 4062 2620 4111 Abra-ius
2662 4061 2727 4109 nd

590 4146 1082 4215 periculo-hauserat,
1114 4145 1257 4191 vestis
1286 4142 1507 4206 lugubris
1532 4159 1607 4190 as·
1694 4141 1827 4188 hunc
1851 4139 2032 4190 locum.
