2994 4778
666 369 802 440 230
1276 373 1372 440 Μ.
1418 374 1495 440 Τ.
1562 373 2145 442 CICERONIS

731 496 989 560 ·Imrno
1011 520 1044 576 ‚¹
1064 491 1332 586 inquit,
1362 515 1591 588 quum
1626 494 1808 563 servi
1840 491 1929 562 ad
1961 490 2321 561 dominam
2349 516 2506 563 rem
2540 496 2773 583 istam,
2862 542 2869 549 ·

660 614 732 670 et
757 597 1185 673 maleficium
1213 599 1419 671 Coelii
1443 598 1894 688 detulissent,
1930 601 2188 671 mulier
2214 603 2592 698 ingeniosa
2622 632 2776 702 prae-

657 710 851 807 cepit
882 708 1064 797 suis,
1094 723 1178 778 ut
1220 711 1456 779 omnia
1499 710 1729 780 Coelio
1768 709 2324 808 pollicerentur:
2355 711 2518 798 sed,
2555 730 2640 784 ut
2673 741 2778 786 ve-

653 845 970 908 nenum,
1017 841 1245 915 quum
1290 844 1332 889 a
1373 818 1649 889 Licinio
1688 818 2109 905 traderetur,
2152 817 2540 891 manifesto
2580 848 2775 893 com·

654 929 1006 1032 prehendi
1052 941 1332 1026 posset,
1383 929 1722 999 constitui
1761 928 2000 1000 locum
2032 930 2281 1024 jussit,
2323 928 2623 1002 balneas
2659 937 2779 1004 Se-

653 1045 807 1113 nias
828 1095 848 1127 ,
877 1057 959 1111 ut
986 1065 1076 1110 eo
1102 1040 1416 1109 mitteret
1442 1040 1710 1109 amicos
1728 1092 1747 1124 ‚
1789 1040 1916 1135 qui
1949 1039 2486 1124 delitescerent3
2517 1040 2777 1114 deinde

653 1166 952 1250 repente
973 1204 991 1234 ‚
1035 1173 1264 1245 quum
1298 1147 1610 1220 venisset
1640 1149 1999 1236 Licinium
2034 1164 2113 1220 ut
2151 1173 2516 1220 venenum
2550 1151 2778 1222 trade·

652 1277 804 1350 ret,
841 1258 1290 1357 prosilirent,
1331 1258 1846 1356 hominemque
1889 1259 2618 1358 comprehenderent.

747 1376 998 1444 XXVI.
1040 1374 1216 1461 Quae
1254 1368 1545 1465 quidem
1575 1369 1849 1455 omnia,
1885 1368 2193 1463 judices,
2220 1367 2635 1466 perfacilem
2668 1394 2776 1439 ra-

651 1492 926 1557 tionem
957 1479 1230 1550 habent
1261 1474 1862 1575 reprehendendi.
1906 1481 2055 1547 Cur
2089 1479 2279 1548 enim
2320 1476 2618 1548 balneas
2648 1504 2777 1575 pu-

648 1595 871 1665 blicas
893 1587 1343 1686 potissimum
1365 1587 1870 1656 constituerat?
1893 1588 1968 1655 in
1990 1585 2258 1683 quibus
2278 1612 2428 1657 non
2456 1590 2771 1673 invenio,

653 1727 813 1799 quae
860 1696 1128 1769 latebra
1149 1705 1171 1739 ¹
1223 1695 1475 1791 togatis
1517 1693 1934 1773 hominibus
1978 1720 2130 1767 esse
2168 1699 2411 1793 possit.
2454 1701 2637 1768 Nam
2662 1752 2681 1783 ‚
2714 1700 2773 1768 si

651 1824 890 1882 essent
933 1809 1008 1877 in
1053 1803 1408 1876 vestibulo
1443 1803 1899 1893 balnearum,
1943 1831 2093 1877 non
2138 1804 2491 1887 laterent:
2540 1810 2649 1878 sin
2699 1832 2774 1879 se

648 1922 726 1992 in
783 1919 1120 1989 intimum
1174 1914 1529 2007 conjicere
1586 1912 1896 2001 vellent,
1941 1939 2073 1985 nec
2127 1918 2295 1985 satis
2351 1916 2772 2005 commode,

631 2028 983 2102 Jcalceati²
1030 2039 1110 2095 et¹
1135 2022 1407 2109 vestiti,
1449 2021 1523 2091 id
1559 2019 1793 2092 facere
1824 2038 2157 2118 possent,
2192 2038 2265 2094 et
2292 2022 2588 2095 fortasse
2616 2049 2775 2094 non

649 2141 1191 2236 reciperentur:
1241 2133 1374 2203 nisi
1423 2129 1610 2200 forte
1661 2132 1919 2203 mulier
1964 2146 2223 2230 potens
2270 2133 2775 2229 quadrantaria

649 2251 770 2323 illa
828 2237 1398 2347 permutatione³
1427 2238 1813 2310 -familiaris
1861 2238 2042 2311 facta
2096 2255 2248 2312 erat
2297 2240 2768 2317 balneatori&

652 2397 716 2429 ex
739 2379 938 2426 Terent.
965 2392 1035 2423 sc.
1070 2388 1091 2426 ι
1131 2370 1330 2421 Andriae
1378 2369 1663 2436 deprompta
1826 2385 1875 2417 a.
1928 2370 2161 2420 Calventi.
2201 2371 2385 2423 Calceis
2430 2372 2485 2421 in
2533 2372 2736 2437 publico
2758 2409 2775 2434 ,

653 2460 881 2520 videntur
906 2457 958 2503 iu
983 2452 1293 2518 proverbium
1318 2451 1492 2498 abiisse
1521 2471 1543 2492 ι
1573 2485 1587 2497 .
1608 2482 1621 2497 .
1641 2485 1657 2498 .

652 2542 771 2588 Atat
811 2537 907 2584 hoe
941 2533 1067 2580 illud
1102 2541 1198 2592 est,
1225 2530 1354 2577 Hinc
1389 2529 1484 2576 111ae
1510 2529 1668 2590 laery-

653 2635 745 2667 mae
764 2640 805 2664 ··.
832 2618 1010 2664 Juven.
1038 2621 1129 2659 sat.
1156 2613 1207 2667 1,
1242 2608 1365 2656 168:
1392 2630 1418 2649 ·-
1437 2607 1559 2654 Inde
1584 2607 1667 2653 irae

652 2711 703 2748 et
727 2698 954 2759 lacrymae
975 2715 1015 2740 ··.
1057 2693 1216 2752 Quam
1244 2687 1420 2751 sepius
1445 2686 1666 2733 mulieres

652 2774 871 2834 libidinis
894 2769 1180 2834 impotentia
1212 2767 1265 2812 iu
1289 2765 1616 2812 adolescentes
1638 2778 1665 2809 a

653 2855 832 2920 quibus
844 2848 1206 2914 spernebantur,
1225 2845 1385 2891 furore
1397 2843 1508 2907 plus
1522 2857 1664 2905 qnam

648 2932 868 2983 belluino
888 2926 1152 2975 exarserint
1168 2959 1184 2985 ‚
1206 2923 1391 2971 indicio
1420 2937 1522 2969 esse
1554 2935 1668 2984 pos-

649 3023 763 3062 sunt
781 3007 996 3071 exempla
1013 3021 1042 3053 a
1062 3007 1260 3053 Mureto
1281 3002 1499 3050 collecta.

719 3090 911 3140 xxvl.
937 3102 980 3134 1.
1013 3088 1136 3148 Qua·
1154 3082 1354 3131 latebra.
1381 3081 1560 3128 Seneca
1580 3095 1660 3142 ep.

652 3172 719 3222 86
737 3206 752 3228 ‚
776 3170 836 3217 de
853 3166 1027 3215 balneo
1046 3163 1315 3228 Scipionis:
1334 3184 1358 3203 ·-
1377 3160 1661 3208 Balneolum

649 3259 906 3313 angustum
921 3279 936 3303 ‚
965 3243 1347 3299 tenebricosum,
1372 3255 1434 3286 ex
1460 3254 1664 3287 consue-

649 3328 818 3376 tudine
842 3326 1036 3385 antiqua
1053 3355 1068 3379 ‚
1101 3336 1202 3369 non
1231 3318 1483 3366 videbatur
1507 3318 1662 3378 maio·

648 3406 786 3453 rIbus
800 3402 979 3451 nostris
997 3390 1205 3454 caldum,
1219 3398 1314 3446 nisi
1333 3397 1663 3445 obscurum...-

648 3496 698 3533 at
722 3489 882 3539 nnnc,
907 3480 1014 3542 quis
1040 3487 1111 3524 est
1136 3478 1222 3538 qui
1256 3476 1325 3522 sic
1352 3475 1499 3521 lavari
1523 3477 1663 3522 susti-

647 3563 790 3611 neat?
808 3571 993 3622 pauper
1010 3554 1102 3600 sibi
1117 3552 1327 3610 videtur,
1343 3568 1398 3598 ac
1418 3552 1661 3612 sordidus,

647 3641 743 3691 nisi
765 3637 972 3703 parietes
995 3631 1208 3694 maguis,
1243 3642 1293 3680 et
1320 3630 1551 3694 preciosis
1576 3647 1661 3678 or-

646 3720 792 3770 bibus
807 3712 1098 3764 refulserint.
1113 3744 1127 3756 .
1149 3745 1160 3757 .
1183 3744 1196 3758 .
1223 3719 1272 3755 at
1292 3725 1422 3756 nuuc
1441 3709 1660 3758 blattaria

645 3807 825 3847 vocant
856 3791 1055 3848 balnea,
1081 3789 1121 3836 si
1146 3805 1239 3853 qna
1272 3804 1372 3836 non
1404 3788 1468 3835 ita
1500 3800 1661 3852 aptata

646 3889 761 3927 suut
808 3885 862 3923 ut
907 3871 1058 3919 totius
1081 3868 1200 3917 ‘diei
1242 3868 1393 3916 solem
1442 3869 1661 3917 fenestris

606 3977 612 3986 ·
645 3950 951 4020 amplissimis
972 3948 1233 4010 recipiant,
1258 3948 1353 3995 nisi
1376 3958 1424 3996 et
1440 3948 1662 3996 lavantur

644 4034 786 4085 simul
803 4043 849 4080 et
864 4027 1166 4087 colorantnr3
1186 4021 1276 4075 nisi
1291 4043 1350 4075 ex
1366 4027 1492 4078 solio
1506 4044 1660 4090 agros,

643 4128 693 4165 et
712 4113 860 4163 maria
879 4104 1183 4174 prospiciunt
1204 4127 1244 4152 ι».

1755 2448 1890 2504 domi
1909 2450 2053 2497 soleis
2071 2450 2345 2498 utebantur.

1826 2529 1877 2575 3.
1903 2529 2273 2591 Quadrantan'a
2292 2529 2379 2577 illa
2388 2530 2772 2593 pennatau'one.

1755 2593 2101 2669 der‘anuria
2130 2607 2256 2656 «1101.
2293 2619 2363 2655 αι
2395 2609 2605 2669 eloah,
2638 2609 2774 2674 quo-1

1752 2684 2029 2738 adolescens
2045 2685 2241 2749 quidam
2260 2701 2356 2749 pro
2375 2687 2537 2751 stupri
2556 2687 2774 2735 mercede

1752 2764 1803 2810 in
1832 2763 2019 2824 loculos
2046 2764 2158 2811 loco
2186 2781 2497 2812 nummorum
2526 2778 2778 2830 argenteo-

1752 2857 1857 2889 rum
1912 2842 2201 2905 quadrantes
2251 2859 2403 2891 aereos
2454 2845 2734 2894 immisisset
2757 2860 2775 2905 ς

1751 2920 1868 2969 inde
1904 2921 2034 2970 illam
2079 2921 2142 2972 ad
2182 2923 2503 2986 quadrantem
2541 2925 2782 2973 adulteria

1747 3010 1913 3063 patere
1939 3001 2255 3049 calumniatur
2280 3003 2478 3052 Cicero.
2509 3007 2618 3068 Ipsa
2641 3006 2782 3051 Mes·

1748 3078 1896 3129 salina
1938 3081 2153 3142 Augusta
2193 3096 2351 3128 rerum
2390 3084 2610 3130 omnium
2653 3100 2787 3147 pro-

1750 3156 1889 3221 diga,
1940 3152 2044 3222 prof
2083 3170 2254 3222 stupro
2305 3161 2579 3220 mercedem
2625 3165 2787 3210 etiam

1749 3236 1984 3299 exigebat.
2006 3239 2276 3299 luvenalis,
2295 3241 2366 3286 VI
2381 3273 2398 3298 ‚
2432 3242 2529 3296 125
2548 3254 2562 3288 ε
2580 3264 2607 3282 ι
2624 3243 2794 3291 Exce—

1749 3314 1823 3378 pit
1867 3314 2043 3373 blanda
2084 3316 2318 3374 initiantes
2357 3328 2509 3383 atque
2549 3337 2645 3368 aera
2690 3339 2796 3385 po-

1749 3397 1907 3461 poscit
1915 3421 1954 3444 ··.
1968 3398 2048 3445 Sic
2062 3397 2373 3461 intelligenda
2399 3401 2799 3463 «quadrantaria

1749 3475 2040 3538 permutatio
2057 3497 2081 3516 ι·
2102 3489 2114 3521 :
2140 3476 2409 3539 quadrante
2429 3479 2583 3541 vulgo
2603 3482 2803 3531 Rome

1748 3552 1897 3601 lavari
1913 3553 2097 3602 solebat
2115 3553 2167 3601 in
2185 3554 2398 3618 publicis
2414 3556 2604 3605 balneis
2621 3594 2640 3620 ,
2663 3572 2804 3610 tute

1749 3632 2006 3689 Juvenale3
2048 3643 2100 3683 at
2133 3632 2306 3682 Clodia
2340 3633 2466 3690 sacta
2492 3637 2585 3685 ,sui
2637 3641 2804 3705 eopia

1749 3710 2043 3769 balneatori,
2087 3711 2406 3775 quadrantem
2426 3750 2441 3775 ‚
2479 3730 2637 3777 quem
2702 3737 2809 3784 pm

1748 3789 1921 3838 balneo
1941 3790 2246 3854 dederat,pro
2255 3802 2429 3854 stupro
2440 3791 2805 3858 recuperavit.

1820 3877 1867 3924 4.
1911 3867 2208 3916 Balneaton'.
2236 3871 2437 3916 Veteres
2462 3871 2635 3934 aliqui
2654 3879 2809 3927 *Tul-

1746 3946 1865 4004 lium
1890 3947 2302 4012 reprehenderunt
2317 3984 2331 4008 ,
2354 3947 2492 4011 quod
2512 3948 2813 4005 balneam-

1749 4043 1847 4074 rem
1860 4029 1912 4073 iu
1928 4025 2135 4074 clausula
2149 4025 2387 4090 posuisset
2403 4043 2417 4084 ;
2437 4026 2585 4076 illum
2608 4035 2810 4096 Quint.

1748 4108 1864 4153 lust.
1889 4107 2023 4154 Orat.
2046 4108 2149 4166 IX,
2182 4112 2239 4160 4,
2262 4102 2495 4153 defendit.
