2994 4778
599 400 740 490 254
1237 403 1339 477 M.
1385 402 1462 477 T.
1517 406 2109 487 CICERONIS·

595 529 758 598 vitis
791 540 864 597 et
905 528 1262 625 oppressis
1288 574 1309 616 ‚
1353 527 1671 627 pestiferi
1712 532 1816 604 illi
1839 532 1868 578 ³
1904 537 2235 611 consules
2285 565 2424 640 pro
2462 570 2724 620 eversae

599 635 1009 733 reipublicae
1046 639 1354 735 praemiis
1397 659 1936 738 occupaverunt
1955 649 2010 716 4.
2059 652 2551 726 Decernendae
2590 684 2721 729 no-

596 744 709 817 his
743 760 914 816 sunt
956 746 1111 843 lege
1149 750 1573 847 Sempronia
1607 749 1768 823 duoe
1789 750 1841 823 ⁵.
1893 755 2090 848 Quid
2128 773 2274 846 est,
2312 764 2517 860 quod
2554 792 2722 864 pos-

594 857 815 927 simus
848 856 942 928 de
971 860 1171 954 Syria
1205 859 1774 959 Macedoniaque
1813 862 2190 941 dubitare?
2221 874 2478 961 Mitto,
2524 879 2718 975 quod

595 989 714 1037 eas
748 966 845 1037 ita
880 981 1117 1063 partas
1158 966 1430 1040 habent
1465 970 1560 1058 ii,
1606 973 1736 1068 qui
1779 997 1978 1047 nunc
2028 977 2407 1070 obtinent,
2445 1001 2532 1058 ut
2570 1014 2714 1060 non

592 1089 761 1147 ante
795 1077 1199 1174 attigerint,
1238 1102 1457 1175 quam
1495 1078 1696 1153 hunc
1730 1082 2098 1157 ordinem⁶
2132 1092 2708 1183 condemnarint,

594 1210 812 1283 quam
843 1189 1340 1265 auctoritatem
1365 1203 1672 1262 vestram
1708 1214 1750 1265 e
1775 1196 2058 1270 civitate
2077 1206 2104 1255 ⁷
2135 1209 2706 1296 exterminarint3

592 1317 812 1391 quam
861 1291 1079 1365 fidem
1133 1294 1495 1391 publicam
1518 1352 1539 1387 ,
1575 1321 1795 1397 quam
1836 1320 2263 1404 perpetuam
2309 1316 2571 1413 populi
2600 1344 2708 1390 ro-

590 1404 787 1474 mani
824 1397 1196 1493 salutemss,
1231 1428 1451 1503 quam
1486 1431 1645 1497 me,
1675 1434 1762 1484 ac
1800 1429 2004 1488 meos
2043 1440 2298 1493 omues
2326 1420 2710 1503 foedissime

589 1513 1222 1612 crudelissimeque
1259 1520 1613 1592 vexarint.
1663 1525 1929 1595 Omnia
1970 1524 2365 1604 domestica
2409 1534 2570 1627 illa,
2617 1556 2709 1611 at·

587 1648 735 1720 que
787 1624 1064 1697 urbana
1123 1627 1376 1715 mitto;
1437 1649 1602 1727 quae
1662 1645 1861 1706 tanta
1917 1650 2129 1725 sunt,
2185 1648 2269 1712 ut
2312 1667 2709 1745 numquam

589 1732 997 1805 Hanniba19
1050 1734 1219 1808 huic
1266 1736 1433 1809 urbi
1484 1754 1767 1814 tantum
1814 1747 1981 1818 mali
2021 1752 2325 1847 optarit,
2357 1775 2707 1852 quantum

589 1842 695 1913 illi
755 1841 1148 1917 effecerint.
1212 1847 1323 1919 Ad
1383 1850 1573 1947 ipsas
1624 1855 1836 1925 venio
1894 1860 2318 1953 provincias.
2385 1869 2705 1957 Quarum

590 1952 1012 2026 Macedonia
1032 2008 1052 2043 ‚
1081 1981 1243 2054 quae
1273 1975 1423 2031 erat
1457 1976 1669 2035 antea
1702 1968 1978 2040 munita
2006 1969 2701 2066 plurimorum¹⁰im-

585 2128 695 2177 tivit
727 2139 782 2177 ut
816 2129 1127 2195 Transalpina
1155 2133 1309 2182 Gallia
1349 2135 1607 2202 Cisalpina
1694 2141 1760 2192 do
1791 2160 1893 2193 non
1929 2146 2130 2197 abstulit
2152 2164 2180 2198 a
2207 2162 2378 2202 senatu
2396 2190 2411 2214 ,
2443 2156 2528 2205 aed
2559 2160 2692 2207 etiam

581 2211 750 2272 juncta
771 2208 864 2257 sibi
883 2209 1244 2272 decet-neretum
1265 2215 1400 2279 quod
1420 2218 1607 2281 pruti-
1691 2232 1747 2271 ut
1786 2240 1977 2273 neceaae
2016 2239 2142 2276 esset
2174 2235 2441 2293 quotannis
2478 2239 2698 2288 motitui

588 2289 647 2337 tit
671 2298 893 2348 senatus,
928 2292 1248 2357 prerogativa
1275 2311 1362 2343 aua
1388 2297 1606 2362 gaudena
1690 2317 1779 2366 per
1806 2314 2022 2353 senatum
2048 2307 2238 2368 sanxit,
2256 2327 2337 2358 eae
2356 2312 2465 2377 lege
2485 2316 2704 2381 Ser-pro·

584 2377 879 2432 recuperata.
1021 2433 1026 2436 ,
1689 2380 1771 2429 nia
1804 2388 1890 2446 per
1926 2397 2144 2435 uenatum
2182 2387 2401 2440 decretu
2440 2397 2705 2460 rescidisti,

656 2445 707 2496 ³.
743 2444 965 2506 Pestisen'
996 2447 1088 2497 illi.
1131 2450 1304 2501 Multa!
1340 2452 1458 2505 edd.
1497 2472 1602 2506 uon
1689 2471 1823 2509 extra
1859 2462 2079 2513 ordinem
2113 2468 2217 2516 aine
2251 2482 2386 2520 sorte
2422 2475 2705 2527 nominatim

580 2526 761 2574 babent
780 2524 871 2576 illi.
1688 2540 1864 2588 dedisti
1891 2544 2170 2594 consulibua
2186 2569 2229 2596 u.

652 2612 706 2661 4.
732 2607 908 2653 Praem.
935 2612 1428 2671 occupaoemne.‚P1-o
1455 2614 1598 2663 Sext.

579 2699 689 2748 cap.
719 2697 809 2731 xo:
850 2705 873 2727 ι
893 2683 1071 2732 Foedua
1103 2687 1325 2736 fecerunt
1361 2705 1472 2738 cum
1510 2693 1600 2741 tri-

576 2760 712 2810 buno
738 2761 895 2826 plebia
922 2762 1103 2826 palam,
1131 2775 1187 2814 ut
1218 2765 1281 2813 ab
1302 2779 1362 2815 eo
1395 2770 1599 2833 provin-

576 2841 676 2888 cias
695 2840 1002 2905 acciperent,
1024 2856 1145 2903 quas
1176 2843 1273 2907 ipai
1298 2847 1508 2910 vellent,
1538 2866 1593 2897 ea

571 2920 677 2985 lege
703 2918 745 2967 ai
775 2919 871 2984 ipsi
903 2919 1039 2982 prius
1063 2920 1261 2969 tribuno
1287 2923 1443 2988 plebis
1464 2926 1592 2976 affli-

570 3009 695 3048 ctam
747 2997 1095 3063 rempublicam
1149 3001 1473 3055 tradidissent.
1535 3007 1594 3056 Id

567 3090 729 3128 autem
757 3079 915 3127 foedua
931 3095 1040 3127 meo
1060 3083 1294 3146 sangnine
1313 3082 1467 3133 ictum
1484 3103 1596 3136 san.

568 3158 658 3206 ciri
683 3175 826 3224 posse
852 3158 1079 3208 dicebant
1094 3181 1137 3207 a.

638 3238 690 3285 5.
727 3236 856 3302 Lege
880 3237 1164 3304 Sempronia
1197 3240 1327 3291 duce.
1369 3244 1589 3296 subaud.

565 3315 848 3379 provincia.
875 3319 1013 3365 Hanc
1042 3318 1157 3366 tulit
1182 3322 1239 3369 C.
1274 3323 1588 3388 Sempronius

564 3393 814 3441 Gracchus
847 3395 1072 3444 tribunus
1108 3398 1263 3460 plebis
1299 3416 1430 3450 anno
1455 3406 1587 3465 630,

1758 2620 1808 2667 6.
1842 2620 2239 2676 condemnarint.
2270 2629 2400 2677 Nam
2438 2632 2533 2696 qui
2568 2635 2706 2685 Cice·

1684 2713 1855 2746 ronem
1886 2701 2294 2768 condemnarunt,
2331 2711 2419 2772 qui
2456 2713 2584 2763 nihil
2616 2716 2704 2762 nisi

1682 2785 1882 2828 auctore
1894 2794 2060 2831 uenatu
2076 2799 2301 2849 gesserat,
2310 2802 2539 2841 uenatum
2551 2796 2704 2860 ipaum

1681 2859 2025 2913 condemnatae
2048 2866 2406 2933 intelliguntur.

1754 2954 1801 2998 7.
1833 2942 1878 2986 B:
1903 2941 2099 2993 civitate
2124 2949 2522 3003 exterminat-ine.
2541 2955 2701 3017 Qum

1680 3015 1898 3065 ascendit
1922 3020 1975 3067 in
1999 3025 2285 3074 concionem
2311 3029 2589 3095 Gabinius,
2624 3022 2701 3082 di-

1680 3090 2030 3147 xit2-Errare
2070 3100 2290 3153 homines
2324 3107 2368 3155 ai
2411 3110 2566 3160 etiarn
2601 3124 2697 3161 mn

1681 3182 1897 3222 uenatum
1937 3176 2123 3243 aliquid
2164 3183 2217 3230 in
2268 3186 2524 3250 republica
2561 3207 2697 3255 ponae

1679 3250 2028 3304 arbitrarentur
2043 3279 2083 3305 ι.
2111 3261 2207 3308 Pro
2229 3265 2363 3314 Sext.
2393 3283 2503 3332 cap.
2532 3287 2613 3322 ω.

1749 3332 1802 3381 8.
1823 3335 2002 3397 Populi
2018 3339 2211 3388 mmai
2221 3343 2443 3396 salacem.
2465 3351 2697 3399 Auctori-

1675 3417 1772 3458 tate
1815 3422 1970 3476 spreta
1988 3448 2004 3475 ,
2044 3418 2209 3467 soluto
2252 3422 2422 3485 steno,
2463 3419 2702 3492 flagrante

560 3483 616 3519 nt
661 3481 852 3518 senatus
902 3475 1164 3534 quotannis
1210 3478 1495 3528 consulibus
1535 3495 1585 3533 et
1674 3483 1948 3556 discordia,
1991 3496 2125 3544 nulla
2163 3499 2264 3559 jam
2307 3500 2432 3552 fides
2468 3507 2702 3570 publica.

561 3551 844 3604 censoribus
863 3555 1137 3617 provincias
1155 3557 1433 3608 decerneret
1449 3595 1464 3619 ,
1487 3578 1583 3610 an-

1671 3568 1804 3616 nulla
1824 3573 1999 3636 populi
2017 3574 2165 3635 ulus,
2182 3594 2292 3641 quae
2309 3585 2551 3635 concordi
2570 3589 2699 3636 civi·

558 3645 752 3697 tequam
771 3631 1036 3680 consularia
1055 3632 1346 3683 haberentur
1358 3641 1582 3706 comitia,
1668 3647 1782 3706 tatia
1805 3659 1932 3699 statu
1957 3655 2284 3707 continentur.

507 3741 512 3746 ,
555 3723 612 3760 nt
637 3709 969 3776 praetoriamm
990 3712 1185 3761 decreto
1209 3714 1444 3765 intercedi
1465 3719 1579 3770 lice-

1737 3742 1789 3788 9.
1816 3729 1880 3776 Ue
1903 3747 2170 3796 numquam
2195 3736 2462 3789 Hannibal.
2481 3744 2583 3807 Qui
2603 3761 2700 3795 an-

555 3802 630 3838 ret
648 3825 664 3849 ,
705 3787 1030 3837 consularium
1067 3807 1168 3839 non
1206 3790 1389 3845 liceret.
1415 3799 1574 3849 Antea
1663 3802 1741 3852 nis
1762 3823 1829 3854 xv
1853 3810 2041 3859 Italiam
2062 3815 2273 3866 vexavit.

552 3870 757 3917 deeretoe
783 3868 969 3917 fuerant
996 3871 1261 3935 provincia:
1288 3876 1571 3928 consulibus

549 3947 742 4004 electis,
768 3957 913 4010 atque
931 3949 1075 3996 etiam
1099 3949 1212 3999 dum
1238 3969 1435 4006 munere
1456 3958 1567 4007 fun·

548 4027 798 4090 gebantnr.
829 4027 922 4073 Pro
944 4029 1129 4078 Domo:
1151 4053 1176 4072 «ι
1194 4033 1270 4080 Tu
1288 4036 1565 4098 provincias

547 4106 821 4155 consulares
847 4121 968 4169 quaa
993 4107 1049 4156 C.
1069 4109 1318 4159 Gracchus
1336 4129 1438 4174 non
1459 4133 1565 4165 mo·

1737 3900 1816 3936 xo.
1849 3888 2170 3943 Plurimorum
2207 3893 2573 3960 imperatorum.
2603 3906 2700 3953 'ri-

1656 3972 1758 4010 tum
1796 3967 2083 4032 Quintinm,
2124 3974 2178 4020 L.
2217 3975 2468 4039 Paullum,
2510 3984 2698 4046 Quint.

1650 4042 1897 4092 Caecilinm
1934 4049 2210 4111 Metellum,
2246 4055 2334 4117 qui
2368 4058 2697 4113 Macedonici

1652 4135 1829 4170 nomen
1848 4127 2047 4176 sortitus
2064 4139 2136 4178 eat
2149 4165 2165 4192 ‚
2192 4133 2305 4182 Vib.
2323 4135 2523 4200 Didium
2540 4174 2559 4197 ,
2588 4144 2693 4190 Cn.
