2994 4778
256 501 1144 525 mmmm
1152 508 1423 528 mnsm
1430 508 1792 528 mmmm
1797 510 2067 531 mm
2072 510 2349 531 mmm

669 729 810 829 M.
866 730 998 830 T.
1054 728 1903 837 CICERONIS

454 986 2140 1166 ORATIONES.

1039 1434 1554 1553 ORATIO

694 1669 1016 1776 PRO
1079 1670 1188 1772 P.
1253 1632 1893 1781 SEXTIO.

514 2022 860 2090 ORATIO
909 2020 1332 2093 SECUNDA
1380 2024 1497 2091 ET
1542 2023 2061 2092 TRICESIMA.

244 2196 436 2315 1.S1
481 2241 647 2335 quis
696 2250 970 2326 antea¹,
1019 2237 1337 2333 judices,
1392 2238 1823 2326 mirabatur,
1884 2237 2062 2336 quid
2126 2253 2357 2327 esset,

247 2346 463 2442 quod,
496 2372 635 2446 pro
671 2351 890 2420 tantis
918 2346 1227 2447 opibus²
1270 2347 1723 2447 reipublicae,
1762 2363 2105 2448 tantaque
2135 2348 2361 2446 digni-

246 2470 379 2526 tate
430 2458 752 2554 imperii,
815 2481 1275 2555 nequaquam
1333 2459 1501 2530 satis
1560 2458 1769 2528 multi
1822 2462 2011 2531 cives
2069 2457 2239 2529 sorti
2290 2473 2363 2528 et

244 2589 494 2664 magno
529 2568 774 2639 animo
811 2563 1332 2656 invenirentur.
1375 2570 1505 2665 qui
1539 2567 1890 2639 auderent
1939 2593 2016 2639 se
2067 2581 2141 2638 et
2183 2567 2362 2637 salu-

244 2691 379 2746 tem
414 2701 620 2748 suam
661 2678 737 2747 in
780 2676 1163 2749 discrimen
1206 2676 1469 2750 offerre
1512 2703 1650 2776 pro
1688 2692 1880 2749 statu
1918 2678 2256 2765 civitam,
2294 2692 2367 2749 et

244 2812 368 2883 pro
424 2788 793 2857 communi
850 2787 1233 2860 libertate:
1295 2814 1385 2860 ex
1439 2788 1582 2860 hoc
1633 2785 2015 2888 tempore³
2060 2789 2364 2859 miretur

242 2898 512 2993 potius,
569 2899 627 2968 si
673 2922 894 2994 quem
946 2897 1222 2969 bonum
1277 2914 1348 2970 et
1409 2897 1725 2970 fortem4
1779 2899 2006 2970 civem
2057 2897 2361 2985 viderit,

244 3031 454 3103 quam
500 3008 562 3079 si
609 2997 825 3105 quern
870 3024 993 3080 aut
1041 3007 1371 3081 timidum
1397 3064 1417 3099 ‚
1468 3026 1595 3082 aut
1643 3009 1781 3083 sibi
1817 3011 2103 3108 potius,
2146 3032 2366 3106 quam

306 3219 349 3264 1.
394 3232 439 3262 ι.
475 3214 532 3263 Si
556 3216 663 3281 quis
693 3228 864 3268 antea.
899 3218 1159 3282 Proprium
1191 3233 1249 3265 ao

247 3294 475 3359 peculiare
500 3294 596 3342 hoe
617 3296 869 3345 Ciceronis
892 3306 994 3353 eat,
1019 3307 1105 3353 ut,
1131 3312 1250 3359 quaa

249 3389 399 3421 musas
425 3373 645 3422 defendit
660 3406 676 3432 ‚
698 3391 778 3422 eas
799 3391 912 3422 cum
931 3375 1143 3423 utilitate
1160 3391 1249 3438 pu·

248 3453 360 3500 blica
385 3469 632 3501 connexas
657 3469 758 3502 ease
786 3451 1100 3502 demonstret.
1138 3455 1249 3515 Qua

250 3531 424 3580 tatione
455 3543 506 3579 et
534 3532 765 3592 majorem
799 3531 1107 3579 audientibus
1137 3531 1251 3578 facit

250 3609 648 3675 exspectationem
664 3644 680 3669 ‚
708 3622 757 3657 et
781 3611 887 3675 ipae
911 3610 1005 3658 aibi
1029 3625 1086 3657 ac
1114 3610 1252 3658 fama

254 3690 465 3738 satisfacit
479 3725 497 3749 ‚
517 3707 671 3753 quum
694 3706 795 3738 non
818 3702 914 3738 tam
939 3690 1139 3754 privati,
1170 3706 1253 3738 ve-

262 3784 351 3816 nun
386 3769 668 3833 reipublice
695 3771 846 3818 totins
877 3771 930 3817 in
970 3785 1070 3818 uno
1097 3770 1254 3834 capite

258 3848 553 3910 periclitantia
591 3848 825 3897 utilitatea
847 3850 969 3897 tueri
984 3847 1223 3897 videatur.

326 3942 372 3973 α.
412 3929 508 3974 Pro
557 3927 707 3975 cantis
760 3928 925 3992 opibus
970 3927 1262 3991 reipublice.

261 4007 415 4067 Quum
440 4016 569 4055 tanta
601 4007 667 4055 ait
706 4017 876 4055 ornata
917 4006 1133 4071 potentia
1159 4022 1256 4055 rea·

256 4085 452 4149 pobb‘oe.

1335 3219 1488 3282 magis
1503 3250 1519 3276 ‚
1538 3233 1686 3282 quam
1704 3226 1872 3275 antea,
1892 3214 2171 3263 dominatur
2187 3215 2369 3280 impro-

1335 3297 1483 3346 bitas:
1499 3295 1636 3361 quod
1650 3310 1782 3343 exeo
1793 3305 1940 3360 patet,
1954 3296 2069 3361 quia
2089 3297 2146 3343 Ρ.
2157 3296 2365 3353 Sextius,

1335 3377 1394 3425 T.
1416 3375 1610 3424 Annius
1629 3373 1785 3432 Milo,
1806 3376 1864 3423 Ρ.
1885 3375 2120 3424 Lentulus
2135 3409 2150 3432 ‚
2173 3376 2359 3439 optime

1338 3454 1400 3502 de
1418 3472 1523 3519 rep.
1543 3454 1729 3511 meriti,
1757 3453 2063 3503 acerbissime
2089 3465 2357 3504 vexantur:

1338 3544 1476 3582 erant
1493 3543 1653 3581 autem
1676 3532 1745 3580 rei
1768 3532 1829 3580 de
1847 3534 1896 3580 vi
1916 3543 2147 3597 uterque,
2173 3532 2369 3581 δαείω

1339 3623 1387 3661 et
1408 3611 1555 3660 Milo.
1581 3613 1657 3659 De
1680 3611 1887 3659 Lentulo
1912 3612 2215 3675 rogationem
2239 3627 2361 3676 pro-

1339 3691 1637 3754 mulgaverat
1672 3691 1731 3741 C.
1769 3691 1891 3740 Cato
1930 3690 2156 3739 tribunus
2198 3689 2271 3755 pl.
2311 3701 2371 3739 ut

1344 3768 1567 3829 Cincin,
1595 3786 1742 3834 quam
1773 3769 1998 3833 tegebat,
2032 3770 2290 3835 imperium
2324 3770 2369 3817 ei

1342 3850 1684 3914 abrogaretur:
1713 3865 1824 3913 qua
1850 3849 2148 3914 colliguntur
2172 3850 2226 3896 in
2253 3864 2363 3896 ora·

1346 3930 1496 3979 tinnis
1517 3928 1732 3993 epilogo.

1421 4018 1468 4065 4.
1513 4009 1707 4055 Bonum
1742 4019 1790 4056 ee
1811 4005 2018 4073 sortem.
2059 4009 2282 4064 Bonum,
2315 4017 2372 4054 ut

1348 4087 1552 4145 tentiam
1578 4086 1753 4134 fortem
1771 4120 1785 4146 ‚
1807 4098 1864 4136 ut
1885 4087 2088 4146 audeat,
2114 4100 2226 4148 qua
2249 4083 2368 4147 reip.

315 4170 362 4215 3.
411 4169 491 4214 Ex
531 4164 630 4213 hoc
666 4177 895 4229 tempore.
934 4166 1093 4214 Multo
1135 4166 1260 4215 enlm
1348 4167 1472 4215 ratio
1496 4165 1736 4230 postulat.
