2994 4778
577 437 963 505 ORATIO
1012 436 1220 504 PRO
1269 436 1366 503 M.
1423 437 2027 508 MARCELLO.
2231 437 2370 535 569

335 555 530 647 Quid
548 610 568 644 ,
598 559 654 628 si
684 554 874 627 istud
903 580 996 627 ne
1023 555 1262 652 gloriae
1291 554 1587 651 quidem
1615 571 1754 627 tuae
1783 562 1948 630 satis
1975 573 2082 631 est
2100 614 2119 647 ‚
2154 563 2361 657 cujus

231 681 310 737 te
356 690 506 737 esse
550 665 1066 751 avidissimum,
1111 668 1435 760 quamvis
1470 666 1567 736 sis
1614 667 1939 763 sapienS‚
1974 692 2124 738 non
2153 694 2363 765 nega-

228 774 400 846 his?
440 780 793 846 Parumne
826 776 1068 870 igitur,
1101 774 1416 870 iuquieS,
1460 776 2125 872 magnamgloriam
2150 776 2211 822 ¹⁶
2250 803 2363 851 re·-

229 884 699 981 linquemus?
739 888 969 953 Immo
1023 907 1194 954 vero
1231 882 1422 971 aliis,
1477 887 1806 980 quamvis
1841 886 2120 974 multiS,
2157 889 2364 977 satis3

233 992 378 1065 tibi
408 994 531 1064 uni
579 1016 852 1090 parum.
884 990 1255 1089 Quidquid
1290 996 1482 1065 enim
1510 1007 1653 1077 est,
1685 999 2011 1091 quamvis
2040 997 2359 1094 amplum

235 1106 373 1191 sit,
409 1101 485 1175 id
543 1116 736 1174 certe
772 1126 1027 1199 parum
1067 1117 1172 1175 est
1209 1117 1404 1190 tum,
1461 1128 1691 1200 quum
1742 1121 1853 1176 est
1901 1106 2170 1202 aliquid
2206 1132 2360 1178 am-

234 1214 449 1311 plius.
488 1212 704 1302 Quod
731 1214 790 1284 si
826 1238 1068 1285 rerum
1107 1229 1390 1286 tuarum
1420 1216 1932 1286 immortalium
1953 1270 1971 1303 ,
2001 1222 2079 1288 C.
2107 1222 2360 1306 Caesar,

235 1324 360 1395 hic
389 1326 620 1394 exitus
649 1321 935 1394 futurus
974 1321 1145 1412 fuit,
1190 1338 1311 1411 ut,
1354 1322 1650 1395 devictis
1694 1324 2144 1412 adversariis,
2180 1351 2365 1397 rem-

231 1432 605 1531 publicam
644 1433 722 1503 in
758 1457 843 1505 eo
894 1448 1083 1509 statu
1118 1434 1592 1531 relinquam,
1634 1437 1713 1505 in
1772 1461 1921 1533 quo
1971 1461 2168 1508 nuuc
2206 1452 2360 1509 estt

233 1542 444 1627 vide,
487 1567 767 1638 quaeso,
818 1567 911 1615 ne
945 1558 1070 1616 tua
1111 1542 1351 1615 divina
1389 1544 1621 1615 virtus
1665 1543 2153 1618 admirationis
2199 1547 2363 1645 plus

229 1655 331 1724 sit
360 1650 692 1723 habitura
715 1706 733 1739 ,
770 1678 983 1749 quam
1023 1654 1300 1750 gloriae3
1334 1653 1687 1751 siquidem
1726 1656 1949 1752 gloria
1981 1671 2089 1727 est
2109 1666 2173 1719 Ι7
2208 1656 2364 1728 illu-

228 1764 403 1835 stris
456 1787 537 1834 ac
585 1778 966 1861 pervagata
1016 1765 1409 1835 multorum
1464 1778 1538 1837 et
1597 1788 2024 1861 magnorum
2045 1819 2064 1852 ‚
2122 1766 2239 1837 vel
2285 1770 2360 1837 in

226 1899 441 1961 suos,
474 1874 587 1945 vel
623 1876 696 1945 iu
738 1877 1078 1971 patriam,
1119 1875 1232 1946 vel
1274 1877 1352 1945 in
1407 1897 1623 1946 omne
1667 1898 1895 1971 genus
1940 1875 2360 1963 hominum,

227 1983 428 2055 fama
468 1986 910 2054 meritorum.

336 2097 455 2164 IX.
508 2098 669 2165 Haec
721 2093 937 2189 igitur
992 2091 1126 2164 tibi
1187 2093 1467 2192 reliqua
1533 2118 1697 2192 pars
1755 2108 1903 2182 est3
1965 2093 2085 2165 hic
2138 2109 2359 2166 restat
2439 2177 2448 2187 ,

227 2211 524 2291 actus¹;
585 2205 661 2273 iu
725 2201 865 2273 hoc
919 2201 1441 2274 elaborandum
1502 2219 1644 2288 est,
1701 2217 1786 2274 ut
1839 2203 2356 2302 rempublicam

232 2313 634 2383 constituas
660 2365 679 2396 ‚
719 2336 946 2410 eaque
992 2314 1176 2383 tuin
1220 2314 1466 2410 primis
1492 2337 1657 2383 cum
1697 2338 1976 2384 summa
2012 2314 2360 2412 tranquil-

231 2421 439 2493 litate
488 2436 561 2493 ct
602 2422 754 2492 otio
810 2421 1177 2520 per-fruare
1227 2449 1244 2492 ε
1301 2438 1457 2494 tum
1497 2438 1598 2509 te,
1653 2426 1709 2493 si
1745 2423 1979 2513 voleS,
2017 2450 2245 2522 quum
2286 2440 2359 2495 ct

230 2534 520 2630 patriae,
549 2531 748 2628 quod
770 2530 998 2604 flebes
1015 2588 1034 2620 ‚
1061 2533 1385 2618 solve-rb,
1409 2547 1482 2604 et
1510 2547 1836 2604 naturam
1862 2535 2086 2632 ip’sam
2118 2533 2358 2631 exple‘-

231 2643 429 2712 veris
463 2645 782 2713 satietate
833 2642 1147 2732 vivendi,
1201 2647 1366 2714 satis
1416 2642 1544 2714 diu
1588 2643 1843 2714 vixisse
1879 2642 2120 2713 dicito.
2167 2640 2359 2730 Quid

233 2765 350 2823 est
393 2754 581 2821 enim
619 2754 919 2822 omnino
966 2751 1104 2822 hoc
1153 2752 1387 2850 ipsum
1428 2750 1587 2839 diu,
1626 2753 1697 2821 in
1737 2776 1886 2848 quo
1924 2765 2033 2822 cst
2066 2749 2357 2847 aliquod

234 2876 680 2949 extremum3
717 2860 916 2958 quod
953 2886 1181 2958 quum
1212 2863 1520 2951 venerit,
1553 2863 1788 2933 omnis
1816 2862 2145 2960 voluptas
2177 2884 2353 2958 prae-

321 3049 400 3096 ιδ.
424 3050 996 3111 Pammne...magnam
1019 3045 1250 3112 gloriam.
1340 3062 1459 3094 num
1513 3048 1677 3095 auimo
1729 3048 1847 3097 freta
1902 3048 2123 3095 maximis
2176 3046 2361 3095 ωσι-ἰώ

231 3127 469 3177 Occurrit
495 3126 653 3174 tacita
678 3125 978 3190 objectioni,
1014 3141 1076 3172 ue
1103 3141 1256 3189 quum
1341 3126 1604 3173 humanum
1647 3142 1799 3190 genus
1837 3126 2195 3189 complectitur.
2238 3128 2361 3188 Qua

232 3208 477 3257 Caesarem
503 3204 668 3269 gloria
700 3221 870 3268 parum
901 3203 1078 3252 vixisse
1106 3203 1254 3264 dicit,
1341 3219 1455 3251 naue
1481 3203 1704 3253 definitio
1735 3221 1838 3252 nou
1873 3206 2033 3253 miuus
2068 3216 2260 3254 oratore
2286 3205 2363 3253 di-

232 3301 319 3333 ret
345 3284 409 3331 ab
437 3299 496 3331 eo
530 3295 684 3347 gestan
717 3295 976 3332 extenuare
1003 3283 1252 3343 videatur,
1341 3298 1434 3346 gua
1462 3294 1566 3341 eat,
1604 3298 1747 3346 quam
1775 3299 1963 3331 summo
1985 3283 2288 3348 philooopho
2313 3294 2363 3334 et

233 3378 289 3414 et
319 3365 439 3411 mira
471 3363 727 3428 prudentia
762 3380 826 3410 ex
858 3379 919 3411 eo
955 3363 1094 3427 ipso,
1119 3362 1256 3427 quod
1344 3361 1512 3425 patriae
1537 3372 1755 3425 parente.

233 3459 343 3491 nou
369 3443 484 3490 ntis
514 3457 730 3505 maguam
759 3441 960 3505 gloriam
992 3442 1150 3490 cam
1172 3441 1258 3489 ad·
1417 3443 1509 3490 lx.
1554 3455 1602 3489 ι.
1647 3441 1743 3489 Hic
1787 3451 1940 3489 restae
1974 3452 2128 3492 aceres.
2168 3441 2250 3491 Sic
2296 3441 2361 3491 ad

233 3525 342 3571 huc
371 3533 697 3585 consequutus
724 3523 899 3581 fuerit,
930 3522 1033 3582 ejus
1060 3520 1262 3586 dignita·
1345 3521 1582 3582 Quintum
1617 3519 1811 3568 &utrem
1831 3554 1848 3580 ,
1878 3523 1928 3577 1,
1953 3536 1975 3568 1
1997 3537 2012 3572 ε
2034 3522 2201 3571 «Illud
2227 3533 2276 3571 te
2300 3521 2364 3569 ad

238 3614 342 3651 tem
367 3613 417 3650 et
438 3601 772 3649 excellentiam
793 3601 912 3649 mire
935 3611 1207 3664 exaggerat.
1346 3610 1616 3652 extremum
1643 3610 1693 3647 et
1718 3615 1808 3649 oro
1836 3611 1884 3648 et
1909 3599 2105 3660 hortor,
2136 3612 2218 3658 ut.
2245 3610 2367 3647 tam-

319 3696 399 3742 ¹7·
415 3680 660 3745 Siquidem
677 3679 839 3745 gloria
852 3691 935 3728 ese.
949 3681 1076 3729 Mire
1095 3680 1260 3730 locum
1347 3695 1492 3742 quam
1509 3690 1668 3744 poeto
1691 3678 1809 3727 boni
1823 3714 1839 3739 ‚
1862 3691 1910 3729 et
1930 3692 2118 3730 actores
2137 3679 2363 3727 industrii

232 3763 373 3810 hunc
408 3760 472 3808 ad
508 3760 771 3808 tollendam
807 3775 1000 3807 omnem
1024 3760 1259 3808 offemio-
1348 3758 1507 3805 nolent
1522 3793 1538 3816 ,
1570 3758 1640 3805 sic
1680 3769 1735 3806 tu
1771 3758 1822 3806 in
1862 3770 2072 3807 extrema
2107 3767 2242 3821 parte
2260 3794 2276 3818 ,
2315 3770 2364 3806 et

235 3857 352 3890 nem
379 3838 564 3888 claudit
589 3849 775 3895 orator,
801 3838 958 3888 nobili
982 3838 1147 3902 gloria
1170 3838 1260 3885 de·
1327 3837 1663 3885 'conclusione
1697 3841 1933 3896 muueris,
1970 3856 2027 3887 ac
2066 3837 2249 3900 negotii
2294 3837 2368 3885 tui

235 3919 466 3968 finitione
483 3953 497 3977 ,
525 3934 629 3967 non
658 3933 762 3965 eam
797 3934 898 3966 esse
926 3917 1261 3965 demonstraus
1346 3914 1749 3978 diligentissimus
1770 3916 1836 3964 sia
1851 3950 1867 3976 ‚
1892 3927 1948 3965 ut
1972 3917 2053 3964 hic
2078 3916 2248 3978 tertiae
2275 3931 2364 3962 au-

237 4014 353 4063 quae
375 4008 559 4046 tantum
574 3996 639 4044 ad
659 4013 732 4044 res
759 3997 953 4044 bellicas
971 3998 1194 4061 pertinet,
1211 4007 1262 4044 et
1348 4008 1441 4039 nuo
1500 3994 1689 4056 imperii
1748 3995 1819 4042 tui
1840 4028 1855 4052 ,
1910 4007 2152 4059 tamquam
2199 3997 2369 4042 tertius

238 4076 613 4129 admirationem
633 4076 782 4139 magis
797 4091 942 4139 quam
970 4091 1128 4123 veram
1152 4074 1261 4122 lau·
1347 4082 1486 4119 actua
1505 4108 1520 4134 ,
1557 4074 1933 4136 perfectissimus
1956 4085 2102 4138 atque
2127 4073 2373 4122 ornatissi-

243 4155 355 4203 dem
382 4155 554 4216 habet,
574 4155 660 4204 ned
684 4171 786 4204 enm
812 4170 922 4217 qua
940 4165 1077 4217 grato
1105 4153 1262 4202 homI·
1349 4168 1455 4200 mua
1478 4152 1624 4200 fuisse
1647 4152 1865 4201 videntur
1883 4175 1923 4200 ι.
