<?xml version="1.0" encoding="UTF-8"?>
<!DOCTYPE html PUBLIC "-//W3C//DTD XHTML 1.0 Transitional//EN"
    "http://www.w3.org/TR/xhtml1/DTD/xhtml1-transitional.dtd">
<html xmlns="http://www.w3.org/1999/xhtml" xml:lang="en" lang="en">
 <head>
  <title>
</title>
<meta http-equiv="Content-Type" content="text/html;charset=utf-8" />
  <meta name='ocr-system' content='tesseract 3.04.00' />
  <meta name='ocr-capabilities' content='ocr_page ocr_carea ocr_par ocr_line ocrx_word'/>
</head>
<body>
  <div class='ocr_page' id='page_1' title='image "./mtciceronisquae06lemagoog_0241.png"; bbox 0 0 2994 4778; ppageno 0'>
   <div class='ocr_carea' id='block_1_1' title="bbox 707 387 2355 462">
    <p class='ocr_par' dir='ltr' id='par_1_1' title="bbox 707 387 2355 462">
     <span class='ocr_line' id='line_1_1' title="bbox 707 387 2355 462; baseline 0.001 -4"><span class='ocrx_word' id='word_1_1' title='bbox 707 387 1090 458; x_wconf 85' lang='lat' dir='ltr'><strong>ORATIO</strong></span> <span class='ocrx_word' id='word_1_2' title='bbox 1140 391 1341 459; x_wconf 86' lang='lat' dir='ltr'>PRO</span> <span class='ocrx_word' id='word_1_3' title='bbox 1389 391 1487 459; x_wconf 83' lang='lat' dir='ltr'>M.</span> <span class='ocrx_word' id='word_1_4' title='bbox 1539 391 1930 460; x_wconf 79' lang='lat' dir='ltr'><strong>COELIO.</strong></span> <span class='ocrx_word' id='word_1_5' title='bbox 2228 390 2355 462; x_wconf 75' lang='lat'>231</span> 
     </span>
    </p>
   </div>
   <div class='ocr_carea' id='block_1_2' title="bbox 238 508 2372 2359">
    <p class='ocr_par' dir='ltr' id='par_1_2' title="bbox 238 508 2372 2359">
     <span class='ocr_line' id='line_1_2' title="bbox 238 508 2360 608; baseline 0 -25"><span class='ocrx_word' id='word_1_6' title='bbox 238 516 481 607; x_wconf 79' lang='lat' dir='ltr'>Atque</span> <span class='ocrx_word' id='word_1_7' title='bbox 541 508 886 604; x_wconf 86' lang='lat' dir='ltr'>equidem</span> <span class='ocrx_word' id='word_1_8' title='bbox 947 510 1415 582; x_wconf 82' lang='lat' dir='ltr'>vehementer</span> <span class='ocrx_word' id='word_1_9' title='bbox 1471 509 1968 608; x_wconf 82' lang='lat' dir='ltr'><strong>exspectabam</strong></span> <span class='ocrx_word' id='word_1_10' title='bbox 1994 564 2015 596; x_wconf 91' lang='lat'>,</span> <span class='ocrx_word' id='word_1_11' title='bbox 2065 514 2360 608; x_wconf 80' lang='lat' dir='ltr'>quinam</span> 
     </span>
     <span class='ocr_line' id='line_1_3' title="bbox 246 617 2365 718; baseline 0.002 -28"><span class='ocrx_word' id='word_1_12' title='bbox 246 622 369 690; x_wconf 89' lang='lat' dir='ltr'>isti</span> <span class='ocrx_word' id='word_1_13' title='bbox 416 620 536 688; x_wconf 81' lang='lat' dir='ltr'>viri</span> <span class='ocrx_word' id='word_1_14' title='bbox 581 617 803 703; x_wconf 89' lang='lat' dir='ltr'>boni,</span> <span class='ocrx_word' id='word_1_15' title='bbox 843 634 1057 691; x_wconf 92' lang='lat' dir='ltr'>testes</span> <span class='ocrx_word' id='word_1_16' title='bbox 1101 620 1317 713; x_wconf 90' lang='lat' dir='ltr'>hujus</span> <span class='ocrx_word' id='word_1_17' title='bbox 1361 618 1741 691; x_wconf 86' lang='lat' dir='ltr'>manifesto</span> <span class='ocrx_word' id='word_1_18' title='bbox 1784 619 2209 718; x_wconf 79' lang='lat' dir='ltr'>deprehensi</span> <span class='ocrx_word' id='word_1_19' title='bbox 2246 651 2365 694; x_wconf 82' lang='lat' dir='ltr'>ve-</span> 
     </span>
     <span class='ocr_line' id='line_1_4' title="bbox 249 726 2362 802; baseline 0.001 -3"><span class='ocrx_word' id='word_1_20' title='bbox 249 731 419 799; x_wconf 90' lang='lat' dir='ltr'>neni</span> <span class='ocrx_word' id='word_1_21' title='bbox 474 727 907 799; x_wconf 82' lang='lat' dir='ltr'>dicerentur.</span> <span class='ocrx_word' id='word_1_22' title='bbox 963 728 1155 801; x_wconf 80' lang='lat' dir='ltr'>Nulli</span> <span class='ocrx_word' id='word_1_23' title='bbox 1216 728 1410 799; x_wconf 90' lang='lat' dir='ltr'>enim</span> <span class='ocrx_word' id='word_1_24' title='bbox 1456 743 1625 799; x_wconf 88' lang='lat' dir='ltr'>sunt</span> <span class='ocrx_word' id='word_1_25' title='bbox 1669 726 1954 798; x_wconf 89' lang='lat' dir='ltr'>adhuc⁵</span> <span class='ocrx_word' id='word_1_26' title='bbox 1997 732 2362 802; x_wconf 81' lang='lat' dir='ltr'>nominati.</span> 
     </span>
     <span class='ocr_line' id='line_1_5' title="bbox 247 834 2360 936; baseline 0 -27"><span class='ocrx_word' id='word_1_27' title='bbox 247 836 388 909; x_wconf 86' lang='lat' dir='ltr'>Sed</span> <span class='ocrx_word' id='word_1_28' title='bbox 425 862 578 907; x_wconf 90' lang='lat' dir='ltr'>nou</span> <span class='ocrx_word' id='word_1_29' title='bbox 632 834 963 919; x_wconf 67' lang='lat' dir='ltr'>dubit06,</span> <span class='ocrx_word' id='word_1_30' title='bbox 1008 839 1190 933; x_wconf 87' lang='lat' dir='ltr'>quin</span> <span class='ocrx_word' id='word_1_31' title='bbox 1236 838 1380 913; x_wconf 82' lang='lat' dir='ltr'>sint</span> <span class='ocrx_word' id='word_1_32' title='bbox 1415 861 1828 935; x_wconf 82' lang='lat' dir='ltr'>pergraves,</span> <span class='ocrx_word' id='word_1_33' title='bbox 1879 842 2007 934; x_wconf 90' lang='lat' dir='ltr'>qui</span> <span class='ocrx_word' id='word_1_34' title='bbox 2054 841 2360 936; x_wconf 82' lang='lat' dir='ltr'>primurn</span> 
     </span>
     <span class='ocr_line' id='line_1_6' title="bbox 244 943 2364 1044; baseline 0 -27"><span class='ocrx_word' id='word_1_35' title='bbox 244 950 390 1018; x_wconf 90' lang='lat' dir='ltr'>sint</span> <span class='ocrx_word' id='word_1_36' title='bbox 418 945 579 1017; x_wconf 89' lang='lat' dir='ltr'>talis</span> <span class='ocrx_word' id='word_1_37' title='bbox 615 943 898 1016; x_wconf 82' lang='lat' dir='ltr'>feminae</span> <span class='ocrx_word' id='word_1_38' title='bbox 932 944 1309 1017; x_wconf 81' lang='lat' dir='ltr'>familiares</span> <span class='ocrx_word' id='word_1_39' title='bbox 1331 958 1397 1033; x_wconf 78' lang='lat'>⁷3</span> <span class='ocrx_word' id='word_1_40' title='bbox 1434 945 1700 1016; x_wconf 88' lang='lat' dir='ltr'>deinde</span> <span class='ocrx_word' id='word_1_41' title='bbox 1729 971 1887 1019; x_wconf 84' lang='lat' dir='ltr'>eam</span> <span class='ocrx_word' id='word_1_42' title='bbox 1927 949 2364 1044; x_wconf 85' lang='lat' dir='ltr'>provinciam</span> 
     </span>
     <span class='ocr_line' id='line_1_7' title="bbox 240 1053 2371 1153; baseline 0 -26"><span class='ocrx_word' id='word_1_43' title='bbox 240 1055 728 1152; x_wconf 85' lang='lat' dir='ltr'>susceperint,</span> <span class='ocrx_word' id='word_1_44' title='bbox 760 1069 844 1124; x_wconf 95' lang='lat' dir='ltr'>ut</span> <span class='ocrx_word' id='word_1_45' title='bbox 872 1058 943 1124; x_wconf 92' lang='lat' dir='ltr'>in</span> <span class='ocrx_word' id='word_1_46' title='bbox 972 1053 1263 1126; x_wconf 88' lang='lat' dir='ltr'>balneas</span> <span class='ocrx_word' id='word_1_47' title='bbox 1291 1053 1902 1127; x_wconf 88' lang='lat' dir='ltr'>contruderentur</span> <span class='ocrx_word' id='word_1_48' title='bbox 1933 1083 1952 1125; x_wconf 71' lang='grc' dir='ltr'><strong>ε</strong></span> <span class='ocrx_word' id='word_1_49' title='bbox 1991 1056 2191 1153; x_wconf 91' lang='lat' dir='ltr'>quod</span> <span class='ocrx_word' id='word_1_50' title='bbox 2222 1058 2371 1143; x_wconf 89' lang='lat' dir='ltr'>illa,</span> 
     </span>
     <span class='ocr_line' id='line_1_8' title="bbox 239 1157 2367 1263; baseline 0.001 -27"><span class='ocrx_word' id='word_1_51' title='bbox 239 1168 378 1236; x_wconf 88' lang='lat' dir='ltr'>nisi</span> <span class='ocrx_word' id='word_1_52' title='bbox 428 1189 471 1234; x_wconf 86' lang='lat' dir='ltr'>a</span> <span class='ocrx_word' id='word_1_53' title='bbox 519 1157 740 1233; x_wconf 76' lang='lat' dir='ltr'>viris⁸</span> <span class='ocrx_word' id='word_1_54' title='bbox 789 1163 1309 1236; x_wconf 81' lang='lat' dir='ltr'>honestissimis</span> <span class='ocrx_word' id='word_1_55' title='bbox 1353 1188 1444 1237; x_wconf 80' lang='lat' dir='ltr'>ae</span> <span class='ocrx_word' id='word_1_56' title='bbox 1491 1162 1923 1261; x_wconf 72' lang='lat' dir='ltr'>plenissimis</span> <span class='ocrx_word' id='word_1_57' title='bbox 1969 1167 2367 1263; x_wconf 82' lang='lat' dir='ltr'>dignitatis,</span> 
     </span>
     <span class='ocr_line' id='line_1_9' title="bbox 238 1272 2368 1373; baseline 0.002 -29"><span class='ocrx_word' id='word_1_58' title='bbox 238 1298 466 1372; x_wconf 88' lang='lat' dir='ltr'>quam</span> <span class='ocrx_word' id='word_1_59' title='bbox 506 1272 676 1345; x_wconf 84' lang='lat' dir='ltr'>velit</span> <span class='ocrx_word' id='word_1_60' title='bbox 719 1274 810 1345; x_wconf 88' lang='lat' dir='ltr'>sit</span> <span class='ocrx_word' id='word_1_61' title='bbox 855 1289 1152 1371; x_wconf 78' lang='lat' dir='ltr'>potenS,</span> <span class='ocrx_word' id='word_1_62' title='bbox 1197 1298 1603 1371; x_wconf 86' lang='lat' dir='ltr'>numquam</span> <span class='ocrx_word' id='word_1_63' title='bbox 1644 1276 2183 1373; x_wconf 83' lang='lat' dir='ltr'>impetravisset.</span> <span class='ocrx_word' id='word_1_64' title='bbox 2231 1279 2368 1349; x_wconf 88' lang='lat' dir='ltr'>Sed</span> 
     </span>
     <span class='ocr_line' id='line_1_10' title="bbox 241 1381 2371 1482; baseline 0.001 -27"><span class='ocrx_word' id='word_1_65' title='bbox 241 1382 425 1480; x_wconf 88' lang='lat' dir='ltr'>quid</span> <span class='ocrx_word' id='word_1_66' title='bbox 451 1407 591 1479; x_wconf 88' lang='lat' dir='ltr'>ego</span> <span class='ocrx_word' id='word_1_67' title='bbox 617 1382 709 1453; x_wconf 91' lang='lat' dir='ltr'>de</span> <span class='ocrx_word' id='word_1_68' title='bbox 735 1381 1077 1479; x_wconf 82' lang='lat' dir='ltr'>dignitate</span> <span class='ocrx_word' id='word_1_69' title='bbox 1107 1387 1408 1455; x_wconf 92' lang='lat' dir='ltr'>istorum</span> <span class='ocrx_word' id='word_1_70' title='bbox 1438 1386 1729 1455; x_wconf 89' lang='lat' dir='ltr'>testium</span> <span class='ocrx_word' id='word_1_71' title='bbox 1746 1398 1778 1445; x_wconf 84' lang='grc'>9</span> <span class='ocrx_word' id='word_1_72' title='bbox 1816 1386 2118 1482; x_wconf 81' lang='lat' dir='ltr'>loquor?</span> <span class='ocrx_word' id='word_1_73' title='bbox 2144 1388 2371 1458; x_wconf 84' lang='lat' dir='ltr'>virtu-</span> 
     </span>
     <span class='ocr_line' id='line_1_11' title="bbox 240 1491 2368 1590; baseline 0 -26"><span class='ocrx_word' id='word_1_74' title='bbox 240 1508 394 1567; x_wconf 89' lang='lat' dir='ltr'>tem</span> <span class='ocrx_word' id='word_1_75' title='bbox 421 1516 677 1565; x_wconf 87' lang='lat' dir='ltr'>eorum</span> <span class='ocrx_word' id='word_1_76' title='bbox 707 1491 1291 1590; x_wconf 83' lang='lat' dir='ltr'>diligentiamque</span> <span class='ocrx_word' id='word_1_77' title='bbox 1322 1495 1754 1589; x_wconf 86' lang='lat' dir='ltr'>cognoscite.</span> <span class='ocrx_word' id='word_1_78' title='bbox 1778 1498 1863 1564; x_wconf 91' lang='lat' dir='ltr'>In</span> <span class='ocrx_word' id='word_1_79' title='bbox 1890 1492 2166 1567; x_wconf 83' lang='lat' dir='ltr'>balneis</span> <span class='ocrx_word' id='word_1_80' title='bbox 2191 1495 2368 1566; x_wconf 86' lang='lat' dir='ltr'>deli·</span> 
     </span>
     <span class='ocr_line' id='line_1_12' title="bbox 242 1600 2364 1701; baseline 0 -27"><span class='ocrx_word' id='word_1_81' title='bbox 242 1616 549 1674; x_wconf 90' lang='lat' dir='ltr'>tuerunt</span> <span class='ocrx_word' id='word_1_82' title='bbox 575 1629 592 1671; x_wconf 91' lang='lat'>:</span> <span class='ocrx_word' id='word_1_83' title='bbox 623 1615 842 1672; x_wconf 88' lang='lat' dir='ltr'>testes</span> <span class='ocrx_word' id='word_1_84' title='bbox 873 1600 1219 1698; x_wconf 85' lang='lat' dir='ltr'>egregios!</span> <span class='ocrx_word' id='word_1_85' title='bbox 1250 1601 1513 1675; x_wconf 91' lang='lat' dir='ltr'>deinde</span> <span class='ocrx_word' id='word_1_86' title='bbox 1545 1617 1814 1675; x_wconf 88' lang='lat' dir='ltr'>temere</span> <span class='ocrx_word' id='word_1_87' title='bbox 1838 1606 2364 1701; x_wconf 88' lang='lat' dir='ltr'>prosiluerunt:</span> 
     </span>
     <span class='ocr_line' id='line_1_13' title="bbox 242 1708 2361 1810; baseline 0 -26"><span class='ocrx_word' id='word_1_88' title='bbox 242 1712 577 1784; x_wconf 87' lang='lat' dir='ltr'>homines</span> <span class='ocrx_word' id='word_1_89' title='bbox 625 1712 947 1807; x_wconf 85' lang='lat' dir='ltr'>gravitati</span> <span class='ocrx_word' id='word_1_90' title='bbox 992 1708 1298 1781; x_wconf 82' lang='lat' dir='ltr'>deditos!</span> <span class='ocrx_word' id='word_1_91' title='bbox 1352 1713 1466 1783; x_wconf 86' lang='lat' dir='ltr'>Sic</span> <span class='ocrx_word' id='word_1_92' title='bbox 1516 1714 1706 1790; x_wconf 87' lang='lat' dir='ltr'>euim</span> <span class='ocrx_word' id='word_1_93' title='bbox 1762 1710 2081 1806; x_wconf 78' lang='lat' dir='ltr'>fingunt,</span> <span class='ocrx_word' id='word_1_94' title='bbox 2136 1739 2361 1810; x_wconf 89' lang='lat' dir='ltr'>quum</span> 
     </span>
     <span class='ocr_line' id='line_1_14' title="bbox 242 1820 2368 1918; baseline 0.001 -26"><span class='ocrx_word' id='word_1_95' title='bbox 242 1823 564 1895; x_wconf 86' lang='lat' dir='ltr'>Licinius</span> <span class='ocrx_word' id='word_1_96' title='bbox 591 1822 942 1906; x_wconf 88' lang='lat' dir='ltr'>venisset,</span> <span class='ocrx_word' id='word_1_97' title='bbox 980 1820 1311 1918; x_wconf 81' lang='lat' dir='ltr'>pyxidem</span> <span class='ocrx_word' id='word_1_98' title='bbox 1352 1835 1628 1895; x_wconf 86' lang='lat' dir='ltr'>teneret</span> <span class='ocrx_word' id='word_1_99' title='bbox 1674 1825 1746 1895; x_wconf 90' lang='lat' dir='ltr'>in</span> <span class='ocrx_word' id='word_1_100' title='bbox 1792 1845 2044 1911; x_wconf 89' lang='lat' dir='ltr'>manu,</span> <span class='ocrx_word' id='word_1_101' title='bbox 2075 1848 2368 1895; x_wconf 88' lang='lat' dir='ltr'>conare-</span> 
     </span>
     <span class='ocr_line' id='line_1_15' title="bbox 245 1928 2363 2027; baseline 0.002 -26"><span class='ocrx_word' id='word_1_102' title='bbox 245 1947 365 2002; x_wconf 90' lang='lat' dir='ltr'>tur</span> <span class='ocrx_word' id='word_1_103' title='bbox 390 1929 710 2015; x_wconf 87' lang='lat' dir='ltr'>tradere,</span> <span class='ocrx_word' id='word_1_104' title='bbox 739 1928 1066 2000; x_wconf 91' lang='lat' dir='ltr'>uondum</span> <span class='ocrx_word' id='word_1_105' title='bbox 1091 1929 1528 2017; x_wconf 83' lang='lat' dir='ltr'>tradidisset,</span> <span class='ocrx_word' id='word_1_106' title='bbox 1551 1945 1707 2000; x_wconf 90' lang='lat' dir='ltr'>tum</span> <span class='ocrx_word' id='word_1_107' title='bbox 1729 1946 2028 2027; x_wconf 90' lang='lat' dir='ltr'>repente</span> <span class='ocrx_word' id='word_1_108' title='bbox 2051 1933 2363 2005; x_wconf 86' lang='lat' dir='ltr'>evolasse</span> 
     </span>
     <span class='ocr_line' id='line_1_16' title="bbox 246 2039 2372 2137; baseline 0.002 -27"><span class='ocrx_word' id='word_1_109' title='bbox 246 2043 421 2113; x_wconf 87' lang='lat' dir='ltr'>istos</span> <span class='ocrx_word' id='word_1_110' title='bbox 459 2039 842 2137; x_wconf 82' lang='lat' dir='ltr'>praeclaros</span> <span class='ocrx_word' id='word_1_111' title='bbox 885 2054 1096 2110; x_wconf 88' lang='lat' dir='ltr'>testes</span> <span class='ocrx_word' id='word_1_112' title='bbox 1139 2041 1291 2110; x_wconf 90' lang='lat' dir='ltr'>sine</span> <span class='ocrx_word' id='word_1_113' title='bbox 1330 2042 1666 2126; x_wconf 87' lang='lat' dir='ltr'>nomine;</span> <span class='ocrx_word' id='word_1_114' title='bbox 1704 2040 2051 2110; x_wconf 86' lang='lat' dir='ltr'>Licinium</span> <span class='ocrx_word' id='word_1_115' title='bbox 2087 2057 2322 2114; x_wconf 89' lang='lat' dir='ltr'>autem</span> <span class='ocrx_word' id='word_1_116' title='bbox 2353 2101 2372 2131; x_wconf 92' lang='lat'>,</span> 
     </span>
     <span class='ocr_line' id='line_1_17' title="bbox 247 2148 2370 2248; baseline 0.001 -28"><span class='ocrx_word' id='word_1_117' title='bbox 247 2175 474 2248; x_wconf 89' lang='lat' dir='ltr'>quum</span> <span class='ocrx_word' id='word_1_118' title='bbox 497 2150 647 2244; x_wconf 90' lang='lat' dir='ltr'>jam</span> <span class='ocrx_word' id='word_1_119' title='bbox 674 2172 968 2218; x_wconf 90' lang='lat' dir='ltr'>manum</span> <span class='ocrx_word' id='word_1_120' title='bbox 997 2148 1085 2219; x_wconf 91' lang='lat' dir='ltr'>ad</span> <span class='ocrx_word' id='word_1_121' title='bbox 1117 2148 1546 2220; x_wconf 87' lang='lat' dir='ltr'>tradendum</span> <span class='ocrx_word' id='word_1_122' title='bbox 1566 2159 1626 2191; x_wconf 86' lang='lat'>¹⁰</span> <span class='ocrx_word' id='word_1_123' title='bbox 1653 2148 1990 2245; x_wconf 85' lang='lat' dir='ltr'>pyxidem</span> <span class='ocrx_word' id='word_1_124' title='bbox 2022 2156 2370 2245; x_wconf 84' lang='lat' dir='ltr'>porrexis-</span> 
     </span>
     <span class='ocr_line' id='line_1_18' title="bbox 254 2257 2371 2359; baseline 0.001 -29"><span class='ocrx_word' id='word_1_125' title='bbox 254 2276 392 2345; x_wconf 85' lang='lat' dir='ltr'>set,</span> <span class='ocrx_word' id='word_1_126' title='bbox 423 2260 800 2331; x_wconf 82' lang='lat' dir='ltr'>retraxisse</span> <span class='ocrx_word' id='word_1_127' title='bbox 824 2312 844 2345; x_wconf 92' lang='lat'>‚</span> <span class='ocrx_word' id='word_1_128' title='bbox 879 2273 1097 2355; x_wconf 90' lang='lat' dir='ltr'>atque</span> <span class='ocrx_word' id='word_1_129' title='bbox 1124 2259 1248 2330; x_wconf 90' lang='lat' dir='ltr'>illo</span> <span class='ocrx_word' id='word_1_130' title='bbox 1278 2260 1664 2355; x_wconf 87' lang='lat' dir='ltr'>repentino</span> <span class='ocrx_word' id='word_1_131' title='bbox 1692 2257 2067 2328; x_wconf 87' lang='lat' dir='ltr'>hominum</span> <span class='ocrx_word' id='word_1_132' title='bbox 2098 2261 2371 2359; x_wconf 90' lang='lat' dir='ltr'>impetu</span> 
     </span>
    </p>
   </div>
   <div class='ocr_carea' id='block_1_3' title="bbox 257 2371 2370 2585">
    <p class='ocr_par' dir='ltr' id='par_1_3' title="bbox 257 2371 2370 2585">
     <span class='ocr_line' id='line_1_19' title="bbox 259 2371 2370 2471; baseline 0 -27"><span class='ocrx_word' id='word_1_133' title='bbox 259 2399 339 2445; x_wconf 92' lang='lat' dir='ltr'>se</span> <span class='ocrx_word' id='word_1_134' title='bbox 375 2375 447 2444; x_wconf 90' lang='lat' dir='ltr'>iu</span> <span class='ocrx_word' id='word_1_135' title='bbox 491 2371 736 2470; x_wconf 86' lang='lat' dir='ltr'>fugam</span> <span class='ocrx_word' id='word_1_136' title='bbox 776 2371 1184 2466; x_wconf 86' lang='lat' dir='ltr'>conjecisse.</span> <span class='ocrx_word' id='word_1_137' title='bbox 1225 2377 1288 2444; x_wconf 94' lang='lat' dir='ltr'><strong>O</strong></span> <span class='ocrx_word' id='word_1_138' title='bbox 1327 2395 1583 2467; x_wconf 87' lang='lat' dir='ltr'>magna</span> <span class='ocrx_word' id='word_1_139' title='bbox 1620 2372 1724 2443; x_wconf 88' lang='lat' dir='ltr'>vis</span> <span class='ocrx_word' id='word_1_140' title='bbox 1763 2373 2073 2443; x_wconf 82' lang='lat' dir='ltr'>veritatis</span> <span class='ocrx_word' id='word_1_141' title='bbox 2097 2386 2183 2462; x_wconf 90' lang='lat'>¹¹,</span> <span class='ocrx_word' id='word_1_142' title='bbox 2211 2400 2370 2471; x_wconf 80' lang='lat' dir='ltr'>quae</span> 
     </span>
     <span class='ocr_line' id='line_1_20' title="bbox 257 2485 2369 2585; baseline 0 -26"><span class='ocrx_word' id='word_1_143' title='bbox 257 2502 504 2572; x_wconf 86' lang='lat' dir='ltr'>contra</span> <span class='ocrx_word' id='word_1_144' title='bbox 525 2487 909 2558; x_wconf 89' lang='lat' dir='ltr'>hominum</span> <span class='ocrx_word' id='word_1_145' title='bbox 929 2487 1249 2585; x_wconf 83' lang='lat' dir='ltr'>ingenia,</span> <span class='ocrx_word' id='word_1_146' title='bbox 1275 2485 1725 2558; x_wconf 86' lang='lat' dir='ltr'>calliditatem</span> <span class='ocrx_word' id='word_1_147' title='bbox 1741 2540 1762 2575; x_wconf 92' lang='lat'>,</span> <span class='ocrx_word' id='word_1_148' title='bbox 1781 2485 2139 2558; x_wconf 87' lang='lat' dir='ltr'>solertiam</span> <span class='ocrx_word' id='word_1_149' title='bbox 2155 2542 2176 2577; x_wconf 93' lang='lat'>,</span> <span class='ocrx_word' id='word_1_150' title='bbox 2201 2514 2369 2559; x_wconf 88' lang='lat' dir='ltr'>con-</span> 
     </span>
    </p>
   </div>
   <div class='ocr_carea' id='block_1_4' title="bbox 226 2679 1271 4159">
    <p class='ocr_par' dir='ltr' id='par_1_4' title="bbox 237 2679 1268 3300">
     <span class='ocr_line' id='line_1_21' title="bbox 327 2679 1266 2732; baseline -0.003 0"><span class='ocrx_word' id='word_1_151' title='bbox 327 2685 369 2732; x_wconf 82' lang='lat'>5.</span> <span class='ocrx_word' id='word_1_152' title='bbox 400 2682 561 2731; x_wconf 71' lang='lat' dir='ltr'>Nulli.</span> <span class='ocrx_word' id='word_1_153' title='bbox 581 2717 598 2731; x_wconf 89' lang='lat'><strong>.</strong></span> <span class='ocrx_word' id='word_1_154' title='bbox 619 2717 633 2730; x_wconf 88' lang='lat'><strong>.</strong></span> <span class='ocrx_word' id='word_1_155' title='bbox 662 2692 775 2729; x_wconf 80' lang='lat' dir='ltr'>mat</span> <span class='ocrx_word' id='word_1_156' title='bbox 801 2679 967 2728; x_wconf 71' lang='lat' dir='ltr'>adhue</span> <span class='ocrx_word' id='word_1_157' title='bbox 1005 2679 1266 2729; x_wconf 74' lang='lat' dir='ltr'>nominati.</span> 
     </span>
     <span class='ocr_line' id='line_1_22' title="bbox 248 2759 1266 2817; baseline -0.004 -7"><span class='ocrx_word' id='word_1_158' title='bbox 248 2764 568 2810; x_wconf 72' lang='lat' dir='ltr'>Accusatores</span> <span class='ocrx_word' id='word_1_159' title='bbox 593 2760 841 2817; x_wconf 72' lang='lat' dir='ltr'>dixerant,</span> <span class='ocrx_word' id='word_1_160' title='bbox 861 2769 1006 2807; x_wconf 85' lang='lat' dir='ltr'>testes</span> <span class='ocrx_word' id='word_1_161' title='bbox 1022 2775 1072 2807; x_wconf 85' lang='lat' dir='ltr'>se</span> <span class='ocrx_word' id='word_1_162' title='bbox 1092 2759 1266 2807; x_wconf 81' lang='lat' dir='ltr'>habere</span> 
     </span>
     <span class='ocr_line' id='line_1_23' title="bbox 246 2838 1267 2905; baseline -0.004 -16"><span class='ocrx_word' id='word_1_163' title='bbox 246 2842 332 2905; x_wconf 81' lang='lat' dir='ltr'>qui</span> <span class='ocrx_word' id='word_1_164' title='bbox 363 2842 609 2888; x_wconf 83' lang='lat' dir='ltr'>Licinium</span> <span class='ocrx_word' id='word_1_165' title='bbox 636 2838 897 2900; x_wconf 82' lang='lat' dir='ltr'>vidissent,</span> <span class='ocrx_word' id='word_1_166' title='bbox 935 2854 1085 2902; x_wconf 86' lang='lat' dir='ltr'>quum</span> <span class='ocrx_word' id='word_1_167' title='bbox 1123 2853 1267 2885; x_wconf 83' lang='lat' dir='ltr'>vene-</span> 
     </span>
     <span class='ocr_line' id='line_1_24' title="bbox 242 2916 1264 2975; baseline -0.003 -9"><span class='ocrx_word' id='word_1_168' title='bbox 242 2935 363 2966; x_wconf 79' lang='lat' dir='ltr'>num</span> <span class='ocrx_word' id='word_1_169' title='bbox 400 2918 592 2968; x_wconf 71' lang='lat' dir='ltr'>Clodia</span> <span class='ocrx_word' id='word_1_170' title='bbox 631 2918 780 2964; x_wconf 78' lang='lat' dir='ltr'>servis</span> <span class='ocrx_word' id='word_1_171' title='bbox 818 2928 940 2964; x_wconf 83' lang='lat' dir='ltr'>esset</span> <span class='ocrx_word' id='word_1_172' title='bbox 974 2916 1264 2975; x_wconf 82' lang='lat' dir='ltr'>traditurus3</span> 
     </span>
     <span class='ocr_line' id='line_1_25' title="bbox 242 2995 1266 3062; baseline -0.002 -17"><span class='ocrx_word' id='word_1_173' title='bbox 242 3014 335 3045; x_wconf 76' lang='lat' dir='ltr'>eos</span> <span class='ocrx_word' id='word_1_174' title='bbox 353 2999 507 3062; x_wconf 79' lang='lat' dir='ltr'>igitur</span> <span class='ocrx_word' id='word_1_175' title='bbox 525 2996 693 3044; x_wconf 81' lang='lat' dir='ltr'>irridet</span> <span class='ocrx_word' id='word_1_176' title='bbox 708 2996 896 3044; x_wconf 84' lang='lat' dir='ltr'>Tullius</span> <span class='ocrx_word' id='word_1_177' title='bbox 916 3029 933 3054; x_wconf 89' lang='lat'>,</span> <span class='ocrx_word' id='word_1_178' title='bbox 959 2995 1096 3059; x_wconf 84' lang='lat' dir='ltr'>quod</span> <span class='ocrx_word' id='word_1_179' title='bbox 1117 2997 1266 3044; x_wconf 84' lang='lat' dir='ltr'>nemi·</span> 
     </span>
     <span class='ocr_line' id='line_1_26' title="bbox 238 3075 1265 3138; baseline -0.001 -14"><span class='ocrx_word' id='word_1_180' title='bbox 238 3093 360 3124; x_wconf 81' lang='lat' dir='ltr'>nem</span> <span class='ocrx_word' id='word_1_181' title='bbox 386 3076 622 3122; x_wconf 78' lang='lat' dir='ltr'>hactenus</span> <span class='ocrx_word' id='word_1_182' title='bbox 643 3075 967 3134; x_wconf 82' lang='lat' dir='ltr'>nominariut;</span> <span class='ocrx_word' id='word_1_183' title='bbox 994 3075 1128 3137; x_wconf 88' lang='lat' dir='ltr'>quod</span> <span class='ocrx_word' id='word_1_184' title='bbox 1151 3092 1265 3138; x_wconf 86' lang='lat' dir='ltr'>pro·</span> 
     </span>
     <span class='ocr_line' id='line_1_27' title="bbox 238 3155 1268 3219; baseline -0.003 -14"><span class='ocrx_word' id='word_1_185' title='bbox 238 3159 381 3205; x_wconf 77' lang='lat' dir='ltr'>fecto</span> <span class='ocrx_word' id='word_1_186' title='bbox 428 3156 652 3204; x_wconf 79' lang='lat' dir='ltr'>fecissent</span> <span class='ocrx_word' id='word_1_187' title='bbox 667 3191 683 3215; x_wconf 92' lang='lat'>,</span> <span class='ocrx_word' id='word_1_188' title='bbox 725 3157 769 3204; x_wconf 86' lang='lat' dir='ltr'>si</span> <span class='ocrx_word' id='word_1_189' title='bbox 815 3166 958 3204; x_wconf 84' lang='lat' dir='ltr'>testes</span> <span class='ocrx_word' id='word_1_190' title='bbox 1000 3155 1268 3219; x_wconf 85' lang='lat' dir='ltr'>producere</span> 
     </span>
     <span class='ocr_line' id='line_1_28' title="bbox 237 3237 545 3300; baseline -0.01 -15"><span class='ocrx_word' id='word_1_191' title='bbox 237 3237 545 3300; x_wconf 77' lang='lat' dir='ltr'>potuissent.</span> 
     </span>
    </p>

    <p class='ocr_par' dir='ltr' id='par_1_5' title="bbox 237 3311 1268 3846">
     <span class='ocr_line' id='line_1_29' title="bbox 312 3311 1267 3373; baseline -0.004 -11"><span class='ocrx_word' id='word_1_192' title='bbox 312 3317 369 3363; x_wconf 85' lang='lat'>6.</span> <span class='ocrx_word' id='word_1_193' title='bbox 411 3312 515 3360; x_wconf 77' lang='lat' dir='ltr'>Sed</span> <span class='ocrx_word' id='word_1_194' title='bbox 533 3329 636 3360; x_wconf 80' lang='lat' dir='ltr'>aon</span> <span class='ocrx_word' id='word_1_195' title='bbox 664 3311 848 3359; x_wconf 79' lang='lat' dir='ltr'>dubito.</span> <span class='ocrx_word' id='word_1_196' title='bbox 889 3312 1083 3359; x_wconf 85' lang='lat' dir='ltr'>Ironice</span> <span class='ocrx_word' id='word_1_197' title='bbox 1112 3313 1267 3373; x_wconf 82' lang='lat' dir='ltr'>carpit</span> 
     </span>
     <span class='ocr_line' id='line_1_30' title="bbox 237 3387 1268 3450; baseline -0.005 -10"><span class='ocrx_word' id='word_1_198' title='bbox 237 3408 414 3440; x_wconf 78' lang='lat' dir='ltr'>eorum</span> <span class='ocrx_word' id='word_1_199' title='bbox 448 3392 646 3440; x_wconf 78' lang='lat' dir='ltr'>testium</span> <span class='ocrx_word' id='word_1_200' title='bbox 676 3388 919 3438; x_wconf 81' lang='lat' dir='ltr'>levitatem</span> <span class='ocrx_word' id='word_1_201' title='bbox 940 3423 955 3447; x_wconf 91' lang='lat'>,</span> <span class='ocrx_word' id='word_1_202' title='bbox 997 3399 1099 3436; x_wconf 87' lang='lat' dir='ltr'>tum</span> <span class='ocrx_word' id='word_1_203' title='bbox 1133 3387 1268 3450; x_wconf 87' lang='lat' dir='ltr'>quod</span> 
     </span>
     <span class='ocr_line' id='line_1_31' title="bbox 237 3466 1264 3532; baseline -0.007 -13"><span class='ocrx_word' id='word_1_204' title='bbox 237 3483 403 3519; x_wconf 61' lang='lat' dir='ltr'>ment</span> <span class='ocrx_word' id='word_1_205' title='bbox 439 3468 704 3532; x_wconf 78' lang='lat' dir='ltr'>impudieoe</span> <span class='ocrx_word' id='word_1_206' title='bbox 749 3468 939 3515; x_wconf 68' lang='lat' dir='ltr'>femina</span> <span class='ocrx_word' id='word_1_207' title='bbox 978 3466 1230 3514; x_wconf 73' lang='lat' dir='ltr'>familiares</span> <span class='ocrx_word' id='word_1_208' title='bbox 1248 3501 1264 3527; x_wconf 87' lang='lat'>,</span> 
     </span>
     <span class='ocr_line' id='line_1_32' title="bbox 240 3543 1268 3612; baseline -0.007 -15"><span class='ocrx_word' id='word_1_209' title='bbox 240 3561 349 3597; x_wconf 79' lang='lat' dir='ltr'>tum</span> <span class='ocrx_word' id='word_1_210' title='bbox 376 3547 590 3612; x_wconf 84' lang='lat' dir='ltr'>quodid</span> <span class='ocrx_word' id='word_1_211' title='bbox 609 3561 785 3594; x_wconf 86' lang='lat' dir='ltr'>munus</span> <span class='ocrx_word' id='word_1_212' title='bbox 806 3557 857 3593; x_wconf 82' lang='lat' dir='ltr'>et</span> <span class='ocrx_word' id='word_1_213' title='bbox 878 3543 1094 3592; x_wconf 79' lang='lat' dir='ltr'>officium</span> <span class='ocrx_word' id='word_1_214' title='bbox 1114 3560 1268 3591; x_wconf 81' lang='lat' dir='ltr'>susee-</span> 
     </span>
     <span class='ocr_line' id='line_1_33' title="bbox 239 3622 1267 3692; baseline -0.006 -17"><span class='ocrx_word' id='word_1_215' title='bbox 239 3629 458 3692; x_wconf 61' lang='grc' dir='ltr'>μίακαὶ,</span> <span class='ocrx_word' id='word_1_216' title='bbox 477 3635 536 3673; x_wconf 85' lang='lat' dir='ltr'>ut</span> <span class='ocrx_word' id='word_1_217' title='bbox 563 3627 687 3672; x_wconf 84' lang='lat' dir='ltr'>sein</span> <span class='ocrx_word' id='word_1_218' title='bbox 719 3624 912 3671; x_wconf 80' lang='lat' dir='ltr'>balneas</span> <span class='ocrx_word' id='word_1_219' title='bbox 934 3622 1267 3680; x_wconf 81' lang='lat' dir='ltr'>obtrusissent,</span> 
     </span>
     <span class='ocr_line' id='line_1_34' title="bbox 240 3701 1268 3767; baseline -0.004 -14"><span class='ocrx_word' id='word_1_220' title='bbox 240 3704 386 3767; x_wconf 82' lang='lat' dir='ltr'>quod</span> <span class='ocrx_word' id='word_1_221' title='bbox 427 3703 578 3751; x_wconf 88' lang='lat' dir='ltr'>bouis</span> <span class='ocrx_word' id='word_1_222' title='bbox 618 3702 734 3750; x_wconf 80' lang='lat' dir='ltr'>viris</span> <span class='ocrx_word' id='word_1_223' title='bbox 769 3713 820 3751; x_wconf 83' lang='lat' dir='ltr'>et</span> <span class='ocrx_word' id='word_1_224' title='bbox 863 3701 1088 3765; x_wconf 80' lang='lat' dir='ltr'>gravibus</span> <span class='ocrx_word' id='word_1_225' title='bbox 1124 3701 1268 3765; x_wconf 81' lang='lat' dir='ltr'>plane</span> 
     </span>
     <span class='ocr_line' id='line_1_35' title="bbox 239 3783 625 3846; baseline -0.005 -15"><span class='ocrx_word' id='word_1_226' title='bbox 239 3783 505 3846; x_wconf 76' lang='lat' dir='ltr'>iudignum</span> <span class='ocrx_word' id='word_1_227' title='bbox 532 3793 625 3830; x_wconf 81' lang='lat' dir='ltr'>est.</span> 
     </span>
    </p>

    <p class='ocr_par' dir='ltr' id='par_1_6' title="bbox 226 3856 1271 4159">
     <span class='ocr_line' id='line_1_36' title="bbox 316 3856 1270 3925; baseline -0.002 -17"><span class='ocrx_word' id='word_1_228' title='bbox 316 3878 370 3922; x_wconf 72' lang='lat'>7.</span> <span class='ocrx_word' id='word_1_229' title='bbox 405 3861 540 3908; x_wconf 78' lang='lat' dir='ltr'>Talis</span> <span class='ocrx_word' id='word_1_230' title='bbox 548 3858 757 3925; x_wconf 72' lang='lat' dir='ltr'>femina</span> <span class='ocrx_word' id='word_1_231' title='bbox 766 3856 1064 3922; x_wconf 75' lang='lat' dir='ltr'>familiam.</span> <span class='ocrx_word' id='word_1_232' title='bbox 1088 3857 1270 3906; x_wconf 73' lang='lat' dir='ltr'>AEschi·</span> 
     </span>
     <span class='ocr_line' id='line_1_37' title="bbox 236 3937 1268 3988; baseline -0.005 -1"><span class='ocrx_word' id='word_1_233' title='bbox 236 3957 328 3987; x_wconf 79' lang='lat' dir='ltr'>nes</span> <span class='ocrx_word' id='word_1_234' title='bbox 357 3940 417 3986; x_wconf 84' lang='lat' dir='ltr'>in</span> <span class='ocrx_word' id='word_1_235' title='bbox 444 3955 529 3986; x_wconf 80' lang='lat' dir='ltr'>sua</span> <span class='ocrx_word' id='word_1_236' title='bbox 557 3937 864 3986; x_wconf 81' lang='lat' dir='ltr'>accusatione</span> <span class='ocrx_word' id='word_1_237' title='bbox 890 3948 1057 3985; x_wconf 83' lang='lat' dir='ltr'>eontra</span> <span class='ocrx_word' id='word_1_238' title='bbox 1083 3938 1268 3988; x_wconf 71' lang='lat' dir='ltr'>&#39;timar-</span> 
     </span>
     <span class='ocr_line' id='line_1_38' title="bbox 232 4014 1271 4080; baseline -0.005 -13"><span class='ocrx_word' id='word_1_239' title='bbox 232 4020 398 4067; x_wconf 75' lang='lat' dir='ltr'>chum</span> <span class='ocrx_word' id='word_1_240' title='bbox 417 4030 472 4064; x_wconf 71' lang='grc' dir='ltr'>τοι</span> <span class='ocrx_word' id='word_1_241' title='bbox 485 4017 534 4063; x_wconf 82' lang='lat' dir='ltr'>si</span> <span class='ocrx_word' id='word_1_242' title='bbox 553 4033 699 4080; x_wconf 81' lang='lat' dir='ltr'>quem</span> <span class='ocrx_word' id='word_1_243' title='bbox 718 4016 953 4064; x_wconf 81' lang='lat' dir='ltr'>malorum</span> <span class='ocrx_word' id='word_1_244' title='bbox 969 4014 1271 4064; x_wconf 77' lang='lat' dir='ltr'>consuetudo</span> 
     </span>
     <span class='ocr_line' id='line_1_39' title="bbox 226 4094 1271 4159; baseline -0.002 -15"><span class='ocrx_word' id='word_1_245' title='bbox 226 4100 419 4159; x_wconf 78' lang='lat' dir='ltr'>juvat,</span> <span class='ocrx_word' id='word_1_246' title='bbox 452 4109 718 4158; x_wconf 79' lang='lat' dir='ltr'>uunquam</span> <span class='ocrx_word' id='word_1_247' title='bbox 746 4094 935 4159; x_wconf 72' lang='lat' dir='ltr'>negavit</span> <span class='ocrx_word' id='word_1_248' title='bbox 968 4094 1173 4159; x_wconf 83' lang='lat' dir='ltr'>qualiter</span> <span class='ocrx_word' id='word_1_249' title='bbox 1198 4094 1271 4142; x_wconf 80' lang='lat' dir='ltr'>vi-</span> 
     </span>
    </p>
   </div>
   <div class='ocr_carea' id='block_1_5' title="bbox 1350 2680 2379 4143">
    <p class='ocr_par' dir='ltr' id='par_1_7' title="bbox 1352 2680 2370 2807">
     <span class='ocr_line' id='line_1_40' title="bbox 1353 2680 2370 2744; baseline 0.004 -17"><span class='ocrx_word' id='word_1_250' title='bbox 1353 2691 1461 2737; x_wconf 84' lang='lat' dir='ltr'>vat,</span> <span class='ocrx_word' id='word_1_251' title='bbox 1481 2681 1637 2728; x_wconf 87' lang='lat' dir='ltr'>sciens</span> <span class='ocrx_word' id='word_1_252' title='bbox 1664 2680 1809 2728; x_wconf 85' lang='lat' dir='ltr'>talem</span> <span class='ocrx_word' id='word_1_253' title='bbox 1832 2680 2111 2743; x_wconf 84' lang='lat' dir='ltr'>esse,qualis</span> <span class='ocrx_word' id='word_1_254' title='bbox 2133 2696 2249 2744; x_wconf 77' lang='lat' dir='ltr'>grex</span> <span class='ocrx_word' id='word_1_255' title='bbox 2275 2683 2370 2732; x_wconf 80' lang='lat' dir='ltr'>erit</span> 
     </span>
     <span class='ocr_line' id='line_1_41' title="bbox 1352 2757 1649 2807; baseline 0.007 -2"><span class='ocrx_word' id='word_1_256' title='bbox 1352 2757 1589 2805; x_wconf 76' lang='lat' dir='ltr'>sodalium</span> <span class='ocrx_word' id='word_1_257' title='bbox 1609 2779 1649 2807; x_wconf 64' lang='lat' dir='ltr'>a.</span> 
     </span>
    </p>

    <p class='ocr_par' dir='ltr' id='par_1_8' title="bbox 1350 2834 2371 3056">
     <span class='ocr_line' id='line_1_42' title="bbox 1424 2834 2367 2886; baseline 0.002 -2"><span class='ocrx_word' id='word_1_258' title='bbox 1424 2839 1477 2885; x_wconf 81' lang='lat'>8.</span> <span class='ocrx_word' id='word_1_259' title='bbox 1521 2835 1631 2884; x_wconf 76' lang='lat' dir='ltr'>Nisi</span> <span class='ocrx_word' id='word_1_260' title='bbox 1661 2852 1699 2884; x_wconf 85' lang='lat' dir='ltr'>a</span> <span class='ocrx_word' id='word_1_261' title='bbox 1731 2834 1873 2885; x_wconf 76' lang='lat' dir='ltr'>viris.</span> <span class='ocrx_word' id='word_1_262' title='bbox 1921 2837 2170 2885; x_wconf 76' lang='lat' dir='ltr'>Manutius</span> <span class='ocrx_word' id='word_1_263' title='bbox 2204 2849 2367 2886; x_wconf 87' lang='lat' dir='ltr'>censet</span> 
     </span>
     <span class='ocr_line' id='line_1_43' title="bbox 1350 2913 2371 2975; baseline 0.005 -16"><span class='ocrx_word' id='word_1_264' title='bbox 1350 2930 1521 2962; x_wconf 81' lang='lat' dir='ltr'>vocem</span> <span class='ocrx_word' id='word_1_265' title='bbox 1555 2913 1651 2962; x_wconf 78' lang='lat' dir='ltr'>m&#39;si</span> <span class='ocrx_word' id='word_1_266' title='bbox 1682 2913 1966 2975; x_wconf 86' lang='lat' dir='ltr'>delendum;</span> <span class='ocrx_word' id='word_1_267' title='bbox 1991 2915 2075 2963; x_wconf 86' lang='lat' dir='ltr'>sed</span> <span class='ocrx_word' id='word_1_268' title='bbox 2098 2917 2282 2963; x_wconf 80' lang='lat' dir='ltr'>ironice</span> <span class='ocrx_word' id='word_1_269' title='bbox 2304 2917 2371 2964; x_wconf 89' lang='lat' dir='ltr'>lo-</span> 
     </span>
     <span class='ocr_line' id='line_1_44' title="bbox 1351 2994 1726 3056; baseline 0.003 -16"><span class='ocrx_word' id='word_1_270' title='bbox 1351 2995 1517 3056; x_wconf 89' lang='lat' dir='ltr'>quitur</span> <span class='ocrx_word' id='word_1_271' title='bbox 1538 2994 1726 3042; x_wconf 80' lang='lat' dir='ltr'>Cicero.</span> 
     </span>
    </p>

    <p class='ocr_par' dir='ltr' id='par_1_9' title="bbox 1351 3070 2370 3752">
     <span class='ocr_line' id='line_1_45' title="bbox 1423 3070 2368 3135; baseline 0.003 -15"><span class='ocrx_word' id='word_1_272' title='bbox 1423 3087 1478 3134; x_wconf 82' lang='lat'>9.</span> <span class='ocrx_word' id='word_1_273' title='bbox 1529 3073 1600 3117; x_wconf 88' lang='lat' dir='ltr'>De</span> <span class='ocrx_word' id='word_1_274' title='bbox 1637 3071 1882 3135; x_wconf 72' lang='lat' dir='ltr'>dignitate</span> <span class='ocrx_word' id='word_1_275' title='bbox 1925 3070 2121 3119; x_wconf 69' lang='lat' dir='ltr'>istorum</span> <span class='ocrx_word' id='word_1_276' title='bbox 2166 3073 2368 3124; x_wconf 73' lang='lat' dir='ltr'>testium.</span> 
     </span>
     <span class='ocr_line' id='line_1_46' title="bbox 1352 3149 2370 3216; baseline 0.001 -17"><span class='ocrx_word' id='word_1_277' title='bbox 1352 3151 1468 3199; x_wconf 84' lang='lat' dir='ltr'>Non</span> <span class='ocrx_word' id='word_1_278' title='bbox 1493 3149 1649 3196; x_wconf 90' lang='lat' dir='ltr'>solum</span> <span class='ocrx_word' id='word_1_279' title='bbox 1678 3165 1703 3195; x_wconf 94' lang='lat' dir='ltr'>a</span> <span class='ocrx_word' id='word_1_280' title='bbox 1731 3149 1993 3212; x_wconf 78' lang='lat' dir='ltr'>dignitate,</span> <span class='ocrx_word' id='word_1_281' title='bbox 2020 3150 2071 3197; x_wconf 90' lang='lat' dir='ltr'>id</span> <span class='ocrx_word' id='word_1_282' title='bbox 2096 3161 2197 3208; x_wconf 89' lang='lat' dir='ltr'>est,</span> <span class='ocrx_word' id='word_1_283' title='bbox 2224 3169 2370 3216; x_wconf 70' lang='lat' dir='ltr'>gene·</span> 
     </span>
     <span class='ocr_line' id='line_1_47' title="bbox 1354 3227 2368 3305; baseline 0.005 -30"><span class='ocrx_word' id='word_1_284' title='bbox 1354 3229 1449 3287; x_wconf 88' lang='lat' dir='ltr'>ris,</span> <span class='ocrx_word' id='word_1_285' title='bbox 1473 3244 1724 3275; x_wconf 82' lang='lat' dir='ltr'>munerum</span> <span class='ocrx_word' id='word_1_286' title='bbox 1738 3262 1753 3285; x_wconf 98' lang='lat'>,</span> <span class='ocrx_word' id='word_1_287' title='bbox 1782 3227 2055 3277; x_wconf 82' lang='lat' dir='ltr'>officiorum</span> <span class='ocrx_word' id='word_1_288' title='bbox 2076 3230 2189 3305; x_wconf 58' lang='lat' dir='ltr'>vigae</span> <span class='ocrx_word' id='word_1_289' title='bbox 2209 3232 2368 3296; x_wconf 84' lang='lat' dir='ltr'>splen·</span> 
     </span>
     <span class='ocr_line' id='line_1_48' title="bbox 1356 3305 2367 3368; baseline 0.005 -14"><span class='ocrx_word' id='word_1_290' title='bbox 1356 3307 1476 3355; x_wconf 84' lang='lat' dir='ltr'>dore</span> <span class='ocrx_word' id='word_1_291' title='bbox 1518 3305 1641 3354; x_wconf 83' lang='lat' dir='ltr'>fides</span> <span class='ocrx_word' id='word_1_292' title='bbox 1688 3306 1890 3355; x_wconf 85' lang='lat' dir='ltr'>testibus</span> <span class='ocrx_word' id='word_1_293' title='bbox 1936 3308 2237 3368; x_wconf 78' lang='lat' dir='ltr'>conciliatur,</span> <span class='ocrx_word' id='word_1_294' title='bbox 2282 3313 2367 3359; x_wconf 89' lang='lat' dir='ltr'>sed</span> 
     </span>
     <span class='ocr_line' id='line_1_49' title="bbox 1356 3386 2370 3450; baseline 0.007 -17"><span class='ocrx_word' id='word_1_295' title='bbox 1356 3387 1497 3433; x_wconf 83' lang='lat' dir='ltr'>etiam</span> <span class='ocrx_word' id='word_1_296' title='bbox 1521 3401 1709 3434; x_wconf 84' lang='lat' dir='ltr'>morum</span> <span class='ocrx_word' id='word_1_297' title='bbox 1731 3386 2002 3449; x_wconf 77' lang='lat' dir='ltr'>integritate</span> <span class='ocrx_word' id='word_1_298' title='bbox 2020 3397 2068 3434; x_wconf 84' lang='lat' dir='ltr'>et</span> <span class='ocrx_word' id='word_1_299' title='bbox 2093 3391 2370 3450; x_wconf 70' lang='lat' dir='ltr'>sanctitate,</span> 
     </span>
     <span class='ocr_line' id='line_1_50' title="bbox 1355 3463 2367 3528; baseline 0.005 -16"><span class='ocrx_word' id='word_1_300' title='bbox 1355 3480 1465 3528; x_wconf 61' lang='lat' dir='ltr'>qua</span> <span class='ocrx_word' id='word_1_301' title='bbox 1501 3463 1658 3512; x_wconf 84' lang='lat' dir='ltr'>multo</span> <span class='ocrx_word' id='word_1_302' title='bbox 1686 3463 1793 3528; x_wconf 84' lang='lat' dir='ltr'>plus</span> <span class='ocrx_word' id='word_1_303' title='bbox 1828 3464 1888 3512; x_wconf 88' lang='lat' dir='ltr'>ad</span> <span class='ocrx_word' id='word_1_304' title='bbox 1921 3465 2186 3514; x_wconf 79' lang='lat' dir='ltr'>faciendam</span> <span class='ocrx_word' id='word_1_305' title='bbox 2220 3467 2367 3517; x_wconf 80' lang='lat' dir='ltr'>fidem</span> 
     </span>
     <span class='ocr_line' id='line_1_51' title="bbox 1351 3542 2368 3610; baseline 0.004 -19"><span class='ocrx_word' id='word_1_306' title='bbox 1351 3542 1496 3591; x_wconf 83' lang='lat' dir='ltr'>habet</span> <span class='ocrx_word' id='word_1_307' title='bbox 1516 3544 1778 3603; x_wconf 73' lang='lat' dir='ltr'>momenti3</span> <span class='ocrx_word' id='word_1_308' title='bbox 1797 3559 1929 3591; x_wconf 86' lang='lat' dir='ltr'>nunc</span> <span class='ocrx_word' id='word_1_309' title='bbox 1947 3543 2095 3606; x_wconf 83' lang='lat' dir='ltr'>igitur</span> <span class='ocrx_word' id='word_1_310' title='bbox 2110 3556 2368 3610; x_wconf 79' lang='lat' dir='ltr'>postquam</span> 
     </span>
     <span class='ocr_line' id='line_1_52' title="bbox 1354 3619 2369 3686; baseline 0.003 -15"><span class='ocrx_word' id='word_1_311' title='bbox 1354 3622 1648 3671; x_wconf 79' lang='lat' dir='ltr'>obscuritate</span> <span class='ocrx_word' id='word_1_312' title='bbox 1691 3623 1883 3669; x_wconf 85' lang='lat' dir='ltr'>testium</span> <span class='ocrx_word' id='word_1_313' title='bbox 1930 3619 2075 3669; x_wconf 84' lang='lat' dir='ltr'>fidem</span> <span class='ocrx_word' id='word_1_314' title='bbox 2127 3624 2332 3674; x_wconf 82' lang='lat' dir='ltr'>elevavit</span> <span class='ocrx_word' id='word_1_315' title='bbox 2352 3661 2369 3686; x_wconf 88' lang='lat'>,</span> 
     </span>
     <span class='ocr_line' id='line_1_53' title="bbox 1355 3699 2278 3752; baseline 0.002 -2"><span class='ocrx_word' id='word_1_316' title='bbox 1355 3701 1570 3750; x_wconf 81' lang='lat' dir='ltr'>ostendit</span> <span class='ocrx_word' id='word_1_317' title='bbox 1595 3716 1698 3747; x_wconf 89' lang='lat' dir='ltr'>non</span> <span class='ocrx_word' id='word_1_318' title='bbox 1722 3700 1820 3747; x_wconf 89' lang='lat' dir='ltr'>illis</span> <span class='ocrx_word' id='word_1_319' title='bbox 1843 3699 2136 3749; x_wconf 75' lang='lat' dir='ltr'>credendum</span> <span class='ocrx_word' id='word_1_320' title='bbox 2159 3719 2278 3752; x_wconf 86' lang='lat' dir='ltr'>esse.</span> 
     </span>
    </p>

    <p class='ocr_par' dir='ltr' id='par_1_10' title="bbox 1357 3778 2375 3905">
     <span class='ocr_line' id='line_1_54' title="bbox 1432 3778 2375 3832; baseline 0.003 -5"><span class='ocrx_word' id='word_1_321' title='bbox 1432 3796 1513 3828; x_wconf 84' lang='lat'>10.</span> <span class='ocrx_word' id='word_1_322' title='bbox 1542 3780 1628 3827; x_wconf 80' lang='lat' dir='ltr'>Ad</span> <span class='ocrx_word' id='word_1_323' title='bbox 1642 3778 1945 3828; x_wconf 74' lang='lat' dir='ltr'>eradendum.</span> <span class='ocrx_word' id='word_1_324' title='bbox 1969 3780 2063 3827; x_wconf 66' lang='lat' dir='ltr'>Alii</span> <span class='ocrx_word' id='word_1_325' title='bbox 2083 3781 2230 3829; x_wconf 80' lang='lat' dir='ltr'>codd.</span> <span class='ocrx_word' id='word_1_326' title='bbox 2254 3782 2375 3832; x_wconf 83' lang='lat' dir='ltr'>dant.</span> 
     </span>
     <span class='ocr_line' id='line_1_55' title="bbox 1357 3856 1752 3905; baseline -0.003 0"><span class='ocrx_word' id='word_1_327' title='bbox 1357 3856 1430 3905; x_wconf 82' lang='lat' dir='ltr'>ad</span> <span class='ocrx_word' id='word_1_328' title='bbox 1447 3856 1752 3904; x_wconf 78' lang='lat' dir='ltr'>tradendam.</span> 
     </span>
    </p>

    <p class='ocr_par' dir='ltr' id='par_1_11' title="bbox 1359 3936 2379 4143">
     <span class='ocr_line' id='line_1_56' title="bbox 1436 3936 2374 3999; baseline 0.007 -17"><span class='ocrx_word' id='word_1_329' title='bbox 1436 3951 1517 3983; x_wconf 80' lang='lat' dir='ltr'>n.</span> <span class='ocrx_word' id='word_1_330' title='bbox 1561 3938 1605 3983; x_wconf 91' lang='grc' dir='ltr'><em>Ο</em></span> <span class='ocrx_word' id='word_1_331' title='bbox 1639 3950 1826 3999; x_wconf 63' lang='lat' dir='ltr'>magna</span> <span class='ocrx_word' id='word_1_332' title='bbox 1860 3937 1944 3984; x_wconf 76' lang='lat' dir='ltr'>vis</span> <span class='ocrx_word' id='word_1_333' title='bbox 1979 3936 2220 3988; x_wconf 73' lang='lat' dir='ltr'>ver-itatis.</span> <span class='ocrx_word' id='word_1_334' title='bbox 2256 3943 2374 3989; x_wconf 86' lang='lat' dir='ltr'>Seu-</span> 
     </span>
     <span class='ocr_line' id='line_1_57' title="bbox 1360 4012 2377 4077; baseline 0.003 -15"><span class='ocrx_word' id='word_1_335' title='bbox 1360 4013 1512 4062; x_wconf 82' lang='lat' dir='ltr'>tentia</span> <span class='ocrx_word' id='word_1_336' title='bbox 1537 4025 1728 4077; x_wconf 86' lang='lat' dir='ltr'>sumpta</span> <span class='ocrx_word' id='word_1_337' title='bbox 1750 4012 1812 4060; x_wconf 87' lang='lat' dir='ltr'>ab</span> <span class='ocrx_word' id='word_1_338' title='bbox 1832 4016 2054 4063; x_wconf 79' lang='lat' dir='ltr'>AEsehiue</span> <span class='ocrx_word' id='word_1_339' title='bbox 2072 4032 2134 4063; x_wconf 84' lang='lat' dir='ltr'>ex</span> <span class='ocrx_word' id='word_1_340' title='bbox 2156 4019 2377 4065; x_wconf 83' lang='lat' dir='ltr'>oratione</span> 
     </span>
     <span class='ocr_line' id='line_1_58' title="bbox 1359 4091 2379 4143; baseline 0.002 -3"><span class='ocrx_word' id='word_1_341' title='bbox 1359 4101 1529 4140; x_wconf 89' lang='lat' dir='ltr'>contra</span> <span class='ocrx_word' id='word_1_342' title='bbox 1543 4091 1872 4141; x_wconf 83' lang='lat' dir='ltr'>Timarchum:</span> <span class='ocrx_word' id='word_1_343' title='bbox 1888 4094 2068 4141; x_wconf 70' lang='lat' dir='ltr'>«Tanta</span> <span class='ocrx_word' id='word_1_344' title='bbox 2086 4094 2157 4140; x_wconf 80' lang='lat' dir='ltr'>vis</span> <span class='ocrx_word' id='word_1_345' title='bbox 2170 4107 2243 4143; x_wconf 85' lang='lat' dir='ltr'>est</span> <span class='ocrx_word' id='word_1_346' title='bbox 2259 4096 2379 4142; x_wconf 79' lang='lat' dir='ltr'>veri-</span> 
     </span>
    </p>
   </div>
  </div>
 </body>
</html>
