2994 4778
660 434 1046 503 ORATIO
1096 435 1209 504 IN
1260 437 1341 503 L.
1381 436 1459 502 C.
1511 434 1992 502 PISONEM.
2241 429 2379 503 363

255 571 482 628 totam
536 554 1087 653 rempublicam,
1145 557 1533 653 provinciae
1585 556 1880 653 praemio
1950 553 2385 627 vendidisti?

255 669 432 757 Quae
476 667 673 735 enim
723 668 800 734 L.
848 665 1222 736 Catilinam
1268 681 1646 737 conantem
1702 664 1969 735 consul*
1999 663 2382 760 prohibui,

255 800 337 846 ea
372 781 447 846 P.
487 773 824 845 Clodium
867 772 1244 846 facientem
1278 774 1610 847 consules
1649 772 2103 867 adjuverunt.
2135 774 2384 845 Voluit

255 886 374 957 ille
401 899 730 957 senatum
750 873 779 928 ⁵
818 883 1260 971 interficere3
1299 910 1425 956 vos
1452 886 1837 957 sustulistis
1869 909 1886 953 ε
1927 882 2119 980 leges
2146 883 2385 955 incen-

258 994 461 1080 dere3
491 1019 619 1065 vos
628 992 1028 1091 abrogastis
1044 992 1077 1039 ⁶
1096 1023 1113 1065 :
1148 997 1470 1067 interire⁷
1491 997 1821 1093 patriam3
1850 1019 1979 1065 vos
1996 992 2387 1089 adjuvistis,

256 1104 449 1194 Quid
478 1119 588 1175 est
605 1158 625 1191 ‚
655 1102 859 1175 vobis
886 1103 1331 1192 consulibus,
1359 1120 1639 1202 gestum
1664 1108 1816 1177 sine
1844 1104 2101 1176 armis?
2129 1109 2386 1175 Incen-

256 1214 428 1286 dere
458 1214 582 1285 illa
617 1216 1159 1308 conjuratorum
1194 1240 1451 1286 manus
1482 1216 1712 1287 voluit
1741 1213 2041 1301 urbem;
2073 1240 2204 1285 vos
2234 1216 2392 1309 ejus

256 1324 561 1395 domum
578 1320 637 1406 ⁸,
673 1348 887 1419 quem
936 1339 1230 1421 propter
1265 1324 1443 1395 urbs
1475 1327 1763 1396 incensa
1802 1348 1951 1393 non
1988 1339 2114 1394 est.
2162 1328 2264 1395 Ac
2301 1347 2393 1394 ne

254 1433 356 1505 illi
396 1433 736 1531 quidem,
782 1436 839 1504 si
881 1433 1304 1505 habuissent
1335 1436 1551 1505 vestri
1595 1432 1947 1504 similem9
1983 1433 2394 1519 consulem,

258 1543 349 1614 de
384 1541 596 1614 urbis
629 1543 967 1613 incendio
1003 1545 1454 1639 cogitassent.
1489 1547 1652 1615 Non
1689 1544 1885 1615 enim
1915 1566 1991 1614 se
2017 1544 2223 1615 tectis
2252 1543 2395 1639 pri-

260 1677 425 1723 vare
467 1651 893 1739 voluerunt;
934 1652 1061 1723 sed
1096 1652 1207 1724 his
1244 1653 1598 1724 stantibus
1629 1652 1908 1724 nullum
1943 1650 2393 1723 domicilium

261 1762 510 1833 sceleri
545 1786 681 1833 suo
734 1760 889 1833 fore
926 1777 1380 1860 putaverunt.
1429 1753 1709 1833 Caedem
1760 1762 1861 1832 illi
1913 1763 2215 1846 civium,
2261 1784 2393 1831 vos

258 1875 680 1944 servitutem
711 1876 1099 1971 expetistis.
1137 1875 1270 1945 Hic
1308 1898 1435 1944 vos
1467 1876 1679 1944 etiam
1719 1870 2175 1943 crudeliores.
2207 1874 2392 1941 Huic

259 1986 454 2054 enim
498 1984 776 2081 populo
812 1989 912 2054 ita
937 1983 1209 2068 fuerat,
1249 1998 1414 2054 ante
1452 2008 1582 2054 vos
1617 1982 1950 2053 consules
1975 1992 2058 2065 ¹⁰,
2102 1979 2394 2054 libertas

260 2094 596 2177 insita‚ut
625 2096 852 2164 emori
880 2096 1155 2192 potius,
1186 2117 1405 2190 quam
1424 2095 1714 2177 servire,
1739 2090 2393 2190 praestaret¹¹.lllud

261 2228 432 2274 vero
469 2206 834 2300 geminum
873 2203 1184 2275 consiliis
1216 2203 1538 2273 Catilinae
1566 2216 1640 2272 et
1667 2200 1994 2284 Lentuli,
2037 2197 2234 2295 quod
2278 2221 2393 2267 me

266 2312 487 2383 domo
525 2336 687 2384 mea
730 2313 1103 2411 expulistis
1128 2367 1149 2399 ,
1204 2318 1335 2385 Cn.
1375 2315 1805 2409 Pompeium
1853 2310 2155 2380 domum
2191 2331 2393 2378 suam

268 2423 715 2520 compulistis
737 2434 819 2494 ¹².
856 2428 1111 2521 Neque
1146 2425 1337 2495 enim
1358 2478 1378 2512 ‚
1408 2448 1524 2494 me
1556 2436 1789 2494 stante
1808 2475 1826 2509 ,
1851 2435 1923 2492 et
1951 2433 2286 2492 manente
2319 2421 2395 2487 in

265 2577 409 2625 utis-
430 2575 720 2624 seditionem
742 2576 929 2633 fovens,
943 2589 993 2626 et
1004 2577 1287 2641 permittens
1376 2575 1462 2624 illo
1503 2575 1713 2624 tumultu
1755 2576 2041 2624 Ciceronem
2076 2571 2356 2621 occiderent
2376 2607 2392 2632 ,

266 2655 457 2702 servitu
494 2652 559 2701 sd
598 2656 698 2701 vim
739 2657 975 2703 concitari
1018 2655 1286 2718 provincia
1374 2657 1461 2720 qni
1499 2673 1551 2703 se
1589 2666 1759 2703 contra
1816 2670 1983 2702 eornm
2027 2653 2237 2715 impetus
2280 2666 2389 2699 mn-

258 2733 490 2795 proemio,
524 2732 858 2794 Macedoniae,
886 2750 1030 2798 qnam
1051 2733 1154 2799 lege
1172 2735 1285 2783 Clo·
1374 2734 1553 2783 aiebat.

269 2810 377 2868 dia,
404 2827 509 2857 non
530 2811 816 2859 anctoritate
845 2824 1038 2860 senatus
1066 2810 1286 2861 obtinere

268 2889 531 2953 cupiebas,
557 2900 725 2938 contra
757 2891 913 2955 legem
954 2893 1290 2955 Semproniam

269 2968 564 3025 vendidisti,
595 2980 643 3017 et
669 2972 831 3018 vexari
856 2972 1150 3037 lacerarique
1181 2988 1289 3037 per-

271 3046 469 3093 misisti.

346 3126 397 3172 5.
426 3124 589 3170 Voluit
608 3122 692 3172 1'110
712 3137 954 3175 senatum.
983 3130 1143 3176 Locus
1170 3128 1291 3175 vivi·

273 3201 503 3252 ‹ti-nimus
526 3215 575 3252 et
605 3205 673 3252 ita
697 3207 1024 3269 compositus,
1066 3220 1119 3255 nt
1150 3223 1295 3255 mem-

272 3282 355 3330 bra
391 3283 622 3331 membris
639 3318 653 3341 ‚
696 3285 830 3348 paria
870 3287 1071 3349 paribus
1102 3302 1296 3351 respon·

274 3361 437 3409 dant.

342 3442 391 3487 6.
414 3444 512 3488 Vos
530 3442 821 3507 abr-ogands.
835 3445 1107 3507 Rogatione
1121 3445 1293 3493 Clodia

275 3521 400 3583 leges
420 3519 592 3568 Βία·
619 3532 669 3568 et
689 3520 871 3570 Fufium
890 3523 1171 3587 abrogatis.

346 3615 391 3659 7.
412 3598 495 3646 Al.
513 3600 702 3648 mslnnt
718 3601 989 3649 incer-eham
1003 3619 1024 3659 ‚-
1042 3602 1124 3650 alii
1151 3613 1265 3666 post
1281 3637 1295 3660 ‚

272 3676 550 3745 ffiaz'scis.
572 3680 605 3726 J
608 3680 699 3727 .V.
722 3683 774 3728 1..

345 3758 396 3803 8.
427 3759 529 3803 Vos
558 3757 661 3823 ejus
690 3759 907 3809 domum.
929 3763 1088 3808 Meam
1112 3765 1292 3827 ipsius,

274 3835 359 3898 qni
379 3836 511 3884 fiee·
521 3837 699 3898 iamed
712 3839 847 3887 urbis
864 3841 1145 3889 incendium
1162 3858 1296 3892 eom-

277 3925 464 3977 pnntes
484 3915 686 3977 pet-feei
699 3953 713 3976 ,
730 3920 1183 3981 protnligexstinxi.

344 4009 397 4054 9.
440 3993 601 4040 Vestri
630 3995 830 4045 sianum
866 3999 1125 4047 consulem.
1172 3998 1294 4047 Ideo

274 4072 402 4118 enim
434 4072 511 4121 vel
554 4075 798 4139 precipue
815 4114 831 4139 ,
873 4088 992 4125 teste
1036 4078 1294 4138 Sallustio,

275 4149 443 4197 urbem
489 4152 749 4202 incendere
794 4167 1059 4205 statuerant
1084 4193 1097 4216 ‚
1146 4169 1197 4204 ut
1242 4159 1292 4204 iu

1456 2830 1537 2862 xo.
1559 2816 1688 2861 Ante
1708 2829 1799 2860 vos
1822 2811 2057 2859 consules.
2077 2808 2202 2857 Cum
2226 2822 2397 2868 magne

1378 2891 1595 2957 emphasi
1623 2891 1874 2944 ostendit.
1898 2904 2000 2936 non
2031 2885 2183 2934 solam
2203 2884 2400 2932 liberta-

1381 2983 1474 3019 tem
1504 2971 1676 3036 populi
1703 2970 1921 3025 romani,
1961 2967 2048 3016 sed
2080 2966 2224 3014 etiam
2265 2964 2398 3027 ipsos

1380 3065 1538 3098 mores
1606 3050 1666 3096 iis
1722 3047 2008 3097 consulibus
2064 3042 2401 3109 pessumdatos

1381 3130 1550 3185 fnisse,
1579 3129 1765 3193 qnippe
1790 3127 1878 3190 qui
1903 3125 1967 3172 ab
1991 3125 2140 3171 insito
2164 3122 2400 3170 libertatis

1381 3223 1546 3256 amore
1572 3207 1880 3256 desciverint.

1461 3302 1479 3335 ι
1499 3303 1541 3333 1.
1588 3290 1779 3332 Frustra
1820 3291 2076 3348 pmsearee
2119 3290 2399 3343 suspectum

1383 3365 1623 3414 Ernestio.
1644 3367 1694 3414 J.
1712 3364 1774 3410 V.
1793 3365 1846 3411 1..

1460 3462 1542 3495 η.
1586 3445 1673 3495 Cn.
1710 3442 1987 3506 Pompeium
2031 3439 2225 3486 domum
2258 3452 2399 3484 suam

1380 3526 1684 3591 compulistis.
1700 3522 1974 3586 Pompeius,
1991 3521 2149 3580 ejecto
2164 3518 2401 3566 Cicerone

1378 3621 1406 3654 a
1422 3609 1474 3655 P.
1489 3605 1684 3660 Clodio,
1699 3615 1797 3653 tam
1817 3600 1981 3649 multis
2001 3597 2311 3646 contumeliis
2329 3604 2400 3643 est

1378 3685 1625 3750 appetitus
1646 3718 1660 3742 ‚
1682 3694 1739 3730 nt
1757 3699 1817 3729 ne
1843 3677 2080 3728 conviciis
2096 3691 2209 3725 enm
2236 3676 2398 3736 impu-

1382 3763 1543 3811 dentis
1563 3761 1881 3809 adolescentis
1898 3757 2164 3822 petulantia
2180 3761 2402 3809 eei-taret,

1382 3852 1581 3888 coactus
1619 3840 1763 3887 suerit
1799 3838 2000 3902 privatis
2042 3851 2091 3882 se
2134 3831 2400 3898 parietibus

1383 3921 1661 3976 continere,
1704 3916 1835 3964 unde
1877 3932 1988 3964 enm
2024 3914 2224 3962 domum
2266 3926 2397 3958 suam

1383 3998 1606 4045 consules
1638 3997 1931 4061 compulisse
1971 3995 2218 4046 dicuntur,
2261 3988 2396 4054 qnod
2438 4013 2444 4019 ›

1382 4091 1492 4126 enm
1531 4076 1836 4127 contumeliis
1873 4077 2071 4138 impune
2097 4070 2261 4119 vmri
2290 4082 2397 4131 per·

1383 4157 1614 4206 miserint.
