2994 4778
374 521 472 591 IN
511 520 779 590 oRAT.
817 520 999 588 PRo
1032 520 1313 588 MARC.
1354 519 1545 589 sen.
1579 520 1795 588 ΑΜΒ.
1835 522 2130 591 coMM.
2210 519 2352 617 649

309 647 504 716 Quum
529 660 657 712 eos,
697 639 885 717 inquit
919 644 986 699 C.
1023 646 1240 711 Caesar,
1269 639 1370 717 qui
1400 653 1604 698 contra
1641 660 1702 699 se
1728 661 1837 720 pro
1874 643 2150 720 Pompeio
2191 663 2351 701 arma

235 751 504 816 ceperant
542 738 602 795 in
642 749 905 813 senatum
938 736 1287 808 introduxit,
1330 735 1512 793 hostis
1540 735 1627 813 (1)
1670 756 1787 795 non
1833 738 2004 799 misse
2042 738 2347 816 judicavit.

233 839 363 894 Non
386 834 537 893 enim
564 833 786 891 hostem
799 833 1027 910 judicat
1049 854 1216 909 quem
1238 836 1417 890 donat
1437 831 1660 911 publici
1681 834 2090 894 communitate
2112 835 2355 894 consilii.

319 997 444 1076 „VL
518 1017 574 1062 1.
627 994 797 1062 Non
837 992 1028 1061 enirn
1082 994 1231 1085 jam
1281 1016 1510 1063 causae
1572 1005 1741 1062 sunt
1803 994 1994 1063 inter
2051 1017 2167 1081 se,
2226 991 2352 1064 sed

230 1102 537 1172 victoriae
576 1099 1093 1198 comparandae.

309 1255 450 1324 Quae
479 1249 682 1322 suerit,
709 1250 928 1327 inquit,
968 1248 1030 1307 in
1072 1248 1230 1308 civili
1269 1249 1424 1308 bello
1442 1293 1459 1322 ,
1503 1252 1597 1308 vel
1631 1249 1843 1327 quibus
1884 1249 2147 1329 partibus
2182 1269 2356 1309 causa

232 1344 544 1405 dimicandi
587 1346 913 1424 praelatior,
964 1345 1178 1405 nescio.
1230 1346 1385 1405 Illud
1435 1347 1585 1419 scio,
1637 1359 1793 1406 tuam
1837 1347 2136 1407 victoriam
2178 1352 2359 1406 Pom-

230 1444 326 1520 pei
348 1442 426 1523 (2)
460 1444 714 1501 victoriae
764 1442 1232 1522 praeponendam.
1257 1449 1350 1503 Tu
1370 1442 1524 1501 enim
1551 1443 1613 1502 in
1635 1444 1879 1504 victoria
1898 1445 2145 1508 clemens
2169 1442 2325 1503 suisti
2341 1485 2359 1513 ‚

232 1559 348 1616 qua
377 1540 473 1597 ille
503 1539 797 1598 cruentius
829 1551 1108 1618 uteretur.

329 1713 396 1756 2.
449 1686 809 1784 Opinione
851 1682 1074 1756 officii
1114 1684 1331 1756 stulta
1371 1682 1672 1758 fortasse
1694 1739 1715 1773 ,
1773 1701 1967 1759 certe
2019 1711 2169 1757 non
2215 1688 2354 1757 im-

234 1794 483 1893 proba.

307 1956 514 2022 Forte,
543 1951 768 2029 inquit,
802 1950 977 2009 stulta
1003 1948 1180 2009 fuerit
1206 1950 1306 2008 illa
1334 1949 1565 2029 opinio,
1598 1949 1917 2008 officiosum
1948 1971 2009 2009 se
2045 1950 2361 2030 quemlibet

178 2046 184 2053 ’
237 2045 477 2105 credere
497 2089 513 2116 ,
544 2048 592 2105 si
629 2066 747 2104 non
792 2048 1086 2106 desereret
1123 2046 1401 2118 amicum3
1432 2045 1703 2124 improba
1730 2059 1920 2110 autem
1947 2065 2070 2105 esse
2104 2069 2221 2107 non
2247 2068 2361 2126 po-

234 2144 376 2202 tuit,
402 2148 474 2202 Et
507 2143 643 2202 vide
675 2164 788 2221 qua
832 2142 1229 2202 moderatione
1273 2143 1686 2221 temperaverit
1735 2142 1998 2221 culpam,
2046 2156 2109 2200 ut
2143 2145 2193 2202 si
2217 2144 2359 2222 quid

231 2242 408 2299 etiam
436 2241 632 2300 delicti
652 2240 890 2313 habuit,
922 2262 1040 2299 non
1069 2239 1297 2298 malitiae
1323 2240 1527 2312 fuerit,
1569 2239 1668 2298 sed
1692 2240 1923 2299 erroris.
1956 2244 2147 2319 Ipsam
2172 2254 2363 2307 tamen

230 2338 563 2410 stultitiam,
590 2359 718 2417 quae
746 2338 966 2398 etiamsi
995 2351 1150 2397 certa
1178 2336 1283 2406 sit,
1307 2356 1424 2395 non
1452 2334 1630 2395 habet
1656 2337 1911 2416 culpam,
1938 2335 2172 2397 dubiam
2195 2338 2363 2417 ponit

222 2434 526 2513 jungendo
543 2436 838 2509 fortasse3
875 2435 1284 2515 purgationem
1323 2453 1462 2492 vero
1510 2434 1909 2509 certissimam3
1944 2454 2079 2512 nam
2122 2434 2363 2495 sortasse

232 2535 347 2592 suit
370 2534 609 2606 stultus,
629 2549 783 2594 certe
806 2554 925 2593 non
946 2531 1265 2611 improbuS.

327 2687 417 2753 X.
479 2707 538 2752 1.
590 2688 802 2754 Arma
845 2682 935 2754 ab
977 2680 1128 2751 aliis
1170 2681 1424 2782 posita.

313 2829 476 2897 Quos
504 2823 708 2900 dignos
734 2824 948 2883 scilicet
975 2829 1167 2885 Caesar
1201 2846 1307 2885 sua
1337 2829 1641 2888 clementia
1666 2826 1967 2906 judicavit.
1998 2824 2357 2885 Condemnat

230 2920 388 2978 enim
415 2921 780 2999 propositum
807 2942 1003 2993 suum,
1026 2922 1127 3000 qui
1150 2925 1450 2984 voluntate
1482 2945 1639 2984 arma
1668 2924 1926 3003 deponit.

332 3108 400 3151 2.
448 3080 558 3151 Ab
597 3080 700 3178 (3)
740 3080 891 3153 aliis
927 3098 1177 3182 erepta
1210 3099 1399 3156 sunt.

311 3231 382 3286 In
412 3247 559 3304 quos
605 3228 824 3287 scilicet
847 3255 850 3258 >
871 3233 1062 3289 Caesar
1102 3229 1545 3289 animadvertit:
1572 3229 1814 3309 quibus,
1857 3232 2033 3290 etiam
2072 3231 2269 3291 fractis
2305 3244 2365 3289 et

236 3326 609 3386 comminutis
643 3325 879 3404 opibus,
912 3327 1097 3387 inerat
1125 3340 1310 3392 tamen
1342 3329 1659 3408 pertinacia
1690 3327 2008 3410 resistendi.

308 3552 383 3614 (t)
410 3550 573 3599 Hostis
596 3567 686 3616 pro
707 3551 882 3602 hostes.
905 3553 970 3602 A.
999 3555 1074 3603 M.

308 3633 386 3701 (a)
413 3635 608 3700 Pompei
628 3650 722 3701 pro
751 3636 982 3702 Pompeii.
1004 3640 1067 3686 A.
1098 3639 1171 3686 M.
2294 3675 2295 3678 =

308 3713 390 3781 (3)
414 3717 811 3783 Praepoaitionem
835 3720 902 3768 ab
937 3721 1206 3770 tollendam
1240 3733 1532 3770 censuerunt
1561 3722 1717 3770 critici
1739 3738 1803 3770 ex
1825 3723 1923 3772 hoc
1938 3723 2059 3796 {loco
2085 3723 2335 3774 Ciceronis
2361 3737 2377 3781 ;

237 3799 327 3849 aed
349 3800 478 3849 enim
503 3818 606 3850 eam
631 3803 824 3853 codices
851 3804 1162 3853 Anthroeiani
1182 3806 1306 3853 miro
1326 3820 1567 3853 consensu
1589 3806 1816 3855 retinent.
1843 3806 1905 3855 A.
1927 3810 1998 3856 M.
