2994 4778
582 441 966 510 ORATIO
1016 440 1218 508 PRO
1268 440 1344 505 T.
1389 437 1957 505 A.-MILONE.
2192 442 2331 535 497

210 566 487 635 ctnrnis
542 558 842 633 canibus
893 555 1386 629 dilaniandum
1430 555 1782 652 reliquisti
1803 551 1851 624 ⁵.
1903 559 2136 645 Quam
2180 584 2330 630 rem

210 676 378 758 etsi,
425 674 596 769 quia
649 669 916 741 nefarie
956 668 1187 738 fecisti
1205 664 1261 753 ⁶,
1305 665 1598 735 laudare
1651 690 1800 735 non
1856 689 2182 762 possum3
2232 683 2328 739 ta-

209 809 421 868 men,
462 784 809 880 quoniam
841 783 914 849 in
961 803 1124 848 meo
1162 777 1453 847 inimico
1482 774 1975 846 crudelitatem
2011 799 2340 872 exprom-

211 897 417 992 psisti
459 908 694 980 tuam,
742 893 945 961 irasci
985 903 1178 959 certe
1218 912 1368 957 non
1416 884 1670 956 debeo.

313 1011 385 1076 P.
426 996 659 1076 Clodii
697 1017 1078 1101 praeturam
1125 1022 1275 1068 non
1307 998 1458 1068 sine
1499 999 1814 1065 maximo
1853 1020 2093 1066 rerum
2132 1020 2344 1067 nova·-

215 1140 380 1185 rum
438 1128 636 1183 metu
683 1110 1031 1208 proponi,
1074 1123 1165 1179 et.
1198 1106 1503 1177 solutam
1560 1103 1713 1175 fore
1763 1105 2152 1192 videbatis,
2208 1110 2340 1178 nisi

217 1240 404 1296 esset
438 1225 498 1293 is
536 1221 824 1307 consul,
862 1220 989 1315 qui
1028 1243 1184 1288 eam
1226 1215 1524 1286 auderet
1559 1229 1949 1313 possetque
1988 1214 2343 1287 constrin-

216 1360 411 1433 gere.
474 1337 652 1403 Eum
712 1330 1058 1400 Milonem
1128 1351 1279 1397 esse
1335 1350 1564 1421 quum
1623 1327 1918 1395 sentiret
1976 1327 2348 1397 universus

219 1443 541 1544 populus
598 1464 984 1525 romanus,
1051 1439 1215 1533 quis
1262 1435 1629 1507 dubitaret
1687 1434 2031 1532 suffragio
2086 1461 2218 1507 suo
2274 1459 2347 1508 se

220 1570 460 1637 metu,
516 1550 835 1650 periculo
909 1545 1431 1644 rempublicam
1503 1544 1862 1615 liberare?
1925 1554 2015 1615 At
2077 1556 2347 1627 nunc⁷‚

221 1671 291 1736 P.
332 1662 592 1735 Clodio
637 1674 916 1731 remoto
933 1653 989 1742 8,
1033 1658 1307 1728 usitatis
1341 1657 1489 1749 jam
1526 1654 1744 1725 rebus
1781 1636 2203 1727 enitendum
2248 1674 2353 1727 est

219 1774 552 1859 Milonis),
603 1785 684 1841 ut
731 1783 1019 1840 tueatur
1056 1766 1476 1861 dignitatem
1532 1788 1755 1834 suam.
1804 1765 2197 1862 Singularis
2238 1766 2356 1837 illa

221 1886 399 1955 huic
451 1885 573 1952 uni
629 1903 963 1951 concessa
1024 1876 1278 1973 gloria,
1342 1900 1504 1970 quae
1573 1875 1898 1970 quotidie
1960 1875 2359 1973 augebatur

223 1990 644 2090 frangendis
675 1987 1042 2060 furoribus
1056 1984 1457 2068 Clodianis,
1486 1984 1637 2078 ‘jam
1667 1998 1899 2053 morte
1916 1982 2144 2054 Clodii
2183 1990 2356 2056 ceci-

225 2105 353 2175 dit.
391 2106 543 2173 Vos
582 2101 819 2197 adepti
849 2101 1050 2182 estis,
1093 2121 1186 2165 ne
1231 2117 1447 2190 quem
1479 2094 1705 2162 civem
1750 2095 2196 2182 metueretis3
2243 2093 2360 2166 hic

224 2215 815 2288 exercitationem
869 2207 1184 2290 virtutis,
1253 2202 1839 2299 suffragationem
1901 2203 2357 2291 consulatuS,

225 2328 508 2400 fontem
548 2328 1019 2420 perennem¹⁰
1046 2316 1287 2414 gloriae
1325 2338 1468 2384 suae
1499 2311 1832 2412 perdidit.
1866 2316 2118 2411 Itaque
2153 2315 2362 2385 Milo-

226 2442 343 2510 nis
372 2435 786 2508 consulatus
810 2486 828 2517 ,
863 2434 990 2528 qui
1011 2485 1031 2515 ‚
1072 2431 1232 2499 vivo
1268 2425 1560 2512 Clodi0‚
1601 2422 2009 2496 labefactari
2041 2450 2189 2496 non
2224 2451 2360 2524 po·-

226 2556 528 2629 terat¹¹‚
555 2558 841 2615 mortuo
863 2540 1177 2636 denique
1203 2537 1457 2608 tentari
1482 2549 1765 2634 coeptus
1789 2548 1917 2603 est.
1949 2538 2113 2605 Non
2139 2531 2362 2602 modo

227 2663 453 2758 igitur
496 2656 674 2728 nihil
715 2651 1044 2753 prodest,
1092 2648 1218 2721 sed
1255 2648 1463 2719 obest
1508 2647 1722 2717 etiam
1759 2650 1835 2715 P.
1884 2643 2114 2714 Clodii
2165 2667 2363 2715 mors

228 2772 514 2842 Miloni.

333 2885 427 2950 At
459 2878 681 2948 valuit
719 2873 1081 2956 odium¹²‚
1122 2867 1289 2941 fecit
1324 2869 1580 2952 iratUS,
1623 2861 1790 2936 fecit
1824 2864 2192 2950 inimicuS‚
2231 2859 2367 2934 fuit

1350 3059 1564 3115 Miloni,
1593 3069 1649 3105 nt
1675 3058 1939 3108 Clodianos
1968 3059 2155 3106 furores
2185 3059 2370 3125 frange·

1350 3149 1450 3196 ret,
1469 3139 1798 3200 maioremque
1825 3138 1877 3183 in
1905 3138 2007 3185 dies
2038 3137 2131 3185 sibi
2166 3139 2366 3202 gloriam

1350 3233 1501 3265 animi
1544 3218 1813 3264 constantia
1855 3207 2194 3279 compat-aretz
2241 3235 2370 3268 nunc

308 3077 362 3124 5.
404 3076 586 3122 Locum
626 3071 758 3134 vulg.
811 3066 1142 3131 perturbatum
1192 3062 1262 3109 sic

216 3160 374 3219 iuxta
394 3158 586 3204 Ernest.
613 3150 960 3199 ordinavimus.
982 3150 1030 3195 J.
1048 3148 1112 3192 V.
1139 3145 1193 3190 1..

306 3238 363 3284 6.
386 3227 779 3295 Nffariefeci'sti.
793 3229 919 3276 Nam
934 3225 1263 3289 propinquum

231 3330 382 3366 mum
409 3312 639 3362 omnibns
662 3307 934 3358 honoribus
960 3302 1139 3365 origini
1164 3315 1264 3347 ωε

230 3412 293 3445 ac
314 3393 510 3443 nomini
534 3390 710 3440 debitis
732 3384 1019 3452 spoliavisti.

314 3492 363 3536 7.
389 3473 472 3520 Sic
500 3469 717 3518 Lambin.
738 3469 898 3514 Graev.
919 3462 1114 3511 Lenem.
1139 3457 1263 3519 Alii,

230 3571 368 3610 non,
391 3562 565 3600 contra
587 3546 888 3598 sententiam.
916 3545 947 3591 J
954 3577 966 3590 .
984 3543 1049 3588 V.
1077 3540 1132 3587 L.
1161 3528 1164 3532 ¹

311 3631 366 3682 8.
393 3634 450 3678 P.
476 3628 646 3678 Clodio
668 3636 862 3674 remoto.
891 3625 1154 3684 Postquam
1182 3616 1263 3665 de-

229 3711 529 3762 monstravit
564 3717 732 3756 orator
762 3704 879 3752 utile
910 3700 1055 3749 fuisse
1087 3696 1266 3746 Clodio

228 3792 482 3842 Milonem
508 3804 535 3835 e
572 3786 735 3834 medio
767 3781 960 3837 tollere,
988 3778 1116 3826 hanc
1146 3775 1267 3822 alte-

228 3888 343 3921 ram
374 3870 443 3916 rei
479 3878 667 3933 partem
700 3859 1005 3927 aggreditur-3
1030 3853 1269 3917 numquid

229 3949 472 4001 utilitatis
491 3963 554 3995 ex
574 3946 668 3994 hac
695 3958 829 3990 nece.
843 3939 968 3987 Milo
991 3932 1270 3998 acceperit?

232 4027 634 4092 comprobetqne
680 4020 805 4069 illud
851 4018 898 4065 ei
940 4016 1147 4065 mxime
1189 4026 1275 4060 no·

233 4123 419 4158 cmsse.

312 4182 609 4251 9.,ΜιἹοιιί,
637 4191 734 4228 etc.
774 4177 1022 4224 Hactenus
1064 4172 1179 4220 satis
1203 4180 1277 4218 est

393 4276 482 4342 V.
514 4273 525 4284 ’
541 4287 636 4337 eie.
654 4300 772 4352 pars
798 4279 1022 4330 secunda-

1351 3312 1469 3344 νει-ο
1513 3311 1663 3358 quum
1708 3296 1976 3343 exstinctus
2017 3306 2089 3344 est
2137 3297 2371 3359 Clodius,

1352 3375 1442 3423 alin
1467 3373 1658 3422 ratione
1688 3373 1803 3422 huic
1831 3377 1935 3422 viro
1957 3385 2029 3423 est
2053 3376 2332 3427 enitendum
2353 3414 2369 3436 ‚

1352 3464 1408 3501 ut
1438 3452 1721 3516 dignitatem
1753 3455 1888 3517 prins
1922 3453 2148 3518 adeptam
2183 3474 2373 3506 servare

1352 3544 1403 3581 et
1432 3529 1729 3597 amplificate
1758 3533 1928 3595 possit.

1428 3627 1507 3662 xo.
1532 3614 1732 3659 Fontem
1746 3627 2024 3675 perennem.
2044 3616 2374 3677 Quintilianus

1353 3693 1519 3742 locum
1537 3692 1676 3739 illum
1693 3691 1820 3738 inter
1841 3694 2054 3756 egregias
2072 3695 2377 3758 metaphorae

1355 3786 1538 3835 ponere
1565 3784 1666 3816 non
1693 3769 1899 3818 dubitat.

1435 3864 1456 3895 x
1470 3864 1491 3895 x
1507 3884 1519 3896 .
1543 3848 1654 3895 Non
1663 3859 1875 3914 poterae.
1898 3852 2087 3897 Etenim
2111 3851 2245 3898 furor
2261 3867 2375 3915 per-

1360 3938 1538 3993 petum
1566 3926 1732 3974 Clodii
1764 3943 1906 3974 caan
1942 3941 2043 3976 erat
2076 3945 2164 3977 cur
2199 3931 2379 3979 Miloni

1363 4007 1634 4055 deferretur
1671 4006 1976 4068 consulatm3
2007 4010 2120 4072 qni·
2147 4010 2280 4057 noina
2307 4011 2382 4056 in·

1364 4087 1493 4137 unis
1514 4085 1728 4133 consiliis
1753 4087 1858 4146 ejus
1879 4103 2007 4150 σερε
2030 4087 2296 4136 obstiterat.

1445 4181 1523 4214 η.
1579 4165 1643 4210 Ac
1684 4163 1847 4212 valuit
1886 4164 2068 4212 odium.
2118 4165 2320 4224 Obiecta
2356 4182 2383 4213 a

2049 4247 2134 4318 32
