2994 4778
436 443 715 510 oRA‘r.
770 443 902 510 DE
954 444 1248 511 Pnov.
1303 443 2132 513 CONSULARIBUS.
2228 469 2365 539 277

249 564 759 637 offensionem?
789 580 1031 635 utrum
1080 565 1271 663 apud
1321 565 1719 663 populum,
1769 590 1809 634 a
1846 590 1994 661 quo
2034 568 2287 637 missus
2310 565 2366 650 ⁵,

247 702 335 745 an
370 675 546 771 apud
575 690 940 757 senatum,
976 702 1016 746 a
1051 700 1200 772 quo
1226 691 1524 745 ornatus
1552 672 1759 745 est⁶?
1791 700 1880 744 an
1921 674 2071 744 dies
2092 688 2118 731 ⁷
2155 691 2367 772 auget

243 787 390 879 ejus
413 785 893 855 desiderium?
920 808 1011 854 an
1042 786 1265 881 magis
1294 784 1735 855 oblivionem
1754 838 1773 868 ,
1803 807 1885 854 ac
1916 783 2152 855 laurea
2177 785 2294 855 illa
2314 781 2372 871 ⁸,

239 898 505 991 magnis
544 895 897 997 vericulis
947 908 1186 991 parta,
1224 895 1485 964 amittit
1521 893 1743 989 longo
1790 893 2164 963 intervallo
2203 895 2366 962 viri·

244 1004 572 1075 ditatem?
615 1008 889 1095 Quare,
928 1010 989 1076 si
1024 1007 1152 1102 qui
1185 1004 1559 1076 hominem
1587 1029 1738 1074 non
1768 1003 2074 1101 diligunt
2091 1018 2148 1092 9,
2191 1004 2371 1075 nihil

243 1129 371 1199 est,
416 1113 625 1210 quod
683 1137 849 1185 eum
903 1112 994 1186 de
1052 1116 1419 1211 provincia
1476 1114 1855 1185 devocent.
1907 1114 2011 1184 Ad
2063 1115 2369 1212 gloriam

241 1222 590 1292 devocant
613 1276 633 1309 ,
716 1221 808 1293 ad
884 1223 1333 1320 triumphum
1362 1278 1381 1310 ,
1443 1222 1535 1294 ad
1611 1223 2163 1317 gratulationem
2191 1279 2210 1309 ,
2281 1224 2370 1294 ad

241 1357 599 1402 summum
666 1332 1018 1403 honorem
1085 1348 1416 1418 senatuS,
1475 1336 1829 1430 equestris
1890 1330 2165 1404 ordinis'
2219 1359 2370 1430 gra·

240 1443 441 1525 tiam,
492 1441 751 1539 populi
806 1444 1191 1513 caritatem.
1265 1441 1434 1526 Sed,
1485 1444 1546 1513 si
1588 1441 1709 1513 ille
1748 1443 1883 1514 hac
1919 1457 2061 1514 tam
2109 1446 2370 1515 eximia

242 1548 523 1620 fortuna
560 1605 581 1638 ,
664 1566 962 1648 propter
1031 1552 1409 1622 utilitatem
1483 1551 1899 1649 reipublicae
1925 1609 1944 1641 ,
2009 1552 2155 1624 frui
2216 1580 2368 1624 non

243 1675 619 1757 properat,
654 1675 740 1731 ut
772 1663 1015 1732 omnia
1055 1663 1170 1734 illa
1209 1660 1545 1735 conficiat
1578 1690 1593 1731 ε
1656 1661 1834 1759 quid
1890 1689 2025 1761 ego
2085 1681 2371 1735 senator

244 1769 461 1841 facere
495 1771 736 1842 debeo
763 1825 783 1857 ,
820 1796 1035 1868 quem
1061 1826 1082 1854 ,
1120 1777 1393 1843 etiamsi
1441 1773 1561 1844 ille
1599 1772 1792 1843 aliud
1830 1775 2081 1861 vellet,
2120 1777 2361 1872 reipu-

241 1878 428 1951 blicae
477 1881 862 1952 consulere
908 1883 1328 1979 oporteret?

324 1997 478 2088 Ego
524 2015 701 2062 vero
738 1996 838 2062 sic
879 1991 1201 2089 intelligo
1225 2046 1244 2078 ,
1285 2006 1526 2089 patres
1568 1994 1998 2090 conscripti,
2045 2019 2178 2064 nos
2227 1996 2366 2066 hoc

243 2116 566 2199 tempore
619 2103 693 2171 in
749 2103 1136 2199 provinciis
1187 2101 1697 2187 decernendis,
1758 2116 2125 2199 perpetuae
2173 2106 2369 2201 pacis

244 2212 498 2284 habere
546 2227 886 2310 oportere
920 2210 1306 2284 rationem‘
1338 2215 1524 2282 Nam
1568 2213 1731 2308 quis
1763 2211 1905 2282 hoc
1943 2237 2092 2282 non
2127 2216 2368 2301 sentit,

312 2366 359 2413 5.
386 2367 432 2413 A
463 2381 570 2432 quo
608 2365 794 2414 miuus.
832 2368 957 2431 Lege
982 2366 1178 2415 Vatinia
1205 2377 1254 2415 et
1343 2364 1477 2430 quod
1506 2364 1684 2412 sactum
1712 2364 1928 2414 defendit
1959 2364 2196 2413 clarorum
2230 2367 2363 2415 viro-

242 2445 406 2509 populi
428 2446 617 2493 romani
641 2446 879 2508 suffragiis
898 2479 913 2504 ,
939 2447 1116 2510 quibus
1135 2446 1252 2493 Gat-

240 2524 345 2571 liam
364 2525 634 2572 citeriorem
660 2525 809 2573 11·inae
825 2526 1123 2587 adjacentem
1142 2541 1253 2573 cum

238 2603 429 2669 Illyrico
448 2603 672 2652 obtinuit
693 2604 741 2650 in
759 2606 1163 2668 quinquennium.

300 2683 347 2728 6.
385 2685 435 2729 A
475 2699 577 2747 quo
614 2693 816 2730 ornatus
854 2693 942 2731 ese.
981 2683 1251 2732 Multorum

235 2760 413 2809 dierum
460 2761 935 2826 supplicationibus,
980 2762 1250 2826 stipendio,

234 2839 390 2888 decem
412 2840 608 2904 legatis.

299 2936 348 2979 7.
382 2923 465 2966 An
493 2919 598 2966 dies
625 2931 772 2985 auget
793 2920 897 2985 ejus
922 2919 1211 2968 desiderium
1224 2925 1253 2967 e*

229 2998 543 3058 Diutumitas
565 2999 807 3047 absentiae.

300 3078 353 3124 8.
396 3078 587 3124 Laurea
621 3077 733 3126 illa.
772 3079 853 3125 An
884 3076 1066 3141 glorIa,
1107 3093 1252 3141 quam

229 3164 301 3202 tot
341 3155 618 3217 insignibus
664 3157 880 3204 victoriis
925 3168 1253 3221 consequutus

228 3242 324 3290 est,
352 3232 461 3296 ipsa
487 3233 721 3298 temporis
745 3234 1103 3298 longinquitate
1126 3250 1251 3282 con-

228 3314 432 3359 senescit
447 3348 463 3373 ,
490 3312 782 3373 obsolescit,
806 3323 855 3360 et
876 3313 927 3360 in
953 3312 1253 3361 oblivionem

228 3393 399 3438 sensim
426 3390 727 3440 adducitur?

292 3485 341 3532 9.
391 3469 450 3516 Si
480 3469 572 3533 qui
608 3468 848 3517 hontinem
887 3486 984 3517 non
1024 3470 1248 3536 diligunt.

231 3546 440 3596 Adverte
459 3549 559 3594 vim
579 3549 817 3607 oratoris,
839 3561 889 3597 et
907 3549 1249 3599 exuberantem

229 3627 470 3674 rationum
496 3628 708 3691 copiam.
732 3627 1071 3692 Interpellatua
1092 3628 1251 3676 suerat

230 3713 275 3749 et
289 3705 569 3762 incusatus,
588 3705 725 3768 quod
745 3707 979 3755 Caesarem
1002 3722 1028 3752 e
1050 3706 1248 3768 provin-

231 3782 297 3828 cia
317 3800 421 3830 non
443 3795 723 3842 revocaret,
740 3801 766 3830 a
786 3800 886 3848 quo
909 3794 1067 3831 tamen
1089 3784 1249 3831 omnis

228 3858 276 3906 in
294 3863 584 3910 Ciceronem
614 3873 869 3926 tempestas
895 3863 1045 3910 fuerat
1066 3864 1252 3910 excita-

230 3949 302 3996 ta;
350 3956 501 4004 quam
543 3940 866 4002 objectionem
912 3941 1057 3988 variis
1090 3941 1250 3988 modis

230 4017 387 4068 diluit.
431 4020 598 4067 Primo
637 4019 953 4068 concedendo
993 4037 1044 4068 ae
1091 4020 1251 4067 adbuc

228 4112 327 4145 ease
352 4099 557 4146 Caesaris
587 4100 864 4158 inimicum;
894 4110 998 4147 tum
1034 4099 1245 4147 dicendo

232 4191 282 4223 ae
320 4177 602 4226 inimicitias
631 4178 910 4243 reipublice
945 4178 1249 4237 condonare-5

1342 2461 1450 2492 rum
1497 2445 1751 2507 exemplo,
1802 2445 2005 2492 Caesaris
2053 2446 2268 2503 meritis,
2316 2458 2366 2494 et

1341 2534 1534 2571 senatus
1575 2524 1897 2584 auctoritate;
1936 2535 2036 2571 tum
2083 2525 2219 2588 quod
2265 2527 2365 2584 jam

1339 2614 1451 2650 ante
1467 2602 1531 2650 ad
1557 2601 1841 2667 dignitatem
1861 2603 2060 2651 Caesaris
2088 2603 2235 2650 multa
2259 2603 2363 2650 sine

1338 2683 1625 2744 cuiusquam
1653 2680 2045 2745 interpellatione
2079 2681 2363 2729 decreverit.

1337 2761 1483 2808 Nunc
1523 2761 1753 2825 quoniam
1797 2760 2002 2825 perfecti
2045 2759 2239 2807 demum
2287 2771 2364 2808 est

1338 2840 1572 2896 oratoris,
1599 2854 1652 2886 ea
1675 2855 1786 2903 quae
1812 2848 1984 2887 eontra
2011 2839 2165 2886 facere
2187 2839 2362 2886 viden-

1338 2925 1435 2975 tur,
1464 2917 1519 2964 in
1548 2934 1688 2965 usum
1725 2933 1881 2966 causa
1915 2934 2015 2966 ωε
2051 2929 2334 2966 convertere
2353 2953 2370 2975 ,

1338 3004 1411 3055 et,
1433 3005 1487 3043 ut
1516 2996 1710 3054 dicitnr,
1732 2997 2056 3046 adversarium
2086 2997 2250 3061 gladio
2272 3013 2363 3045 auo

1334 3075 1585 3138 jugulare,
1617 3076 1815 3122 assumit
1845 3077 1997 3139 ipsam
2029 3075 2360 3139 interpellato·

1340 3153 1405 3199 ris
1433 3156 1685 3201 rationem.
1715 3157 1879 3216 Quum
1896 3154 2022 3201 enim
2042 3154 2123 3201 ille
2150 3170 2210 3200 eo
2238 3166 2362 3203 esset

1341 3242 1627 3295 argumento
1646 3248 1790 3290 usus,
1818 3232 1878 3280 ab
1907 3234 2104 3281 infensis
2133 3243 2179 3280 et
2197 3235 2362 3281 inimi·

1342 3311 1412 3357 eis
1443 3311 1621 3359 Caesari
1661 3311 2000 3377 imperatorem
2040 3327 2149 3357 eum
2183 3329 2209 3358 e
2246 3329 2364 3377 pro-

1340 3390 1500 3437 vincia
1521 3390 1868 3445 revocandum,
1892 3399 1940 3436 et
1959 3388 2020 3436 ab
2041 3393 2275 3451 exercitu,
2297 3392 2360 3440 ab

1341 3469 1598 3517 occasione
1643 3468 1800 3516 laudis
1845 3470 2206 3530 amovenda-tu
2251 3488 2361 3536 quae

1337 3548 1536 3612 agenda
1573 3559 1733 3612 partes
1770 3548 1995 3596 Ciceroni
2031 3549 2157 3609 sint,
2186 3561 2361 3616 utpote

1338 3628 1539 3676 Caesaris
1558 3643 1657 3674 uon
1675 3627 1897 3675 studioso
1919 3641 1933 3675 ε
1955 3629 2080 3676 banc
2103 3640 2267 3676 orator
2285 3645 2365 3676 ar-

1336 3706 1453 3771 ripit
1472 3708 1723 3762 rationem,
1740 3717 1789 3754 et
1805 3705 2042 3755 vibratum
2067 3707 2117 3754 in
2137 3724 2188 3755 se
2211 3708 2360 3754 telum

1337 3786 1592 3848 reciproco
1636 3784 1769 3832 velut
1815 3785 1999 3849 impetu
2043 3796 2290 3848 retorquet
2334 3803 2364 3834 e

1340 3864 1608 3910 contrario.
1631 3863 1681 3908 Si
1706 3878 1815 3910 eum
1845 3864 1907 3911 de
1934 3865 2187 3928 provincia
2216 3864 2362 3912 devo·

1339 3950 1469 3988 caret
1511 3940 1838 4002 adversarius,
1885 3946 1927 3989 is
1965 3944 2119 4006 Ipsius
2160 3944 2362 3991 &saris
2459 3985 2472 3998 ,

1338 4018 1630 4066 utilitatibus
1672 4029 1719 4066 et
1757 4021 1924 4084 gloriae
1963 4021 2275 4082 consuleret,
2320 4023 2363 4068 is

1336 4114 1447 4146 eum
1489 4097 1553 4145 ad
1586 4098 1913 4164 triumphum,
1938 4101 2002 4149 sd
2043 4101 2213 4164 populi
2257 4115 2364 4162 gn..

1341 4177 1458 4226 tiam
1484 4176 1759 4226 devocaret.
