2994 4778
664 424 808 511 430
1345 425 2110 496 ARGUMENTUM.

744 547 902 626 quod
922 610 931 629 ι
954 547 1261 625 pecuniam
1313 549 1725 626 corrumpendi
1783 563 2011 609 senatus
2065 567 2243 607 causa
2274 547 2391 623 regi
2427 545 2739 616 credidisset3

743 644 905 723 quod
929 643 1209 714 Gabinio,
1252 656 1319 701 ut
1345 664 1536 722 regem
1561 646 1867 706 reduceret
1888 644 2301 726 persuasisset3
2335 642 2486 721 quod
2514 643 2740 721 palliatus

749 742 872 819 regi
901 753 1145 799 externo
1166 740 1492 814 serviisset;
1521 742 1680 820 quod
1709 744 1992 822 denique,
2027 756 2089 801 et
2115 740 2262 800 illud
2296 741 2588 799 maximum
2614 752 2741 809 erat,

747 837 1006 916 pecuniae
1038 849 1265 915 partem
1291 837 1625 915 accepisset.
1659 844 1794 925 Νφ
1820 841 2108 897 insontem
2134 857 2272 895 sane
2298 834 2581 895 Rabirium
2607 855 2742 892 accu-

748 947 978 995 saverat
1011 939 1072 994 C.
1090 935 1398 993 Memmius
1422 935 1612 1014 plebis
1637 936 1934 1010 tribunus;
1958 937 2060 996 sed
2089 936 2331 997 deerant
2350 945 2540 1004 testes,
2568 930 2744 1009 quibus

749 1051 883 1090 reus
897 1032 1314 1104 confutaretur,
1337 1044 1397 1090 et
1421 1053 1515 1091 res
1539 1046 1764 1093 tantum
1785 1054 1858 1093 ex
1885 1031 2225 1092 rumoribus
2243 1044 2302 1090 et
2322 1048 2569 1089 sermone
2588 1040 2742 1085 vecto·

751 1150 882 1189 rum
912 1128 1296 1207 quorumdam
1331 1129 1650 1189 constabat.

831 1322 902 1377 In
927 1319 1170 1378 exordio
1197 1319 1352 1399 (cap.
1381 1340 1432 1387 1,
1460 1320 1522 1396 a)
1555 1320 1809 1381 ostendit
1833 1320 2141 1380 Rabirium
2177 1320 2504 1386 Ptolemaeo,
2540 1314 2618 1371 cui
2641 1311 2739 1387 jam

752 1416 1013 1495 regnanti
1041 1416 1343 1494 pecuniam
1370 1416 1724 1488 crediderat,
1756 1431 1956 1496 postea
1982 1438 2166 1495 regno
2194 1415 2433 1494 expulso
2461 1428 2615 1488 quum
2637 1412 2739 1465 RO-

752 1532 904 1571 mam
953 1506 1234 1579 venisset,
1280 1512 1470 1589 egenti
1507 1525 1567 1571 et
1616 1513 1843 1593 roganti
1888 1514 2060 1572 aliam
2105 1513 2414 1592 pecuniam
2452 1504 2737 1571 credidisse,

748 1629 940 1686 neque
970 1628 1133 1666 suam
1166 1608 1385 1680 solum,
1417 1609 1519 1669 sed
1551 1610 1722 1669 etiam
1754 1610 2085 1668 amicorum.

828 1704 977 1762 Hinc
1018 1716 1286 1761 exortum
1332 1705 1456 1763 e'sse
1500 1706 1717 1764 crimen
1762 1717 2194 1771 accusatorum,
2231 1690 2350 1781 quo
2386 1710 2678 1775 corruptum
2710 1712 2737 1748 a

747 1806 1024 1859 Postumo
1053 1811 1321 1859 senatum
1351 1800 1578 1873 dicant3
1608 1802 1669 1859 in
1694 1822 1813 1879 quo
1845 1803 2053 1860 mirum
2088 1821 2219 1859 esse
2253 1799 2394 1858 dicit
2427 1797 2601 1854 Cicero
2626 1809 2740 1867 cm·-¹

750 1905 1020 1973 ruptores
1047 1914 1277 1953 causam
1310 1895 1505 1955 dicere
1520 1940 1536 1966 ,
1564 1917 1662 1955 eos
1685 1898 1787 1975 qui
1812 1898 2076 1978 corrupti
2100 1899 2221 1956 sint
2246 1917 2364 1955 non
2383 1893 2574 1952 dicere·
2590 1884 2737 1947 Simul

751 1992 1001 2052 ostendit
1035 2011 1264 2055 causam
1303 1984 1638 2053 Postumi'a
1683 2009 1885 2055 senatu
1926 1995 2244 2072 sejunctam
2285 2013 2423 2052 esse.
2457 1995 2584 2049 Tum
2616 1981 2736 2040 enim

750 2109 931 2167 quum
965 2090 1085 2167 regi
1114 2091 1416 2167 pecuniam
1445 2090 1737 2163 crederet,
1770 2113 1877 2150 nec
1909 2094 2142 2151 inimico
2168 2092 2379 2171 populi
2413 2083 2736 2151 romatni‚¹¹ec

751 2185 826 2244 ab
847 2186 963 2244 hoc
988 2187 1235 2265 imperio
1260 2186 1447 2245 alieno
1465 2228 1480 2258 ,
1515 2208 1633 2246 non
1662 2188 1933 2248 debuisse
1970 2210 2101 2247 eum
2133 2191 2241 2267 qui
2283 2186 2476 2256 dabat,
2505 2200 2606 2259 quo
2636 2172 2734 2242 ille,

748 2282 849 2360 qui
875 2282 1230 2361 accipiebat,
1261 2296 1656 2357 consumeret,
1683 2305 1969 2362 quaerere,
2004 2307 2130 2366 cap.
2149 2289 2206 2345 3.

831 2379 1056 2439 Deinde
1087 2379 1339 2440 ostendit
1375 2382 1635 2441 Postumi
1676 2403 1903 2442 causam
1940 2384 2110 2443 etiam
2144 2405 2179 2442 a
2204 2380 2456 2443 Gabinio
2481 2377 2738 2454 sejuncfflm

750 2497 892 2537 esse.
920 2481 1069 2536 Nam
1097 2478 1200 2536 illo
1221 2478 1410 2554 capite
1440 2479 1581 2556 legis
1604 2484 1639 2537 J
1643 2481 1772 2538 uliae
1799 2480 1872 2538 de
1903 2481 2240 2558 repetundis
2270 2507 2294 2533 α
2313 2497 2428 2557 quo
2454 2495 2516 2534 ea
2541 2465 2739 2550 pecunia

755 2574 1110 2653 pervenisset
1131 2599 1154 2624 υ
1190 2574 1478 2632 nemiuem
1523 2595 1797 2653 umquam
1842 2598 2071 2636 causam
2116 2577 2357 2648 dixisse,
2396 2573 2492 2651 qui
2530 2571 2583 2627 in
2618 2562 2739 2623 sesti-

754 2670 981 2736 mandis
1018 2670 1217 2729 litibus
1249 2670 1334 2728 rei
1374 2669 1447 2728 de
1478 2672 1818 2749 repetundis
1848 2674 2102 2733 damnati
2135 2674 2457 2753 appellatus
2481 2685 2586 2726 non
2607 2670 2738 2720 esset·

754 2767 1012 2827 Postumi
1040 2780 1262 2838 autem,
1296 2768 1355 2825 in
1373 2766 1599 2846 judicio
1626 2769 1891 2841 Gabinii,
1916 2771 2267 2829 mentionem
2295 2772 2496 2829 factam
2521 2780 2627 2821 esse
2647 2754 2742 2812 ¹¹¹11·

757 2865 868 2922 lam
884 2907 898 2935 ‚
924 2883 1051 2941 cap.
1081 2872 1132 2932 4.
1154 2868 1439 2922 Praeterea
1463 2865 1590 2944 lege
1616 2868 1771 2926 Julia
1796 2867 1870 2926 de
1893 2866 2230 2946 repetundis
2259 2888 2377 2926 non
2402 2860 2559 2923 modo
2576 2861 2740 2914 Postu-

755 2980 908 3019 mum
936 2960 1158 3039 ipsum,
1179 2959 1281 3018 sed
1312 2973 1495 3020 totum
1525 2962 1791 3021 ordinem
1818 2977 2138 3041 equestrem
2172 2965 2426 3022 solutum
2452 2978 2514 3017 ac
2537 2952 2737 3013 liberum

753 3077 876 3116 esse
894 3056 1169 3129 ostendit3
1196 3057 1255 3113 in
1283 3077 1470 3136 eoque
1499 3071 1557 3116 et
1582 3073 1912 3118 senatorum
1947 3060 2119 3119 fidem
2151 3061 2452 3139 implorat,
2491 3064 2543 3111 et
2561 3045 2737 3125 equites

751 3156 854 3231 qui
888 3154 1128 3213 aderant
1158 3155 1221 3212 in
1261 3155 1505 3215 consilio
1535 3155 1825 3234 judicum,
1864 3171 2090 3229 monet,
2120 3172 2184 3216 ut
2208 3156 2548 3235 provideant
2569 3165 2632 3204 ne
2653 3139 2737 3198 du·

754 3253 964 3309 riorem
1001 3251 1114 3309 sibi
1160 3265 1220 3310 et
1266 3253 1457 3312 ordini
1502 3273 1609 3312 suo
1658 3254 2048 3313 conditionem
2087 3267 2379 3323 statuant,
2417 3266 2577 3328 quam
2619 3242 2736 3297 serre
2796 3329 2799 3331 v

753 3346 961 3420 possit,
989 3367 1115 3424 cap.
1139 3349 1253 3420 5·7.

832 3444 979 3499 Tum
1010 3443 1225 3502 refutat
1246 3446 1452 3504 Cicero
1470 3446 1532 3504 id
1564 3447 1723 3524 quod
1753 3461 2052 3507 accusator
2078 3449 2395 3527 objecerat,
2421 3438 2691 3506 Gabinium
2715 3446 2740 3483 a

756 3539 1030 3595 Postumo
1072 3538 1248 3596 fuisse
1295 3541 1605 3614 impulsum
1632 3586 1648 3614 ,
1699 3557 1766 3602 ut
1803 3567 1995 3624 regem
2037 3548 2404 3606 Ptolemaeum
2445 3545 2500 3601 iu
2545 3545 2739 3611 regnum

755 3630 1088 3703 reduceret,
1117 3652 1245 3709 cap.
1263 3636 1330 3703 ὃς
1354 3646 1416 3690 et
1445 3635 1605 3710 quod
1634 3656 1766 3697 eum
1792 3639 2071 3700 dioeceten
2100 3642 2320 3719 regium
2343 3683 2361 3711 ,
2384 3643 2420 3699 i.
2445 3659 2492 3697 e.
2514 3642 2741 3714 procura-

757 3740 942 3785 torem
981 3746 1048 3785 ac
1086 3726 1542 3806 dispensatorem
1573 3733 1746 3793 fuisse
1779 3735 2033 3810 dixerat,
2075 3759 2194 3816 quo
2233 3739 2294 3796 in
2340 3750 2563 3796 munere
2598 3737 2742 3803 quum

755 3823 1058 3900 pecuniam
1100 3824 1352 3886 Gabinio
1394 3844 1653 3920 coge't,
1697 3831 1807 3889 sibi
1848 3853 2084 3912 quoque
2129 3835 2408 3914 coegerit,
2451 3850 2565 3908 cap·
2603 3836 2740 3900 9·¹¹·

755 3919 927 3991 Quod
964 3936 1155 3981 autem
1186 3939 1489 3985 accusator
1519 3928 1674 3987 dicat
1713 3930 1954 3990 testibus
1989 3933 2187 4011 legatis
2223 3925 2607 3993 Alexandrinis
2630 3934 2744 3997 ΡΨ·
2835 3991 2845 4004 ,

756 4014 884 4076 bari
927 4020 1230 4096 pecuniam
1272 4022 1346 4080 ad
1390 4029 1725 4084 Postumum
1755 4028 2113 4104 pervenisse,
2140 4029 2197 4086 id
2235 4048 2468 4107 prorsus
2508 4040 2609 4081 non
2643 4028 2740 4071 2⁵5⁶

754 4113 1124 4176 audiendum.
1147 4118 1391 4178 Eosdem
1420 4123 1572 4180 enim
1613 4136 1783 4182 testes
1817 4142 2049 4201 negasse
2085 4126 2385 4204 pecuniam
2416 4115 2639 4184 Gabinio
2667 4106 2741 4165 da·
