2994 4778
663 416 799 504 146
1279 414 1377 481 Μ.
1431 414 1510 481 Τ.
1563 411 2144 483 CICERONIS

647 531 1023 608 dicebas³t
1057 533 1147 605 de
1165 531 1432 630 quibus
1446 532 1631 604 duos
1652 546 2107 631 praetextatos
2138 531 2518 604 sedentes⁴
2543 532 2784 621 vides;

598 719 613 729 κ
646 658 721 715 te
773 640 1127 713 aedilitiam
1178 655 1590 738 praetextam
1631 656 1870 738 togam
1891 694 1910 726 ,
1952 662 2170 738 quam
2218 638 2485 714 frustra
2528 641 2782 715 confe—

643 776 842 848 cepas
866 807 886 839 ,
916 750 1353 837 vendidisse;
1391 751 1685 820 tertium
1723 752 1894 837 scis,
1926 772 2016 822 ex
2059 750 2183 822 illo
2221 750 2522 823 obsesso
2560 767 2785 850 atque

642 861 909 933 afflicto
928 858 1328 946 tribunatu,
1355 860 1807 931 consularem
1841 863 2335 932 auctoritatem
2351 859 2382 906 ⁵
2399 861 2783 934 hominem

555 1004 565 1012 ·
643 997 800 1044 esse
831 970 1363 1043 adolescentem
1393 978 1942 1067 consequutum'.
1972 969 2257 1068 Reliqui
2283 993 2411 1042 sex
2444 969 2782 1059 fuet-nnn

641 1108 729 1154 ex
765 1079 1037 1179 quibus
1071 1080 1331 1178 partim
1361 1080 1575 1176 plane
1604 1093 1844 1151 tecum
1870 1079 2306 1169 sentiebant,
2337 1083 2610 1178 partim
2638 1107 2784 1154 me-

640 1192 843 1264 dium
885 1187 1271 1288 quemdam
1307 1212 1599 1260 cursum
1636 1186 1983 1260 tenebant
2014 1214 2030 1258 2
2066 1212 2322 1261 omnes
2357 1189 2784 1262 habuerunt

640 1304 831 1402 leges
873 1299 1361 1398 promulgatas
1393 1324 1413 1387 ;
1469 1299 1548 1370 in
1584 1294 1696 1371 his
1733 1299 1994 1369 multas
2040 1319 2246 1371 meus
2292 1304 2781 1387 necessarius,

637 1418 851 1495 etiam
889 1408 980 1481 de
1010 1433 1169 1480 mea
1218 1409 1611 1496 sententia,
1651 1411 1727 1478 C.
1764 1410 2197 1496 Cosconius,
2223 1408 2452 1503 judex
2491 1426 2783 1500 noster3

641 1549 900 1623 quem,
940 1537 1020 1594 tu
1073 1522 1544 1621 disrumperis
1592 1576 1611 1609 ,
1645 1548 1876 1620 quum
1915 1519 2283 1593 aedilitium
2320 1524 2545 1596 vides.
2592 1526 2781 1597 Volo

638 1637 746 1706 uti
777 1632 956 1702 mihi
980 1631 1451 1730 respondeas,
1477 1656 1654 1703 num
1689 1633 1852 1730 quis
1880 1656 1969 1704 ex
2006 1645 2164 1704 toto
2200 1632 2508 1732 collegio
2548 1635 2778 1733 legem

640 1743 731 1813 sit
770 1767 985 1813 ausus
1029 1740 1289 1829 ferre⁶,
1329 1756 1588 1839 praeter
1633 1767 1862 1814 unum
1914 1742 2036 1813 te?
2088 1746 2268 1833 Quae
2318 1757 2524 1816 tanta
2575 1748 2654 1817 in
2711 1762 2781 1819 te

643 1851 778 1948 fuit
830 1852 1166 1938 audacia,
1233 1876 1395 1948 quae
1439 1865 1639 1922 tanta
1694 1856 1836 1938 vis,
1887 1866 2014 1939 ut,
2082 1876 2311 1948 quum
2359 1878 2626 1925 novem
2673 1857 2784 1927 tui

640 1942 928 2059 collegae
988 1961 1124 2033 sibi
1186 1962 1593 2033 timendum
1649 1986 1801 2033 esse
1860 1961 2238 2050 duxerint,
2280 1960 2357 2032 id
2409 1988 2605 2036 unus
2666 1981 2778 2053 tu,

646 2096 966 2143 emersus
1005 2096 1045 2143 e
1081 2096 1328 2160 coeuo,
1364 2071 1694 2142 omnium
1738 2068 1941 2143 facile
1978 2071 2317 2143 omnibus
2352 2070 2575 2145 rebus
2614 2074 2782 2146 infi-

649 2205 808 2251 mus
845 2235 865 2269 ‚
947 2180 1561 2252 contemnendum
1584 2234 1604 2268 ,
1672 2180 2211 2277 despiciendum
2234 2235 2254 2269 ,
2325 2181 2783 2256 irridendum

647 2292 991 2391 putares?
1045 2314 1220 2362 num
1265 2315 1482 2388 quem
1524 2305 1687 2388 post
1723 2290 1978 2362 urbem
2017 2291 2378 2363 conditam
2426 2295 2608 2366 scias
2655 2297 2782 2366 tri-

643 2399 925 2472 bunum
956 2402 1186 2499 plebis
1222 2405 1447 2498 egisse
1479 2425 1645 2472 cum
1681 2400 1892 2500 plebe
1915 2457 1935 2491 ,
1963 2427 2189 2499 quum
2231 2418 2598 2476 constaret
2634 2430 2784 2478 ser-

645 2525 890 2582 vatum
936 2535 1086 2582 esse
1123 2511 1215 2582 de
1256 2511 1486 2582 caelo?
1545 2511 1767 2582 Simul
1815 2513 2029 2581 etiam
2073 2510 2248 2581 illud
2290 2512 2463 2583 volo
2513 2519 2628 2584 uti
2669 2540 2785 2586 re-

646 2621 1039 2720 spondeas,
1071 2646 1336 2717 quum,
1367 2634 1439 2691 te
1473 2620 1773 2691 tribuno
1811 2619 2042 2718 plebis
2065 2679 2084 2705 ,
2139 2635 2323 2693 esset
2367 2624 2585 2694 etiam
2625 2638 2783 2696 tum

646 2733 723 2801 in
754 2729 1120 2830 republica
1149 2729 1263 2800 lex
1278 2729 1453 2799 AElia
1478 2745 1553 2799 et
1570 2729 1767 2801 Fufia
1789 2741 1856 2816 ⁷3
1885 2754 2047 2826 quae
2066 2730 2259 2826 leges
2282 2755 2787 2829 saepenumero

645 2840 1060 2911 tribunitios
1087 2833 1414 2910 furores⁸
1443 2837 1908 2910 debilitarunt
1933 2854 2006 2911 et
2033 2857 2575 2938 represserunt3
2602 2869 2790 2941 quas

649 3011 780 3059 enim
828 3008 926 3057 noli
950 3041 967 3068 ,
1008 3007 1093 3056 sed
1141 3007 1326 3057 tribuni
1370 3021 1571 3073 quoque
1609 3023 1668 3060 ne
1755 3018 1867 3057 cent
1894 3024 2038 3057 voees
2064 3009 2160 3059 illae
2181 3010 2452 3060 metor-icas
2477 3013 2783 3071 σου-ἰαῦ,

653 3088 879 3138 consules
901 3088 1117 3153 auspicia
1145 3087 1529 3153 interrogabant.
1755 3103 1858 3138 non
1883 3088 2008 3137 bene
2029 3101 2350 3153 compertum.
2388 3089 2509 3139 Non
2547 3104 2679 3141 certe
2707 3093 2789 3141 di-

728 3170 777 3218 3.
814 3167 1033 3217 Privatos
1062 3183 1162 3216 esse
1185 3167 1395 3216 dicebas.
1430 3168 1502 3215 Ut
1539 3167 1670 3232 leges
1758 3168 1915 3232 gnita
1963 3177 2066 3216 erat
2116 3168 2386 3217 consularis
2446 3169 2566 3219 huie
2608 3172 2786 3233 juveni

655 3248 971 3296 nihilominus
1011 3247 1318 3312 promulgare
1340 3281 1355 3305 ‚
1403 3263 1672 3312 eorumque
1756 3262 2000 3297 concessa.
2018 3249 2110 3297 ἔω
2134 3248 2299 3296 fot-un
2334 3248 2548 3298 habebat
2581 3263 2790 3301 oenten-

655 3325 1049 3372 obnuntiatione·
1102 3327 1301 3390 impune
1342 3337 1508 3391 posset
1546 3343 1670 3376 oon·
1760 3327 1877 3375 tiam
1919 3326 2106 3375 serendi
2131 3343 2244 3375 cum
2263 3329 2380 3375 viris
2405 3328 2792 3382 annularibus?

657 3414 883 3452 temnere.
1758 3408 1840 3456 vel
1860 3409 2081 3473 qnaednm
2103 3411 2150 3458 ei
2177 3411 2431 3460 commissa
2458 3412 2653 3462 suetam
2677 3429 2793 3462 nn-

728 3489 778 3537 4.
811 3480 1038 3528 θεάσηται
1073 3481 1228 3531 vides.
1272 3478 1392 3530 Non
1431 3483 1485 3531 in
1515 3484 1671 3533 tribn-
1759 3487 1870 3546 nin,
1907 3503 2017 3551 que
2043 3488 2138 3538 ooli
2171 3490 2400 3540 eonsule-
2427 3506 2657 3542 exereeoe
2689 3508 2792 3556 po-

657 3559 787 3616 nali3
817 3574 932 3607 mm
957 3559 1044 3621 qui
1077 3560 1385 3624 magistratu·
1414 3561 1670 3626 gerebant,
1758 3568 1952 3616 terant?

649 3637 835 3698 judicia
859 3652 961 3684 non
987 3647 1216 3700 poterant
1241 3653 1489 3698 exercere,
1515 3641 1602 3689 ned
1619 3641 1671 3690 ln
1826 3647 1877 3694 6.
1901 3648 2060 3695 Ausus
2069 3646 2232 3712 [σι-νο
2257 3650 2407 3712 Lege·
2433 3649 2638 3714 quidem
2661 3666 2798 3715 pro-

652 3726 847 3766 senatn.
894 3715 962 3766 111
1007 3714 1111 3764 duo
1158 3727 1297 3765 erant
1338 3718 1584 3768 Domitius
1622 3731 1671 3768 et
1757 3736 2056 3789 posuerunt3
2095 3727 2183 3775 sed
2219 3730 2497 3778 rennuunt·
2542 3731 2800 3795 auspicio-

654 3794 930 3843 Ancharius
946 3827 963 3854 ,
1012 3796 1098 3858 qui
1148 3807 1404 3859 pratus-nm
1445 3797 1671 3848 obtinue-
1755 3819 1866 3852 νοω
1892 3801 2162 3869 religione,
2199 3823 2302 3856 non
2329 3808 2682 3859 recitaverunt.

655 3885 780 3923 rant.
1829 3899 1877 3944 7.
1900 3887 2006 3932 Lex
2028 3885 2166 3934 AElia
2192 3897 2244 3934 ee
2274 3887 2433 3954 Fufia.
2461 3889 2601 3950 Qun
2616 3900 2802 3955 poste·

724 3954 776 4002 5.
818 3952 1130 4002 consularem
1162 3953 1526 4006 auctoritatem.
1556 3959 1671 4005 Ter-
1757 3961 1924 4010 infami
1951 3965 2204 4027 rogatione
2232 3981 2320 4014 sua
2345 3966 2559 4017 clodiu-
2585 3985 2616 4016 ο
2640 3984 2801 4033 repn-

651 4034 750 4081 tins
766 4031 844 4080 ille
863 4041 938 4080 ent
958 4032 1016 4081 C.
1035 4033 1272 4096 Fannius,
1290 4045 1346 4082 ut
1364 4052 1428 4084 ex
1445 4038 1669 4086 oratione
1757 4037 1882 4088 blica
1909 4041 2120 4091 sustulit.

645 4129 742 4177 pro
766 4111 937 4162 Sextio
964 4110 1136 4177 liquet.
1164 4113 1297 4175 Quid
1323 4131 1441 4164 vero
1479 4115 1668 4182 signifi·
1830 4119 1883 4169 8.
1913 4119 2424 4186 Tribunitiosfumres.
2441 4123 2614 4187 Quum
2633 4137 2807 4190 etpe-

607 3863 645 3900 O
