2994 4778
630 354 769 428 568
1264 359 1361 426 Μ.
1413 361 1488 426 Τ.
1543 346 2107 428 CICERONIS

626 476 938 548 curanda
965 491 1135 549 sunt
1154 530 1174 564 ,
1209 477 1475 574 quibus
1503 492 1760 577 praeter
1782 493 1853 549 te
1882 476 2144 548 mederi
2168 500 2399 548 nemo
2423 486 2459 538 7
2491 491 2751 574 potest.

718 593 969 685 Itaque
1008 588 1197 659 illam
1242 603 1437 659 tuam
1483 584 2138 685 proeclarissimam⁸
2184 601 2253 657 et
2286 588 2752 684 sapientissi-

623 722 816 768 mam
856 721 1107 768 vocem
1159 698 1426 768 invitus
1472 696 1710 767 audivi
1752 724 1768 766 ε
1819 700 2055 767 «Satis
2094 696 2267 766 diu⁹
2308 697 2430 766 vel
2483 710 2755 765 naturae

625 807 771 876 vixi
788 858 807 890 ,
832 806 940 877 vel
966 806 1208 903 gloriae
1232 817 1293 849 ¹⁰
1312 836 1366 876 n.
1397 808 1614 892 Satis,
1642 808 1702 877 si
1730 807 1827 876 ita
1854 808 1993 891 vis·,
2022 814 2363 875 naturae¹¹
2401 803 2753 890 fortasse3

626 913 816 986 addo
860 919 1108 1002 etiam,
1161 917 1218 986 si
1262 917 1536 1015 placet,
1595 916 1838 1012 gloriae
1888 944 1905 986 z
1947 930 2053 998 at,
2108 913 2313 1012 quod
2355 915 2757 983 maximum

626 1040 769 1113 est,
802 1027 1044 1122 patriae
1072 1041 1265 1098 certe
1301 1051 1579 1124 parum.
1612 1028 1853 1115 Quare
1880 1027 2172 1107 omitte,
2212 1048 2462 1121 quaeso
2484 1075 2505 1107 ,
2548 1024 2754 1093 istam

628 1132 1007 1205 doctorum
1044 1134 1424 1206 hominum
1460 1137 1538 1206 in
1584 1133 2116 1206 contemnenda
2150 1149 2394 1204 morte
2446 1132 2756 1231 pruden-

626 1246 796 1315 tiam
835 1271 851 1314 ε
890 1245 1042 1315 noli
1082 1260 1327 1316 nostro
1363 1246 1685 1343 periculo
1716 1246 2001 1342 sapiens
2033 1269 2190 1315 esse
2213 1253 2303 1312 ¹².
2340 1247 2548 1340 Saepe
2574 1245 2753 1313 enim

624 1354 817 1423 venit
858 1352 949 1423 ad
991 1377 1198 1426 aures
1250 1379 1480 1442 meaS,
1544 1370 1613 1425 te
1675 1353 1865 1425 idem
1911 1349 2187 1425 istud¹³
2239 1354 2467 1423 nimis
2509 1351 2754 1423 crebro

627 1462 902 1548 dicere,
939 1467 1107 1563 satis
1141 1478 1214 1533 te
1253 1463 1387 1534 tibi
1429 1466 1709 1536 vixisse.
1746 1464 1983 1535 Credo
2025 1493 2040 1534 :
2079 1463 2205 1535 sed
2256 1478 2418 1534 tum
2452 1464 2528 1534 id
2560 1461 2751 1533 audi-

626 1595 818 1658 rem,
867 1574 924 1649 si
963 1570 1093 1642 tibi
1143 1571 1275 1642 soli
1326 1575 1634 1661 viveres,
1678 1590 1803 1645 aut
1835 1576 1893 1644 si
1938 1571 2072 1644 tibi
2107 1576 2329 1645 etiam
2378 1572 2518 1644 soli
2556 1588 2753 1643 natus

629 1703 839 1751 esses.
902 1684 1144 1767 Nunc,
1215 1706 1440 1777 quum
1506 1684 1834 1755 omnium
1888 1685 2193 1755 salutem
2259 1685 2532 1754 civium
2582 1708 2754 1753 cun-

629 1802 963 1885 ctamque
997 1789 1520 1887 rempublicam
1565 1817 1680 1863 res
1723 1808 1860 1863 tuae
1896 1808 2108 1888 gestae
2144 1793 2550 1890 complexa:
2576 1795 2752 1876 sint,

627 1911 906 1969 tantum
939 1895 1109 1969 abes
1144 1923 1184 1969 a
1220 1898 1657 1996 perfectione
1694 1904 2254 1973 maximorum¹4
2295 1927 2639 2000 operum,
2672 1919 2755 1973 ut

628 2005 1132 2094 fundamenta,
1192 2034 1352 2105 quae
1407 2013 1715 2107 cogitas,
1782 2011 2108 2081 nondum
2145 2012 2437 2105 jeceris,
2498 2016 2619 2083 Hic
2675 2028 2757 2083 tu

629 2117 926 2188 modum
956 2132 1098 2189 tuae
1127 2119 1316 2202 vitae,
1352 2144 1504 2188 non
1530 2119 1757 2191 salute
1781 2118 2196 2220 reipublicae
2219 2176 2238 2208 ,
2272 2120 2405 2191 sed
2433 2124 2755 2219 aequitate

633 2229 854 2296 animi
878 2222 943 2271 ¹⁵
985 2225 1328 2302 definies?

627 2419 808 2468 Erfurt.
830 2417 1005 2467 Dresd.
1034 2421 1208 2469 Franc.
1234 2430 1445 2483 utroque
1470 2431 1521 2468 et
1541 2420 1647 2468 edi-

631 2499 844 2547 tionibus
862 2498 1222 2547 vetustioribns.
1243 2498 1410 2546 Nescit
1423 2499 1647 2548 Graevius

1731 2419 1921 2485 pridem
1965 2418 2200 2483 potentin
2254 2417 2532 2483 gloriaque
2580 2419 2757 2468 abunde

1732 2498 1988 2563 adeptnnu
2018 2514 2170 2561 remp.
2190 2497 2235 2544 si
2255 2497 2386 2561 quid
2407 2499 2505 2546 sibi
2528 2500 2752 2554 eveniret,

634 2593 723 2625 cnr
739 2578 1027 2642 posteriores
1052 2577 1260 2626 editores
1283 2577 1598 2641 neglexerint.

703 2673 752 2717 7.
782 2655 970 2703 Meden'
985 2672 1146 2705 nemo.
1171 2656 1425 2704 Sallustius
1450 2656 1513 2704 ad
1537 2657 1644 2704 Cae·

631 2751 784 2783 sarem
811 2734 872 2782 de
906 2751 1008 2799 rep.
1037 2734 1305 2784 ordinanda
1330 2749 1343 2782 ε
1379 2757 1404 2775 α
1425 2735 1646 2797 Namque

635 2824 720 2861 sut
758 2824 808 2860 tu
841 2813 1021 2860 mederi
1067 2824 1235 2876 potes,
1263 2822 1346 2858 aut
1378 2812 1647 2860 omittenda

634 2902 706 2940 est
732 2907 846 2939 cura
875 2891 1162 2940 omnibus».
1192 2890 1338 2954 Quod
1367 2893 1488 2941 Ceto
1511 2892 1649 2955 prius

633 2979 882 3020 censuerat
907 2969 968 3017 de
990 2971 1081 3019 Cn.
1098 2970 1351 3034 Pompeio.

708 3054 758 3100 8.
791 3053 942 3100 Tuam
957 3047 1403 3115 proeclarissae'snam.
1429 3048 1651 3097 Nobilis·

639 3131 809 3177 simum
834 3146 1022 3178 vocem.

710 3226 762 3270 9.
793 3209 872 3256 Sic
902 3211 1063 3257 GraeV.
1083 3208 1283 3257 Lellem.
1307 3208 1369 3256 nl.
1398 3205 1530 3254 Olim
1556 3204 1658 3255 edi·

638 3297 744 3334 tum
784 3287 906 3345 fuit,
940 3289 1106 3335 «Satis
1140 3297 1187 3334 te
1230 3287 1317 3333 diu
1357 3286 1434 3333 vel
1471 3297 1654 3333 natura

642 3363 842 3416 vixisse.
867 3364 944 3410 vel
972 3366 1138 3428 gloriae
1155 3386 1199 3413 ιο.
1222 3367 1270 3412 J.
1287 3367 1350 3413 V.
1381 3368 1437 3412 L.

717 3457 797 3489 xo.
827 3441 1027 3490 Glon'ce.
1066 3445 1280 3505 Apparet
1315 3459 1377 3489 ex
1411 3443 1503 3489 bec
1537 3457 1646 3489 ora-

635 3522 756 3569 toris
779 3519 1070 3581 digressione
1094 3519 1394 3575 admirabili,
1415 3520 1651 3566 Caesarem

637 3596 899 3664 aliquando
926 3595 998 3643 vel
1012 3607 1213 3660 propter
1231 3595 1544 3643 valitudinem
1559 3598 1653 3643 mi-

636 3695 730 3726 nus
757 3689 1066 3741 prosperam,
1105 3674 1183 3721 vel
1216 3684 1418 3738 propter
1452 3674 1652 3722 insidias

633 3756 851 3819 nudique
874 3752 1207 3815 imminentes,
1234 3754 1344 3801 vitae
1376 3753 1522 3801 fuisse
1549 3771 1653 3818 per-

636 3833 1003 3891 taesum,.sicut
1040 3833 1298 3880 Suetonius
1342 3834 1393 3880 in
1438 3833 1652 3893 ejusdem

634 3913 730 3959 vita
773 3912 1008 3980 scriptum
1046 3911 1275 3974 reliquit:
1313 3935 1337 3953 κ
1360 3912 1460 3959 Alii
1490 3913 1653 3960 ferunt

636 3991 797 4038 dicere
840 3989 1068 4048 solitum,
1106 4007 1208 4038 non
1250 4002 1342 4039 tum
1381 4007 1465 4038 sua
1507 4008 1649 4054 quam

638 4069 757 4134 reip.
771 4069 1021 4129 interesse,
1044 4070 1117 4117 uti
1133 4070 1291 4118 salvus
1312 4081 1461 4129 «τεθεὶς
1485 4086 1536 4116 se
1551 4072 1646 4130 Jam
1664 4121 1673 4128 R

1732 2594 1889 2641 neque
1907 2578 2117 2641 quietam
2139 2577 2244 2623 sore
2271 2588 2324 2623 et
2348 2576 2607 2641 aliquanto
2627 2579 2754 2625 dete·

1734 2658 1860 2704 riore
1888 2654 2171 2704 conditione
2211 2655 2382 2703 civilia
2420 2657 2555 2704 belh
2583 2657 2753 2704 subitu-

1734 2751 1835 2784 ram
1852 2770 1868 2793 ,
1894 2744 1992 2783 etc.
2015 2756 2041 2775 κ
2064 2735 2186 2798 Cep.
2219 2734 2302 2781 86.

1810 2829 1893 2863 ιι.
1932 2815 2133 2860 Natum
2152 2813 2396 2878 fortasse.
2428 2815 2515 2861 Ad
2548 2825 2751 2877 qni-tm

1736 2903 1785 2940 et
1795 2892 1948 2955 quinq
1955 2893 2254 2954 nagesimnm
2266 2907 2453 2938 ennam
2466 2893 2754 2955 pedena-at.

1814 2988 1893 3020 ια.
1920 2972 2119 3036 Sapiens
2154 2987 2275 3019 esse.
2305 2974 2595 3019 Stoicorum
2632 2987 2755 3019 more

1738 3052 2099 3116 philosophari.

1817 3131 1899 3178 13.
1916 3130 2103 3177 Weisk.
2124 3128 2281 3176 edidit
2297 3145 2325 3176 e
2344 3131 2653 3190 conjecturs.
2672 3138 2750 3175 -te

1741 3209 1857 3256 item
1883 3208 2014 3255 istud
2029 3230 2070 3256 a.
2097 3209 2217 3256 Non
2236 3209 2502 3270 eleganter.
2526 3210 2575 3256 J.
2590 3209 2712 3254 [12.

1816 3296 1898 3343 ¹4·
1924 3289 2016 3336 Ed.
2034 3287 2273 3335 waldarf.
2293 3287 2555 3351 majorum.

1817 3368 1896 3415 15.
1944 3365 2197 3429 AEqm‘eate
2249 3366 2425 3414 animi.
2479 3363 2747 3426 Intenigimr

1739 3445 1968 3496 hocloco
1987 3445 2049 3492 ab
2073 3455 2272 3492 oratore
2293 3443 2606 3507 tranquillius
2627 3457 2751 3504 qnae·

1741 3524 1851 3572 dnm
1890 3535 1938 3570 et
1974 3535 2118 3572 tenor
2155 3524 2307 3571 animi
2346 3524 2412 3570 ad
2435 3538 2620 3569 omnem
2650 3521 2748 3566 Kor—

1738 3615 1867 3666 tunae
1887 3613 2113 3649 eventum
2132 3604 2197 3649 ita
2214 3602 2482 3665 comparati
2494 3637 2511 3660 ,
2527 3611 2585 3646 nt
2605 3614 2753 3661 neque

1740 3681 1953 3729 adversis
1975 3697 2025 3727 se
2063 3680 2315 3738 demittat,
2340 3691 2391 3726 et
2420 3679 2567 3728 obrui
2592 3695 2640 3725 se
2675 3693 2754 3740 pn·

1742 3761 1914 3820 tiator,
1952 3775 2108 3821 neque
2148 3758 2297 3806 rebus
2336 3757 2565 3805 soeundis
2600 3755 2761 3804 imole-

1739 3849 1872 3899 scat3
1912 3837 2068 3900 qualis
2112 3838 2204 3884 fnit
2253 3837 2305 3883 in
2360 3839 2589 3894 Socrate,
2621 3849 2754 3898 quem

1738 3915 1909 3964 eodem
1949 3931 2138 3978 semper
2174 3914 2313 3962 vultu
2355 3916 2507 3962 fuisse
2541 3914 2759 3963 tadum.

1737 4010 2090 4057 quemcumque
2130 4009 2296 4040 casnm
2344 3994 2451 4040 sors
2488 3993 2754 4042 obtulisset.

1737 4074 1974 4126 Nonnulli
1994 4073 2088 4121 hoc
2108 4075 2160 4120 in
2178 4073 2292 4121 loeo
2311 4073 2578 4122 haeserunt.
