2994 4778
687 463 1088 532 ORATIO
1138 462 1249 531 IN
1304 463 1838 533 VATINIUM.
2193 468 2358 563 ¹39¹

296 586 410 655 111.
453 587 647 658 Nam
703 582 909 681 quod
952 584 1132 654 mihi
1173 581 1564 654 discessum
1589 594 1608 628 ¹
1665 583 1993 679 objecisti
2035 610 2317 672 meum,

206 706 277 764 et
305 692 480 791 quod
530 692 814 764 horum
836 704 892 780 ²,
935 693 1204 790 quibus
1245 692 1365 764 ille
1408 693 1565 765 dies
1609 693 2105 768 acerbissimus
2142 696 2316 786 fuit,

205 803 318 899 qui
350 802 543 875 idem
582 802 724 874 tibi
775 804 1169 875 laetissimus
1198 857 1219 891 ‚
1273 802 1552 875 luctum
1596 819 1669 875 et
1715 808 2062 901 gemitum
2107 832 2316 879 reno·

200 937 343 984 vare
378 913 688 985 voluisti
717 941 735 984 :
763 927 1045 984 tantum
1082 912 1216 984 tibi
1257 913 1704 1011 respondeo,
1742 938 1891 1000 me,
1930 939 2155 1011 quum
2196 931 2274 986 tu
2297 969 2317 1002 ‚

198 1037 587 1120 ceteraeque
626 1022 1044 1122 reipublicae
1079 1038 1317 1122 pestes
1330 1021 1384 1110 ³,
1417 1047 1783 1094 armorum
1816 1047 2103 1095 causam
2137 1049 2323 1121 quae·

195 1135 462 1221 rel-etis,
510 1148 595 1205 et
642 1159 876 1231 quum
913 1160 1045 1234 per
1093 1157 1337 1207 meum
1381 1159 1651 1205 nomen
1677 1137 1709 1185 ⁴
1758 1130 2086 1204 fortunas
2121 1133 2322 1205 locu-

198 1241 481 1340 pletium
529 1243 893 1342 diripere,
935 1247 1354 1343 sanguinem
1399 1245 1811 1343 principum
1852 1245 2158 1318 civitatis
2196 1270 2319 1316 ex-

196 1351 468 1427 sorbere
490 1409 513 1443 ,
547 1353 1049 1428 crudelitatem
1086 1371 1397 1429 vestram
1433 1354 1830 1451 odiumque
1858 1354 2320 1444 diuturnum,

196 1462 371 1559 quod
408 1465 489 1535 in
536 1462 784 1537 bonos
818 1465 965 1561 jam
1010 1468 1484 1538 inveteratum
1531 1463 1944 1551 habebatis,
1998 1478 2315 1536 saturare

196 1573 587 1669 cuperetiS,
647 1573 882 1646 scelus
936 1589 1009 1646 et
1058 1573 1380 1647 furorem
1428 1589 1743 1645 vestrum
1790 1570 2117 1645 cedendo
2169 1598 2322 1645 ma-

196 1678 391 1753 luisse
422 1680 806 1780 frangere,
836 1709 1053 1783 quam
1086 1683 1512 1757 resistendo.
1544 1686 1788 1773 Quare
1822 1697 1994 1781 peto
2026 1706 2068 1753 a
2102 1696 2211 1770 te,
2237 1698 2321 1754 ut

200 1790 355 1866 mihi
416 1793 834 1890 ignoscas⁵,
898 1797 1175 1883 Vatini,
1240 1818 1468 1893 quum
1530 1795 1772 1890 patriae
1843 1794 2324 1890 pepercerim,

197 1924 393 1996 quam
420 1928 833 1994 servaram3
860 1920 964 1992 et,
1000 1906 1060 1976 si
1082 1930 1218 2002 ego
1246 1920 1317 1975 te
1346 1903 1785 2002 perditorem
1810 1918 1882 1973 et
1906 1917 2314 1974 vexatorem

200 2012 600 2110 reipublicae
651 2012 842 2103 fero,
891 2030 972 2087 tu
1021 2040 1139 2090 me
1183 2029 1763 2087 conservatorem
1816 2027 1889 2083 et
1944 2012 2315 2085 custodem

198 2117 382 2195 seras.
423 2124 717 2196 Deinde
753 2126 908 2221 ejus
946 2126 1078 2196 viri
1125 2124 1512 2197 discessum
1549 2126 1910 2220 increpas,
1958 2147 2173 2220 quem
2209 2126 2315 2194 vi·

198 2228 350 2320 des,
375 2235 714 2306 omnium
751 2236 1014 2306 civium
1043 2233 1432 2323 desiderio,
1472 2234 1698 2330 ipsius
1733 2229 2047 2328 denique
2077 2234 2317 2331 reipu-

200 2338 391 2415 blicae
455 2344 666 2417 luctu
716 2368 870 2417 esse
924 2345 1382 2418 revocatum?
1446 2347 1536 2416 At
1591 2342 1779 2414 enim
1834 2340 2111 2428 dixisti,
2166 2368 2317 2415 non

199 2473 386 2538 mea,
439 2455 565 2527 sed
607 2455 1020 2554 reipublicae
1070 2482 1278 2528 causa
1322 2455 1654 2525 homines
1716 2451 1808 2524 de
1860 2478 2027 2525 meo
2077 2454 2315 2526 reditu

204 2559 570 2637 laborasse.
596 2567 823 2657 Quasi
859 2591 1032 2638 vero
1068 2569 1450 2664 quisquam
1485 2565 1630 2651 vir,
1659 2562 2040 2634 excellenti
2071 2568 2316 2634 animo

196 2671 268 2741 in
304 2673 824 2772 rempublicam
851 2678 1248 2774 ingressus,
1277 2673 1668 2772 optabilius
1698 2671 2098 2770 quidquam
2135 2672 2319 2743 arbi-

199 2794 443 2872 tretur,
470 2810 692 2881 quam
720 2809 795 2857 se
819 2810 859 2858 a
887 2787 1032 2857 suis
1060 2784 1334 2856 civibus
1361 2781 1776 2881 reipublicae
1809 2778 2067 2853 causa⁶
2092 2780 2310 2878 diligi.

195 2975 393 3042 sagium
426 2977 625 3043 quidem
658 2995 722 3028 ex
751 2996 838 3027 sna
867 2979 997 3028 tribu
1023 2979 1203 3028 tulerit.
1293 2988 1365 3026 tra
1387 2994 1462 3025 me
1483 2988 1785 3042 caperentur,
1813 2986 1862 3023 et
1890 2972 2003 3023 idco
2031 2987 2202 3025 contra
2232 2993 2310 3026 ce·

191 3056 414 3105 Ceterum
435 3069 601 3122 postea
620 3059 792 3107 consul
819 3075 848 3107 s
878 3059 1062 3109 Caesare
1091 3075 1202 3107 cum
1293 3065 1419 3104 teros
1456 3072 1624 3103 omnes
1654 3055 1741 3117 qui
1768 3071 1922 3103 cansae
1951 3071 2070 3104 men
2101 3059 2314 3121 patroci-

193 3133 331 3183 Fufio
359 3136 548 3187 calmo
569 3137 725 3186 factus
751 3148 853 3197 ατς
883 3150 938 3186 ut
961 3137 1096 3201 quod
1122 3153 1204 3186 su·

193 3224 381 3279 peterat
436 3213 580 3265 breve
624 3216 740 3264 enni
794 3217 1005 3283 spatium
1057 3216 1204 3264 adim·

194 3292 365 3420 Ἢ.
386 3389 433 3423 ι.
472 3372 758 3423 moenum.
797 3373 962 3437 Quum
1004 3373 1206 3439 iniquis-

195 3448 309 3541 sinn·
333 3450 495 3501 clodii
530 3451 639 3517 lege
672 3451 737 3501 eb
769 3451 891 3500 urbe
912 3452 1083 3518 pulsus
1108 3452 1206 3502 dis-

197 3540 543 3659 Tam.
586 3609 822 3674 sedicunt
840 3644 857 3670 ,
897 3622 949 3660 et
987 3609 1204 3660 omnium

201 3684 286 3746 qui
304 3684 420 3736 bene
446 3687 509 3736 de
532 3688 785 3755 republica
805 3689 1097 3738 sentiebant.

276 3763 328 3812 3.
351 3765 523 3815 (ἵκει-ω
547 3779 732 3833 pestes.
753 3769 925 3832 Qualis
943 3767 1201 3830 Gabinius,

200 3839 347 3902 Ρίσο,
371 3843 590 3905 Clodius,
630 3846 875 3911 ceterique
912 3863 1082 3897 omnes
1121 3850 1208 3912 qui

198 3916 480 3979 plebeculam
495 3923 563 3972 sd
586 3923 854 3974 seditiones
878 3926 1207 3977 concitabant.

269 3999 419 4052 &Per
441 4018 601 4049 meum
625 4020 822 4051 nomen.
853 4005 972 4052 Meo
1009 4004 1208 4054 nomine

1290 3136 1423 3182 nium
1475 3134 1836 3197 suscepissent:
1876 3132 1991 3180 iude
2032 3134 2201 3182 fuisset
2249 3136 2314 3182 sa-

1293 3226 1425 3261 ctum
1444 3246 1462 3273 ‚
1500 3223 1555 3260 ut
1574 3219 1752 3259 'omnes
1786 3210 2104 3259 miscerentur
2135 3216 2312 3280 gravis.

1293 3293 1416 3340 simo
1452 3290 1583 3340 bello
1612 3289 1891 3354 reipublice
1924 3289 2152 3352 ordines,
2186 3305 2232 3342 et
2259 3294 2313 3344 in

1291 3371 1456 3420 medio
1482 3386 1641 3419 rerum
1669 3384 1946 3418 eversarum
1971 3372 2211 3430 tumultu,
2253 3373 2312 3421 li.

1295 3451 1469 3498 cuisset
1515 3448 1606 3496 tibi
1659 3448 1927 3513 ceterisque
1970 3450 2169 3516 collegis
2219 3456 2318 3504 tuis

1293 3543 1404 3594 qua
1427 3528 1635 3579 Catilina
1657 3529 1855 3596 parabat
1874 3529 2085 3578 facinora
2103 3533 2320 3596 exsequi.

1367 3610 1412 3658 5.
1431 3610 1494 3656 Ue
1509 3607 1630 3657 milti
1643 3608 1891 3675 ignoscas.
1911 3609 2096 3675 Argute
2113 3611 2315 3661 dictum.

1293 3689 1493 3738 Veniam
1513 3689 1576 3738 eb
1594 3706 1654 3738 eo
1680 3692 1830 3754 petit,
1867 3690 2001 3753 quod
2018 3724 2034 3747 ‚
2069 3707 2218 3754 quum
2241 3709 2318 3741 res

1294 3772 1459 3836 peragi
1506 3771 1764 3835 potuisset,
1787 3770 1880 3819 nisi
1916 3771 2166 3835 profectus
2199 3773 2318 3821 suis·

1294 3859 1365 3896 set
1384 3882 1399 3906 ‚
1424 3848 1637 3897 discessu
1677 3865 1767 3898 suo
1798 3866 1907 3917 spes
1943 3865 2111 3900 omnes
2144 3868 2311 3900 eorum

1296 3927 1695 3992 pessumdederit.
1969 3974 1978 3983 ,
1989 3953 1994 3956 v

1367 4006 1421 4054 6.
1472 4004 1762 4068 Reipublica-
1803 4022 1952 4055 eausa
1999 4008 2154 4073 diligi.
2208 4009 2314 4055 Fuit

197 4083 440 4137 praeno.
455 4078 680 4143 Namque
705 4081 969 4145 sperabatis
987 4084 1118 4144 fore,
1145 4094 1201 4131 ut
1289 4085 1420 4134 enim
1438 4083 1613 4134 Cicero
1635 4085 1914 4149 reipublice
1941 4103 2084 4134 musa
2115 4102 2311 4134 revoca-

199 4151 239 4196 ti
266 4150 362 4215 legi
380 4171 477 4205 non
501 4158 911 4223 obtemperarem,
941 4176 1067 4209 anna
1086 4177 1200 4210 con·
1290 4173 1366 4211 tus
1388 4179 1400 4212 :
1438 4179 1548 4213 nam
1576 4179 1730 4229 quum
1771 4167 1824 4213 Ρ.
1849 4165 2059 4215 Clodius
2076 4163 2310 4226 Pompeio
