2994 4778
581 386 725 474 440
1157 382 1169 396 ·
1220 387 1316 453 M.
1368 387 1444 452 T.
1500 385 2068 457 clcERoms

580 505 807 582 citiis³
864 521 1238 605 receptum
1288 508 1364 577 in
1405 508 1706 604 gratiam
1755 532 2044 579 summo
2082 506 2323 579 studio
2363 505 2732 578 defende-

579 623 715 692 rim
739 675 759 707 ,
783 619 981 690 hunc
1005 616 1344 690 afflictum
1373 616 1642 688 violare
1665 641 1818 688 non
1836 616 2092 689 debeo,
2115 621 2456 708 Quocum
2480 630 2735 685 stante

586 735 647 801 si
684 753 799 799 me
837 732 971 800 Cn.
1001 727 1323 823 Pompeii
1351 731 1740 798 auctoritas
1762 729 1838 797 in
1871 729 2165 824 gratiam
2198 750 2351 797 non
2379 725 2733 797 reduxis-

582 855 729 923 set,
777 863 973 909 nunc
1002 838 1148 931 jam
1203 837 1425 934 ipsius
1467 834 1760 908 fortuna
1796 837 2190 909 reduceret.
2230 836 2370 907 Sed
2420 851 2681 907 tamen
2711 889 2735 919 ,

582 974 811 1049 quum
858 951 957 1019 ita
1004 946 1215 1035 dicis,
1275 951 1600 1018 Postumi
1650 946 1966 1045 impulsu
2015 946 2410 1018 Gabinium
2467 943 2732 1042 profe·

567 1075 782 1133 ctum
819 1056 1312 1130 Alexandriam
1347 1082 1362 1126 ε
1402 1059 1461 1127 si
1499 1054 1895 1143 defensioni
1926 1056 2267 1128 Gabinii‘*
2306 1054 2531 1127 fidem
2558 1080 2728 1125 non

580 1170 805 1251 habes
823 1223 842 1255 ‚
868 1168 1398 1240 obliviscerisne
1417 1167 1634 1238 etiam
1657 1168 2128 1238 accusationis
2153 1168 2334 1237 tuae?
2358 1164 2725 1236 Gabinius

580 1304 656 1353 se
696 1279 768 1351 id
793 1275 1085 1349 fecisse⁵
1125 1275 1407 1347 dicebat
1445 1276 1859 1374 reipublicae
1888 1302 2136 1364 causa,
2177 1275 2383 1374 quod
2413 1276 2719 1347 classem

582 1384 949 1459 Archelai⁶
991 1387 1314 1472 timeret,
1358 1383 1563 1483 quod
1606 1411 1803 1457 mare
1840 1387 2183 1459 refertum
2227 1386 2383 1458 fore
2431 1385 2720 1484 praedo-

583 1511 805 1571 num⁷
860 1510 1167 1595 putaret.
1225 1499 1417 1591 Lege
1479 1496 1693 1566 etiam
1734 1494 1807 1566 id
1847 1492 2026 1567 sibi⁸
2076 1497 2357 1567 licuisse
2399 1493 2714 1566 dicebat.

591 1615 696 1680 Tu
739 1609 1070 1678 inimicus
1111 1628 1349 1701 negas.
1395 1609 1788 1701 Ignosco93
1826 1621 1898 1677 et
1934 1631 2022 1678 eo
2056 1609 2323 1701 magh,
2362 1604 2559 1701 quod
2604 1620 2724 1674 est

583 1732 838 1789 contra
879 1712 1056 1785 illud
1102 1712 1525 1807 judicatum.
1576 1715 1823 1786 Redeo
1872 1718 2091 1811 igitur
2127 1716 2218 1786 ad
2273 1720 2540 1787 crimen
2571 1769 2591 1797 ,
2639 1730 2725 1784 et

583 1825 1105 1897 accusationem
1144 1837 1363 1893 tuam.
1404 1823 1595 1912 Quid
1634 1823 2160 1912 vociferabare,
2192 1825 2445 1898 decem
2485 1825 2722 1895 millia

585 1936 932 2006 talentum
953 1941 1018 1976 ¹⁰
1076 1932 1388 2003 Gabinio
1450 1958 1605 2005 esse
1673 1937 2070 2030 promissa?
2136 1937 2321 2006 Huic
2385 1934 2722 2006 videlicet

583 2043 1106 2144 perblandus¹¹
1155 2041 1625 2140 reperiendus
1667 2043 1838 2133 fuit,
1877 2048 2003 2142 qui
2045 2045 2413 2116 hominem
2440 2099 2458 2131 ,
2505 2059 2586 2115 ut
2623 2060 2716 2114 tu

583 2239 750 2288 darum
778 2251 916 2285 reum
941 2251 1132 2284 summo
1162 2234 1325 2282 studio
1354 2233 1599 2293 defendit,

580 2318 669 2383 qui
692 2331 801 2364 eum
824 2317 878 2363 in
896 2314 1152 2365 eonsulstu
1179 2329 1270 2361 suo
1295 2313 1416 2361 urbe
1440 2329 1599 2377 expu-

580 2398 699 2446 lent
723 2418 770 2443 ¹·-

656 2477 709 2525 3.
742 2475 823 2522 Ex
847 2471 998 2520 tantis
1022 2468 1298 2526 inimicitiis.
1326 2472 1398 2518 De
1424 2471 1602 2533 quibus

583 2549 773 2603 dicetur
797 2551 964 2617 paullo
996 2562 1109 2614 post
1127 2584 1143 2609 ,
1178 2558 1225 2596 et
1256 2548 1386 2596 uude
1413 2548 1604 2598 adsumi

581 2642 813 2698 poterunt
831 2667 844 2691 ,
878 2646 987 2695 quae
1017 2628 1082 2677 ad
1105 2629 1237 2678 hunc
1265 2628 1429 2676 locum
1453 2630 1603 2693 perti-

581 2729 693 2760 nere
712 2710 1025 2758 videbuntur.

651 2800 703 2850 4.
757 2789 812 2836 Si
863 2785 1139 2851 defensioni
1185 2784 1388 2833 Gabinii
1420 2785 1604 2852 fidem.

579 2868 807 2918 Ostendit
858 2866 1153 2913 accusatoris
1217 2865 1603 2912 criminationem

581 2948 709 2995 inter
744 2963 796 2995 se
828 2960 1071 3009 pugnare;
1107 2960 1217 3007 quae
1252 2943 1467 2991 defensio
1502 2959 1604 2992 ma·

583 3042 729 3091 gnam
749 3025 896 3074 habet
921 3025 1019 3071 vim
1043 3035 1190 3088 atque
1212 3023 1495 3088 gravitatem
1511 3060 1527 3085 ,
1550 3034 1602 3070 ut

582 3105 795 3153 ostendit
813 3103 1005 3164 Fabius,
1022 3103 1112 3152 lib.
1136 3106 1198 3161 V,
1222 3119 1330 3167 cap.
1356 3104 1413 3151 13
1439 3118 1453 3150 :
1479 3124 1502 3144 ι
1519 3105 1604 3150 Est

581 3185 775 3232 interim
799 3185 1006 3233 oratoris
1029 3181 1219 3231 efficere
1234 3217 1249 3241 ,
1274 3194 1331 3230 ut
1347 3181 1466 3246 quid
1487 3198 1604 3229 con-

584 3262 782 3309 trarium
799 3279 899 3310 esse
915 3263 1149 3311 videatur.
1164 3261 1408 3322 Objicitur
1420 3260 1604 3325 Oppio,

582 3341 718 3405 quod
761 3341 821 3388 de
848 3343 1057 3391 militnm
1090 3343 1284 3391 cibariis
1311 3341 1606 3390 detraxerit:

581 3434 802 3483 asperum
829 3422 1038 3480 crimen,
1070 3420 1156 3468 sed
1182 3423 1480 3468 contrarium
1508 3435 1608 3467 esse

582 3496 799 3547 ostendit
815 3498 989 3546 Cicero
1008 3535 1023 3557 ‚
1052 3500 1164 3561 quia
1187 3499 1331 3545 iidem
1352 3508 1604 3545 accusato-

582 3594 659 3625 res
683 3574 965 3636 objecerunt
991 3576 1180 3639 Oppio,
1212 3574 1348 3638 qnod
1369 3576 1410 3620 is
1433 3575 1605 3622 volue-

580 3656 645 3704 rit
669 3652 920 3717 largiendo
949 3668 1256 3716 corrumpere
1281 3653 1547 3701 exercitum
1559 3674 1603 3700 n.

655 3735 702 3783 5.
730 3730 966 3780 Gabinius
981 3748 1032 3779 se
1053 3732 1108 3779 id
1105 3730 1302 3796 fecisse.
1321 3734 1489 3795 Longe
1511 3731 1603 3780 alia

582 3824 653 3862 est
671 3811 922 3863 Ciceronis
938 3814 1124 3874 oratio,
1138 3829 1288 3877 quum
1307 3814 1358 3859 in
1379 3812 1603 3861 Pisonem

584 3891 857 3949 invehitur-3
893 3908 996 3940 eam
1034 3892 1162 3939 enim
1202 3903 1306 3940 tum
1341 3892 1602 3956 temporis,

583 3986 736 4036 quum
772 3969 932 4018 adhuc
957 3970 1224 4018 inimicitiae
1250 3981 1601 4035 permanerent.

582 4050 679 4098 «Se
698 4051 886 4114 ipsum,
907 4049 975 4098 ait
988 4085 1002 4106 ‚
1017 4049 1166 4097 fasces
1186 4065 1322 4107 suos,
1337 4052 1601 4097 exercitum

582 4129 754 4194 populi
769 4129 976 4188 romani,
996 4144 1176 4177 numen
1193 4127 1602 4191 interdictumque

1688 2234 1891 2284 deorum
1911 2236 2256 2284 immortalium
2273 2272 2288 2296 ,
2311 2251 2531 2300 respousa
2550 2251 2724 2283 saeer-

1688 2314 1893 2378 dotum,
1942 2318 2284 2365 auctoritatem
2323 2326 2544 2372 senatus,
2583 2316 2724 2374 ium

1688 2394 1888 2459 populi,
1924 2412 2103 2444 nomen
2130 2413 2188 2444 ac
2217 2396 2502 2461 dignitatem
2526 2397 2729 2460 imperii

1690 2475 1791 2538 regi
1810 2476 2046 2539 AEgyptio
2067 2475 2294 2524 vendidit
2307 2510 2323 2534 ‚
2346 2486 2440 2523 ete.
2457 2496 2479 2515 ι

1760 2552 1811 2601 6.
1852 2552 2062 2600 Classem
2094 2553 2346 2603 Archelai.
2388 2555 2724 2602 Cumanorum

1689 2632 1975 2691 sacerdotis,
1997 2633 2082 2695 qui
2095 2668 2110 2693 ,
2132 2632 2403 2680 Ptolemaeo
2422 2647 2533 2695 rege
2549 2648 2577 2678 a
2596 2632 2726 2677 civi·

1689 2711 1782 2758 bus
1805 2710 1973 2776 pulso,
1999 2710 2369 2770 Alexandriam,
2392 2726 2545 2758 uxore
2567 2710 2721 2757 ducta

1690 2788 1935 2837 Ptolemaei
1951 2786 2049 2836 filia
2060 2824 2074 2847 ,
2091 2801 2431 2854 occupaverat.
2449 2790 2720 2838 Historiam

1690 2866 1866 2915 Strabo
1896 2868 2108 2931 explicat
2136 2868 2224 2915 lib.
2251 2871 2430 2929 xvn3
2460 2870 2723 2932 Appianas

1689 2946 1744 2993 in
1763 2945 2127 3003 Mithridaticm
2151 2947 2439 2996 Plutarchus
2460 2948 2511 2994 in
2530 2947 2684 2994 Sulla.

1764 3042 1811 3085 7.
1838 3026 1960 3072 Fore
1977 3025 2281 3088 praedonum.
2308 3026 2438 3074 Nam
2461 3027 2511 3072 in
2536 3026 2722 3072 dissen-

1690 3103 1826 3151 sione
1861 3120 1915 3151 sc
1950 3105 2164 3152 tumultu
2198 3106 2331 3153 civili
2354 3108 2680 3153 Romanorum
2698 3138 2716 3161 ‚

1691 3183 1831 3243 cujus
1863 3200 1996 3247 spem
2023 3183 2121 3230 illis
2146 3184 2398 3245 injiciebat
2431 3200 2572 3232 causa
2593 3182 2713 3230 Ale-

1691 3262 1951 3319 xandrina,
1973 3261 2109 3309 facile
2131 3263 2394 3312 credebant
2413 3264 2715 3311 occasionem

1695 3340 1798 3388 fore
1834 3340 1927 3388 sibi
1969 3340 2129 3388 datam
2164 3352 2214 3389 et
2237 3344 2432 3401 socios,
2451 3353 2496 3389 et
2529 3341 2717 3387 amicos

1694 3436 1865 3468 eorum
1892 3419 2115 3469 vexandi.

1765 3501 1815 3549 8.
1851 3501 1983 3563 lege
2016 3499 2165 3545 etiam
2200 3498 2258 3545 id
2286 3498 2401 3549 sibi.
2440 3503 2573 3547 Latet
2606 3515 2724 3561 quae

1692 3578 1836 3624 fuerit
1862 3576 1944 3624 ina
1970 3576 2069 3625 lex.
2100 3580 2321 3624 Fortasse
2350 3589 2497 3642 eaput
2514 3577 2729 3641 aliquod

1690 3656 1809 3718 legis
1834 3656 2130 3720 arripuerat,
2157 3656 2289 3703 unde
2316 3673 2408 3720 per
2430 3656 2731 3705 calumniam

1690 3734 1946 3799 quamdam
1967 3734 2019 3781 id
2042 3734 2252 3783 eliceret.

1761 3829 1811 3876 9.
1830 3815 2054 3879 Ignosco.
2070 3813 2211 3872 Tibi,
2238 3815 2299 3864 C.
2322 3817 2546 3864 Memmi.

1768 3909 1847 3940 ιο.
1894 3894 2071 3940 Decem
2110 3892 2266 3940 millia
2306 3895 2567 3943 calenwm.
2614 3897 2736 3943 AEre

1690 3970 1865 4035 gallico
1889 3980 2191 4034 49,2oo,ooo
2211 3974 2273 4021 fr.

1766 4067 1787 4098 1
1801 4066 1822 4097 ι
1835 4086 1849 4099 .
1878 4052 2003 4099 Huic
2020 4051 2248 4100 videlicet
2255 4052 2580 4116 perblandus.
2616 4055 2737 4102 11ae-

1690 4140 1798 4177 rent
1863 4141 2287 4181 commentatores.
2341 4131 2445 4180 Alii
2506 4131 2688 4195 legunt
2711 4167 2729 4188 ,
