2994 4778
667 450 1051 519 ORATIO
1093 440 1198 517 IN
1254 450 1331 518 L.
1368 451 1467 519 α
1499 426 1993 515 PISONEM.

2239 446 2370 544 371

248 573 409 642 silio
442 592 676 666 quum
702 575 1111 649 universam
1145 568 1666 672 rempublicam
1686 622 1705 651 ,
1744 581 1897 637 tum
1927 566 2116 637 illam
2152 570 2379 667 ipsam

249 685 508 756 urbem
528 677 562 728 ⁸
585 685 1067 755 meminerant
1086 707 1237 754 esse
1262 694 1634 752 servatam.
1664 682 1782 749 Me
1807 679 2127 749 inaurata
2151 694 2381 751 statua

247 794 643 882 donarant3
672 817 787 863 me
816 807 1201 889 patronum
1218 815 1446 862 unum
1460 790 1940 873 adsciverant3
1974 814 2014 858 a
2042 813 2157 859 me
2172 791 2382 860 seha-

251 904 422 976 bere
437 907 685 991 vitam,
702 901 1051 990 fortunaS,
1081 901 1352 972 liberos
1382 898 1954 983 arbitrabantur,
1984 922 2098 969 me
2125 913 2193 969 et
2218 924 2387 996 prae-

250 1030 529 1089 sentem
545 1012 1265 1085 contra-latrocinium
1284 1027 1491 1081 tuum
1512 1009 1976 1079 suisdecretis
1993 1008 2387 1107 legatisque

255 1124 804 1211 defenderunt9,
834 1140 908 1196 et
940 1124 1310 1196 absentem
1330 1177 1348 1209 ,
1378 1121 1704 1218 principe
1733 1124 1864 1189 Cn.
1896 1122 2245 1216 Pompeio
2280 1145 2389 1191 re-

256 1234 569 1321 ferente,
623 1251 694 1306 et
739 1235 831 1305 de
882 1255 1187 1331 corpore
1231 1227 1643 1326 reipublicae
1693 1244 1988 1298 tuorum
2031 1229 2386 1300 scelerum

256 1352 391 1421 tela
414 1350 840 1434 revellente,
875 1360 1323 1419 revocarunt.
1356 1349 1464 1414 An
1512 1356 1595 1413 tu
1640 1367 1795 1413 eras
1828 1343 2116 1433 consul,
2161 1370 2386 1442 quum

261 1463 323 1530 in
385 1461 658 1531 Palatio
718 1485 876 1531 mea
942 1460 1203 1530 domus
1259 1454 1556 1549 ardebat
1576 1509 1597 1541 ,
1650 1479 1798 1524 non
1869 1479 2041 1525 casu
2101 1455 2347 1554 aliquo
2371 1514 2389 1543 ,

259 1570 380 1641 sed
413 1570 705 1666 ignibus
726 1571 1038 1665 injectiS,
1060 1570 1441 1663 instigante
1472 1565 1588 1635 te?
1610 1563 1909 1661 Ecquod
1940 1568 2015 1634 in
2043 1564 2179 1638 hac
2206 1567 2390 1641 urbe

264 1683 488 1775 majus
519 1706 865 1778 umquam
896 1680 1312 1751 incendium
1334 1687 1399 1721 ¹⁰
1426 1674 1586 1762 fuit,
1606 1677 1720 1745 cui
1757 1699 1905 1745 non
1934 1676 2188 1746 consul
2221 1677 2394 1750 sub-

263 1792 585 1862 venerit?
621 1796 711 1861 At
735 1806 815 1862 tu
838 1847 857 1879 ,
893 1791 1017 1862 illo
1045 1794 1204 1888 ipso
1238 1804 1605 1885 tempore,
1646 1785 1840 1883 apud
1870 1810 2157 1858 socrum
2197 1802 2393 1860 tuam

264 1924 491 1998 prope
525 1926 565 1970 a
600 1905 776 1971 meis
805 1900 1107 1985 aedibus,
1153 1899 1360 1993 cujus
1386 1897 1689 1968 domum
1724 1894 1813 1965 ad
1857 1921 2091 1967 meam
2125 1898 2393 1971 exhau-

265 2010 587 2081 riendam
653 2010 1116 2109 patefeceraS,
1175 2004 1472 2080 sedebas
1492 2061 1515 2093 ,
1576 2031 1726 2077 non
1787 2009 2211 2094 exstinctor,
2268 2010 2396 2081 sed

265 2136 516 2193 auctor
571 2121 919 2206 incendii,
964 2136 1037 2191 et
1087 2118 1422 2190 ardentes
1471 2115 1659 2188 faces
1701 2114 1903 2186 furiis
1934 2126 1986 2159 ¹¹
2032 2116 2395 2190 Clodianis

264 2256 465 2329 paene
498 2234 653 2331 ipse
690 2232 946 2304 consul
981 2226 1455 2301 ministrabas.

266 2369 361 2430 boc
405 2380 621 2435 tempore
666 2368 796 2418 cives
828 2372 1049 2427 romani,
1088 2367 1279 2418 colonia

263 2450 371 2514 lege
393 2452 594 2502 Caesaris
620 2467 682 2499 eo
710 2451 937 2500 deducte.
962 2456 1060 2501 Pro
1081 2452 1279 2501 Sextio:

266 2553 289 2570 ·
305 2532 412 2592 Qua
437 2531 495 2578 de
519 2547 665 2579 causa
695 2540 742 2577 et
773 2542 877 2578 tum
906 2543 1177 2579 conventus
1200 2530 1282 2577 ille

268 2611 442 2673 capuae
464 2611 578 2657 huic
598 2610 729 2674 apud
749 2626 825 2657 me
848 2614 905 2658 P.
932 2611 1101 2660 Sextio
1129 2611 1281 2657 maxi-

268 2704 366 2735 mss
403 2690 580 2752 gratiss
616 2689 740 2751 egitz
780 2697 829 2736 et
855 2689 950 2736 boc
982 2700 1201 2753 tempore
1226 2690 1283 2735 ii·

267 2767 372 2814 dem
425 2768 679 2828 homines,
730 2770 927 2817 nomine
984 2779 1282 2818 commutato

265 2847 427 2893 coloni
456 2883 472 2904 ‚
535 2846 918 2911 decurionesque
992 2846 1281 2898 beneficium

265 2927 315 2970 P.
342 2926 498 2973 Sextii
526 2926 805 2973 testimonio
839 2927 1084 2976 declarant
1100 2949 1142 2976 ι.

338 3004 547 3052 &Illam
565 3006 740 3053 urbem.
754 3009 851 3053 Pro
864 3007 996 3070 ¹Sext.
1018 3029 1041 3048 κ
1058 3009 1281 3056 Conven-

266 3094 344 3132 tus
378 3084 459 3130 ille
487 3084 661 3148 Capuae
681 3119 696 3142 ,
728 3086 812 3149 qui
848 3097 1047 3150 propter
1081 3086 1283 3134 salutem

263 3163 393 3211 illius
402 3162 810 3220 mbifficonsuhtu
817 3176 1147 3213 conservatam
1157 3182 1285 3221 meo,

265 3260 336 3290 me
358 3260 515 3290 unum
545 3255 806 3308 patronum
835 3244 1089 3308 adoptavit
1104 3267 1148 3292 a.

332 3341 382 3387 9.
399 3322 751 3385 Defendet-une.
772 3324 884 3371 Piso
904 3325 1033 3371 venit
1052 3326 1283 3388 Capuam,

265 3393 419 3465 quum
443 3403 592 3450 simul
627 3414 675 3450 et
709 3406 880 3451 Romae
907 3403 1079 3451 consul
1102 3437 1116 3462 ,
1140 3413 1187 3450 et
1212 3402 1283 3449 ibi

265 3480 489 3529 duumvir
516 3494 656 3529 esset.
678 3481 805 3528 Vide
831 3498 924 3546 pro
949 3483 1082 3531 Sext.
1103 3498 1210 3544 cap.
1232 3484 1282 3530 8.

265 3560 495 3626 Campani
533 3572 639 3608 tum
675 3561 959 3608 Ciceronem
1000 3576 1101 3608 non
1131 3561 1282 3609 modo

264 3639 612 3703 defo-derant,
638 3642 778 3700 cujus
805 3640 855 3686 in
886 3641 1107 3703 periculo
1129 3657 1282 3703 quum

265 3719 443 3781 legatos
479 3722 685 3767 Romam
723 3719 994 3779 misissent,
1037 3736 1145 3766 eum
1182 3722 1282 3780 jam

263 3800 521 3862 expulsum
546 3798 831 3862 gemebant3
865 3799 952 3845 sed
980 3800 1122 3846 etism
1152 3800 1283 3846 colo·

266 3879 355 3925 niae
372 3895 472 3926 suae
496 3878 716 3934 decreto,
749 3878 790 3925 si
817 3877 920 3930 fieri
950 3879 1215 3942 potuisset,
1234 3878 1284 3926 in

268 3960 463 4019 patrium
511 3970 812 4006 revocarant.
861 3960 1122 4022 Pompeius
1158 3957 1287 4004 enim

264 4037 325 4083 ad
382 4038 679 4086 Ciceronem
738 4037 1092 4085 defendendum
1151 4038 1286 4083 exei-

265 4125 393 4163 tatus
443 4118 570 4178 (inf.
614 4133 727 4180 cap.
774 4115 872 4179 ω)
922 4115 1171 4164 Clodianae
1218 4118 1286 4162 fa·

272 4193 419 4241 ctioni
452 4194 603 4258 cepit
628 4194 878 4242 obsistere.
917 4196 1042 4242 Tum
1080 4211 1141 4242 ex
1185 4194 1288 4252 ejus

1368 2370 1659 2419 auctoritate
1706 2373 1762 2418 1..
1811 2370 2022 2421 Ninnius
2063 2372 2126 2421 sd
2174 2389 2393 2427 senatum

1371 2451 1538 2499 retulit
1566 2450 1629 2498 de
1653 2449 1805 2502 Tullii
1842 2450 2001 2499 reditu
2039 2451 2261 2508 kalendis
2281 2459 2392 2517 jun.
2417 2471 2420 2474 ·

1368 2532 1546 2578 Pisone
1583 2530 1692 2594 ipso
1734 2541 1782 2576 et
1824 2531 2034 2579 Gabinio
2070 2549 2198 2583 coss.
2243 2552 2389 2598 quem

1370 2610 1580 2658 reditum
1598 2625 1750 2672 quum
1769 2621 1963 2658 senatus
1979 2610 2202 2674 frequens
2224 2613 2392 2662 decer-

1371 2700 1532 2749 neret,
1555 2689 1827 2735 intercessit
1844 2688 2017 2736 Ninnii
2037 2689 2219 2752 collega
2241 2693 2393 2742 AElius

1369 2770 1520 2832 Ligur
1547 2768 1661 2816 trib.
1677 2768 1747 2831 pl.
1775 2768 2016 2815 Constant
2040 2768 2146 2817 haec
2171 2786 2234 2818 ex
2257 2788 2300 2821 c.
2325 2774 2387 2820 31

1370 2863 1463 2911 pro,
1492 2849 1626 2895 Sext.
1657 2847 1830 2894 Postea
1860 2849 2152 2913 Pompeius,
2172 2851 2256 2915 qui
2291 2864 2394 2901 erat

1371 2927 1550 2989 Capuae
1558 2942 1670 2973 cum
1680 2927 1855 2974 Pisone
1865 2927 2221 2988 duumvir-‚nubi
2233 2931 2395 2979 nullus

1371 3016 1564 3069 emptus
1590 3007 1940 3068 intercessor»,
1971 3008 2137 3056 retulit
2167 3010 2229 3056 ad
2252 3011 2393 3060 Cam-

1370 3100 1525 3149 panos
1540 3083 1841 3142 decuriones,
1858 3086 2155 3149 placeretne,
2175 3092 2392 3139 revocari

1370 3166 1442 3214 M.
1453 3164 1685 3218 Tullium,
1710 3175 1761 3211 et
1777 3164 1967 3227 placere
1985 3165 2055 3213 illi
2082 3182 2391 3222 censuerunt.

1447 3258 1528 3292 10.
1548 3241 1853 3291 Incendium.
1890 3244 2006 3292 Post
2040 3247 2391 3309 profectionem

1370 3339 1433 3370 ex
1460 3323 1581 3370 urbe
1607 3322 1887 3381 Ciceronis,
1911 3323 2039 3371 bona
2071 3325 2173 3385 ejus
2198 3329 2252 3377 P.
2277 3331 2394 3381 Clo-

1372 3403 1483 3451 dius
1519 3402 1818 3467 publicavit:
1851 3416 2017 3466 postea
2051 3404 2238 3472 direpta
2275 3425 2394 3461 sunt

1371 3483 1560 3539 omnia,
1586 3498 1696 3546 quae
1715 3493 1800 3530 aut
1822 3481 1873 3529 in
1898 3484 2071 3545 domo,
2093 3489 2246 3536 autin
2267 3491 2394 3538 villis

1371 3563 1596 3620 fuerunt,
1630 3572 1679 3608 et
1714 3577 1775 3608 ex
1806 3562 1875 3610 eis
1909 3562 1971 3609 ad
1998 3565 2132 3627 ipsos
2169 3569 2391 3617 consules

1370 3642 1463 3689 lata
1506 3641 1756 3705 complura
1789 3653 1803 3689 t
1841 3640 2017 3689 domus
2062 3643 2250 3709 direpta
2288 3647 2389 3712 pri-

1372 3737 1502 3769 mum
1518 3754 1532 3778 ‚
1576 3720 1752 3767 deinde
1795 3720 2087 3770 inflammata
2131 3739 2188 3771 ac
2233 3725 2390 3773 ditata

1373 3809 1461 3848 est.
1492 3802 1672 3847 Socrus
1698 3799 1892 3846 Pisonis
1918 3815 2027 3862 quae
2051 3801 2226 3860 fuerit,
2254 3804 2385 3850 inve·

1374 3880 1477 3925 nire
1500 3893 1600 3924 non
1629 3877 1796 3938 potui,
1824 3877 2049 3925 videlicet
2068 3880 2204 3942 quod
2222 3893 2388 3930 aucto-

1377 3973 1450 4004 res
1477 3970 1636 4003 rerum
1659 3971 1760 4001 non
1786 3956 1986 4018 perinde
2013 3958 2064 4004 in
2094 3959 2320 4009 domibus
2337 3977 2394 4009 ac

1376 4035 1569 4084 familiis
1610 4035 1893 4085 feminarum
1912 4072 1925 4094 ‚
1968 4038 2060 4085 nisi
2105 4038 2362 4088 illustrium
2383 4078 2397 4102 ‚

1375 4132 1433 4164 sc
1462 4114 1683 4173 virorum,
1703 4115 1898 4168 nomina
1928 4114 2242 4183 tradiderunt.

1455 4211 1473 4241 ι
1493 4208 1540 4242 1.
1582 4191 1732 4240 Furiis
1773 4192 2037 4240 Clodianis.
2078 4195 2332 4242 seditiosis
2370 4214 2399 4243 a

2003 4282 2110 4361 24.
