2994 4778
430 408 720 477 ORAT.
773 408 898 478 DE
945 412 1236 480 PROV.
1287 410 2119 483 CONSULARIBUS.
2224 406 2364 480 265

231 530 785 601 taminatissimo
804 584 825 614 ‚
860 530 1038 602 nihil
1074 557 1223 605 esse
1257 532 1738 620 credendum3
1781 531 2080 620 deinde,
2119 556 2164 603 a
2199 557 2366 631 pro-

238 640 510 729 ditore,
546 656 764 738 atque
788 665 913 729 eo,
943 667 1163 739 quem
1189 659 1614 744 praesentem
1642 643 1929 714 hostem
1954 642 2365 740 reipublicae

237 765 658 847 cognosset,
695 749 883 822 bene
913 776 1067 822 rem
1101 756 1248 850 geri
1277 779 1426 824 non
1459 754 1813 852 potuisse;
1846 766 2244 849 postremo,
2272 777 2364 824 ne

238 860 417 931 deos
461 859 758 957 quidem
802 863 1241 936 immortales
1275 863 1458 935 velle
1489 863 1744 961 aperiri
1786 886 1910 932 sua
1949 860 2251 959 templa,
2294 875 2367 932 et

234 969 371 1042 sibi
428 970 815 1070 supplicari
863 972 1176 1044 hominis
1223 962 1690 1073 impurissimi
1737 987 1808 1043 et
1849 970 2366 1043 sceleratissimi

231 1086 542 1151 nomine
562 1092 614 1151 ⁷.
651 1083 901 1177 Itaque
934 1082 1055 1154 ille
1088 1083 1288 1171 alter,
1322 1099 1445 1155 aut
1480 1085 1635 1180 ipse
1671 1097 1779 1153 est
1815 1083 2037 1152 homo
2070 1079 2325 1151 doctus
2346 1134 2367 1163 ,

230 1206 305 1262 et
341 1217 385 1261 a
424 1192 578 1261 suis
619 1189 928 1262 Graecis⁸
972 1191 1306 1265 subtilius
1345 1192 1710 1275 eruditus,
1750 1190 2185 1287 quibuscum
2216 1189 2364 1285 jam

232 1301 308 1369 in
355 1311 696 1370 exostra9
736 1300 1209 1389 helluatur¹⁰‚
1255 1318 1462 1374 antea
1508 1316 1670 1400 post
1714 1303 2129 1399 siparium¹¹
2180 1299 2366 1370 sole·

229 1409 400 1495 bat,
454 1425 584 1480 aut
636 1412 903 1481 amicos
949 1411 1169 1483 habet
1223 1413 1830 1511 prudentiores¹²,
1883 1433 2101 1508 quam
2145 1407 2365 1479 Gabi-

231 1521 434 1602 nius,
478 1521 688 1613 cujus
723 1519 937 1592 nullae
980 1523 1201 1594 literae
1243 1521 1729 1620 perferuntur.

334 1633 492 1700 VII.
532 1635 766 1700 Hosce
800 1632 1021 1726 igitur
1051 1632 1519 1730 imperatores
1546 1629 2018 1702 habebimus?
2048 1650 2362 1725 quorum

232 1739 417 1811 alter
449 1764 606 1810 non
654 1738 871 1812 audet
922 1765 1057 1814 nos
1093 1744 1427 1815 certiores
1463 1741 1733 1826 facere,
1787 1763 1879 1810 ne
1905 1749 1924 1782 ¹
1973 1744 2366 1836 imperator

303 1957 350 2001 7.
397 1938 632 1987 Nomine.
679 1944 916 2004 Frequens
960 1940 1150 2004 locutio
1201 1942 1254 1988 in

233 2017 427 2068 Catilin.
451 2020 530 2065 IV
552 2035 566 2064 ε
597 2040 624 2059 κ
645 2020 761 2071 Meo
789 2019 984 2067 nomine
1010 2019 1254 2084 supplica-

235 2100 390 2145 tiones
413 2097 703 2146 decrevistis
721 2120 767 2147 n.
797 2098 960 2146 Livius
978 2098 1108 2147 libro
1123 2098 1255 2147 deci-

235 2193 315 2224 mo
342 2192 358 2224 :
396 2198 420 2219 ι
443 2176 841 2241 &applicationes
879 2177 947 2226 ob
991 2194 1089 2225 rem
1131 2177 1255 2225 bene

239 2266 413 2317 gestam
440 2253 661 2303 consulis
687 2256 885 2305 nomine
918 2256 1185 2305 decernunt
1205 2279 1252 2306 a.

242 2335 303 2381 Ex
318 2334 427 2381 alibi
445 2335 645 2400 passim.

316 2415 365 2461 8.
386 2418 428 2461 A
451 2415 550 2462 sais
573 2414 778 2463 Groeeis.
805 2415 1030 2464 Pisonem
1056 2417 1256 2464 Graecos

240 2492 453 2540 eruditos
483 2493 710 2540 homines
742 2493 930 2557 aliquot
964 2511 1126 2543 secum
1161 2495 1253 2542 ha-

237 2569 419 2629 buisse,
455 2583 504 2620 et
534 2572 688 2619 literis
725 2574 891 2635 graecis
927 2572 1217 2621 delectatum
1237 2606 1254 2633 ,

233 2661 394 2715 aperte
417 2667 479 2697 et
506 2652 676 2699 Pison.
702 2650 1005 2716 intelligitur.

299 2745 353 2791 9.
385 2728 514 2777 Edd.
541 2739 661 2776 vett.
690 2729 907 2789 exedra,
932 2729 1064 2777 unde
1092 2745 1254 2777 emen-

229 2808 466 2856 ‹hves-unt
511 2808 770 2856 orchestra.
818 2809 915 2857 Sed
961 2824 1070 2856 vera
1107 2808 1253 2857 lectio

225 2898 298 2935 est
314 2898 540 2941 exem-a,
563 2887 765 2935 testibus
781 2889 919 2937 MSS.
941 2890 1063 2938 LV.
1088 2889 1144 2935 L.

303 2981 388 3015 10.
443 2968 666 3015 Etostra
709 2966 972 3017 bellantur.
1023 2967 1252 3028 Machina

223 3062 353 3110 qua,
393 3061 508 3108 qua
549 3046 678 3093 intus
711 3059 961 3109 geruntur,
1001 3048 1122 3095 rotis
1158 3048 1252 3095 cir·

223 3125 468 3173 cumactis
489 3125 842 3188 spectatoribus
863 3123 1115 3190 patefiunt.

299 3218 321 3248 ι
338 3220 385 3251 1.
405 3202 667 3268 Siparium.
691 3205 867 3251 Velum
884 3204 1021 3270 quod
1040 3217 1251 3254 extrema

222 3295 362 3347 parte
419 3298 581 3330 scenae
633 3283 920 3331 tendebatur
937 3318 951 3343 ,
990 3295 1251 3349 postquam

223 3362 488 3411 histriones
544 3362 788 3410 interdum
844 3345 1248 3412 comissabantur.

224 3442 353 3506 Ergo
377 3458 553 3489 sensus
577 3451 675 3499 est,
702 3441 789 3504 qui
817 3443 953 3507 prius
978 3443 1111 3491 velut
1138 3460 1251 3491 cum

226 3521 548 3569 histrionibus
567 3532 618 3568 et
638 3521 796 3568 mimis
819 3531 948 3570 retro
969 3523 1125 3570 velum
1147 3523 1251 3571 hel-

223 3599 475 3656 lnabatur,
500 3599 554 3646 id
566 3599 667 3658 jam
686 3601 937 3664 propalam
957 3601 1157 3651 factitat.

302 3695 358 3726 η
369 3715 383 3727 .
415 3678 612 3725 Amicos
628 3678 773 3725 habet
781 3678 1134 3742 prudentiores.
1152 3683 1251 3743 Qui
1277 3713 1280 3716 π

222 3759 384 3806 literas
407 3759 472 3806 ad
499 3765 717 3805 senatum
742 3775 770 3806 e
794 3760 1059 3823 provinciis
1085 3761 1250 3808 mitte·

219 3837 373 3896 bant,
413 3855 495 3886 eas
530 3838 670 3902 prius
705 3836 768 3884 ad
804 3838 988 3885 amicos
1024 3837 1252 3901 legendas

221 3917 670 3979 examinandasque
703 3916 1040 3975 destinabant,
1074 3929 1132 3966 ut
1172 3935 1252 3966 eas

228 3996 303 4042 vel
339 3995 654 4052 exhiberent,
687 3995 762 4042 vel
788 3995 1066 4045 retinerent.
1105 3997 1250 4045 Deci-

224 4091 341 4121 mus
365 4076 574 4131 Brutus,
608 4090 687 4139 ep.
722 4073 786 4121 ad
813 4073 1094 4122 Ciceronem
1126 4075 1253 4124 libro

225 4152 492 4201 undecimo
526 4152 591 4200 ad
620 4152 735 4200 Div.
771 4167 832 4214 19
855 4165 869 4201 ε
900 4175 925 4195 α
949 4154 1011 4202 ad
1036 4164 1252 4202 senatum

1340 1957 1459 2005 quas
1477 1941 1639 1989 literas
1658 1941 1784 1998 misi,
1807 1939 1947 1987 velim
1965 1938 2099 2003 pn'us
2120 1937 2362 2002 perlegas;

1340 2031 1406 2077 et,
1424 2020 1579 2084 siqua
1598 2019 1688 2073 tibi
1710 2019 2020 2077 videbuntur,
2041 2025 2306 2064 commutes
2318 2035 2360 2069 ι.

1339 2099 1467 2147 Vide
1493 2099 1815 2156 Pisonianam,
1844 2113 1902 2157 17
1926 2111 1940 2145 :
1963 2117 1986 2139 ιι
2007 2096 2167 2143 Amici
2193 2095 2265 2143 tui
2287 2104 2364 2143 ta·

1338 2176 1489 2225 bellas
1525 2175 1801 2225 abdiderint
1817 2197 1859 2225 ιο.
1882 2175 2108 2225 Ceterum
2137 2186 2190 2222 ut
2216 2174 2361 2222 amici

1340 2255 1401 2303 de
1421 2256 1574 2304 literis
1592 2257 1644 2302 in
1670 2267 1840 2304 senatu
1855 2292 1870 2316 ,
1894 2255 1961 2301 ita
1986 2265 2178 2302 senatus
2196 2253 2257 2301 de
2276 2253 2360 2302 iis-

1340 2334 1452 2382 dem
1491 2335 1545 2382 in
1581 2334 1820 2382 concione
1835 2332 2093 2381 recitandis
2109 2332 2363 2382 statuebat.

1339 2415 1507 2463 Livius
1524 2417 1756 2463 xxxm
1780 2429 1795 2462 :
1826 2436 1847 2456 ι
1875 2415 1964 2461 Hae
1980 2414 2132 2462 litera!
2154 2414 2289 2478 pn'us
2304 2413 2356 2461 in

1341 2506 1511 2543 senatu
1545 2511 1572 2541 a
1608 2495 1776 2560 Sergio
1814 2505 2052 2559 praetore,
2092 2493 2267 2542 deinde
2297 2508 2360 2540 ex

1340 2575 1628 2623 auctoritate
1660 2587 1851 2639 patrum
1890 2574 1940 2622 in
1978 2574 2213 2622 concione
2243 2581 2361 2618 sunt

1340 2653 1553 2702 recitata
1574 2676 1615 2701 ιι.

1409 2734 1523 2781 vn.
1570 2751 1613 2782 1.
1656 2734 1733 2780 Ne
1772 2731 2038 2796 imperator
2076 2728 2360 2794 appelletur.

1339 2812 1561 2861 Gravius
1581 2813 1696 2877 legit
1716 2812 2055 2877 imperatorne.
2074 2808 2228 2869 Male;
2247 2823 2358 2855 nam

1337 2892 1508 2941 irridet
1531 2893 1755 2940 Pisonem
1779 2891 1953 2941 Cicero
1971 2888 2109 2952 quasi
2126 2889 2226 2948 jam
2248 2885 2357 2951 phi-

1337 2969 1585 3035 losopbari
1607 2983 1656 3019 et
1679 2971 1878 3034 gloriam
1903 2979 2209 3017 contemnere
2235 2964 2361 3012 didi-

1338 3051 1472 3097 cerit.
1506 3049 1820 3115 Appellatum
1847 3059 2002 3096 autem
2030 3047 2081 3093 in
2108 3043 2359 3109 provincia

1338 3129 1563 3176 Pisonem
1608 3130 1947 3193 imperatorem
1996 3124 2133 3172 locus
2180 3123 2261 3171 bic
2306 3124 2358 3171 in

1337 3206 1594 3254 Pisoniana
1620 3206 1725 3270 ipse
1752 3204 1960 3253 declarat
1981 3219 1996 3251 ε
2028 3225 2053 3244 κ
2070 3203 2359 3267 Appellatus

1336 3296 1409 3334 est
1457 3284 1538 3332 hic
1588 3283 1830 3332 vulturius
1884 3282 2013 3329 illius
2062 3283 2358 3345 provincia,

1335 3364 1377 3411 si
1429 3364 1525 3412 diis
1567 3363 1725 3428 placet
1755 3396 1771 3422 ,
1811 3362 2137 3426 imperator».
2179 3362 2234 3409 sa·
2266 3361 2359 3410 diis

1332 3443 1509 3508 placet.
1538 3444 1629 3490 His
1662 3441 1821 3490 verbis
1858 3441 2045 3505 antiqui
2077 3440 2145 3487 rei
2172 3440 2234 3489 de
2260 3455 2357 3505 qua

1335 3522 1666 3587 loquebantur
1717 3521 2056 3585 indignitatem
2113 3522 2357 3585 exprime-

1337 3602 1467 3651 bant.
1493 3603 1658 3650 Livius
1676 3637 1691 3660 ‚
1738 3601 1829 3649 lib.
1857 3604 2131 3649 XXXVIII
2161 3601 2212 3648 in
2236 3611 2358 3648 orat.

1335 3682 1542 3743 Manlii3
1594 3681 1679 3730 lib.
1720 3683 1791 3729 lv
1837 3682 1887 3728 in
1943 3691 2065 3728 orat.
2124 3679 2361 3729 Canuleii.

1338 3761 1508 3808 Florus
1524 3795 1538 3818 ,
1559 3761 1646 3808 lib.
1666 3763 1735 3807 IV
1758 3776 1771 3809 ε
1798 3783 1823 3803 α
1838 3771 1951 3824 post
1968 3758 2263 3806 Macedones
2278 3789 2293 3813 ,
2320 3757 2362 3804 si

1338 3838 1432 3886 diis
1456 3839 1849 3902 placet,Thraces
1878 3838 2170 3885 rebellabant
2190 3859 2229 3885 a.
2245 3837 2358 3884 Piso

1338 3927 1544 3980 propter
1573 3917 1765 3964 relatam
1790 3933 1817 3964 a
1847 3919 1910 3979 Q.
1938 3917 2120 3964 Martio
2157 3927 2207 3963 et
2236 3920 2358 3964 Luc.

1339 3995 1513 4043 Flacco
1551 3993 1719 4058 legatis
1753 3996 1966 4058 quodam
2000 3994 2170 4059 praelio
2207 3997 2357 4042 victo-

1340 4075 1489 4131 riam,
1534 4074 1867 4138 imperatorem
1912 4091 1964 4122 se
2002 4074 2233 4138 appellari
2273 4088 2360 4118 vo-

1339 4154 1522 4210 luerat,
1561 4163 1609 4200 et
1638 4155 1805 4202 amicis
1836 4153 2004 4200 literas
2047 4152 2109 4198 ad
2149 4161 2367 4199 senatum
