2994 4778
677 409 1053 478 ORATIO
1102 408 1318 475 PRO
1369 409 1440 474 P.
1480 409 1886 477 SEXTIO.
2259 413 2355 509 93

222 535 597 600 cursum¹⁰
629 530 944 625 possint,
982 543 1054 599 et
1098 550 1354 624 capere
1396 528 1526 596 otii
1567 526 1770 598 illum
1805 544 2097 626 portum
2134 547 2207 604 et
2245 536 2350 608 di-

224 641 528 737 gnitatis.
570 644 776 709 Hanc
810 663 948 735 ego
976 638 1197 723 viam,
1224 634 1533 731 judiceS,
1579 639 1635 708 si
1675 653 1799 708 aut
1837 664 2192 737 asperam,
2227 662 2354 717 aut

222 747 556 832 arduam,
595 763 723 818 aut
753 748 1038 844 plenam
1076 770 1226 817 esse
1256 746 1746 843 periculorum
1781 763 1907 818 aut
1938 750 2346 826 insidiarum

216 882 470 954 negem
495 912 516 943 ‚
561 860 914 928 mentiar:
966 857 1355 953 praesertim
1391 880 1618 952 quum
1669 856 1743 927 id
1788 882 1941 929 non
1987 861 2205 931 modo
2236 866 2347 936 in-

213 968 619 1038 tellexerim
649 990 956 1063 semper,
991 963 1115 1037 sed
1147 969 1361 1037 etiam
1392 982 1648 1063 praeter
1673 980 1951 1039 ceteros
1980 974 2341 1044 senserim.

300 1080 600 1148 XLVII.
644 1074 1041 1169 Majoribus
1093 1074 1437 1173 praesidiis
1494 1091 1568 1148 et
1616 1078 1838 1176 copiis
1882 1097 2348 1177 oppugnatur

208 1186 627 1284 respublica
653 1241 673 1274 ‚
732 1210 951 1282 quam
1023 1183 1453 1273 defenditur,
1514 1200 1891 1284 propterea
1952 1189 2155 1285 quod
2224 1215 2346 1263 au-

210 1296 419 1368 daces
480 1296 821 1367 homines
877 1309 949 1365 et
1002 1294 1263 1393 perditi
1304 1310 1490 1366 nutu
1542 1297 2050 1394 impelluntur,
2090 1314 2163 1371 et
2204 1304 2338 1398 ipsi

211 1411 427 1479 etiam
451 1421 723 1504 sponte
749 1430 877 1477 sua
902 1421 1150 1477 contra
1178 1404 1694 1503 rempublicam
1721 1408 2136 1497 incitantur3
2165 1409 2346 1482 boni

210 1522 452 1590 nescio
487 1516 868 1613 quomodo
901 1514 1247 1587 tardiores
1276 1531 1445 1588 sunt
1465 1527 1517 1604 ¹,
1547 1532 1656 1603 et,
1693 1518 2061 1614 principiis
2093 1502 2336 1591 rerum

210 1629 601 1725 neglectiS‚
640 1624 731 1697 ad
767 1640 1163 1696 extremum
1212 1627 1367 1723 ipsa
1402 1623 1717 1721 denique
1760 1628 2173 1698 necessitate
2213 1654 2338 1700 ex·-

210 1740 565 1808 citantur:
617 1739 715 1805 ita
763 1750 844 1805 ut
892 1759 1443 1831 nonnumquam
1494 1739 1949 1808 cunctatione
1989 1761 2072 1808 ac
2116 1738 2338 1809 tardi-

210 1862 342 1918 tate
368 1902 387 1931 ,
426 1845 608 1915 dum
652 1845 877 1915 otium
916 1844 1168 1914 volunt
1193 1848 1405 1916 etiam
1436 1847 1589 1916 sine
1618 1843 1962 1942 dignitate
1990 1852 2336 1934 retinere,

210 1958 335 2053 ipsi
376 1971 781 2051 utrumque
819 1959 1165 2026 amittant.
1213 1958 1790 2053 propugnatores
1826 1972 2064 2027 autem
2103 1961 2337 2056 reipu-

210 2065 403 2138 blicae
456 2066 589 2164 qui
641 2090 794 2136 esse
846 2065 1231 2136 voluerunt
1257 2119 1277 2153 ,
1320 2068 1379 2135 si
1432 2066 1734 2137 leviores
1760 2077 1788 2108 ²
1845 2081 2049 2151 sunt,
2108 2067 2334 2139 desci-

212 2174 505 2262 scunt-'³3
545 2176 604 2245 si
643 2173 1077 2260 timidiores,
1122 2173 1425 2245 desunt4
1462 2200 1477 2243 ε
1521 2190 1947 2273 permanent
1986 2174 2121 2247 illi⁵
2159 2177 2334 2266 soli,

214 2300 419 2380 atque
476 2284 727 2356 omnia
788 2283 1197 2381 reipublicae
1257 2308 1467 2356 causa
1527 2283 1937 2382 perferunt,
1978 2290 2104 2383 qui
2161 2302 2330 2358 sunt

218 2397 419 2482 tales,
465 2396 700 2492 qualis
757 2407 961 2491 pater
1022 2408 1191 2465 tuus
1214 2391 1270 2482 ⁶,
1327 2399 1421 2465 M.
1484 2399 1744 2466 Scaure
1771 2406 1824 2483 ⁷,
1876 2393 2010 2467 fuit
2033 2451 2053 2484 ‚
2105 2397 2236 2498 ⁸qui
2292 2422 2333 2467 a

284 2643 361 2675 xo.
392 2630 569 2675 Tenere
591 2642 802 2674 cunum.
830 2626 1065 2690 Navigat-e
1095 2636 1223 2675 tuto.

1315 2627 1401 2691 qui
1424 2638 1556 2676 metu
1576 2627 1790 2676 deterriti
1812 2643 1840 2675 a
1861 2628 2175 2677 contentione
2197 2630 2339 2681 absti-

212 2709 327 2769 Quae
360 2708 608 2776 translatio
649 2722 746 2754 usu
781 2706 848 2753 ita
888 2706 999 2754 trita
1034 2714 1134 2764 est,
1171 2716 1228 2754 ut
1317 2718 1455 2764 nent;
1492 2706 1687 2754 tertium
1718 2719 1911 2764 eorum,
1940 2709 2025 2771 qui
2053 2711 2213 2757 omnia
2240 2726 2333 2774 pro

210 2802 337 2850 pane
354 2788 551 2850 propria
569 2800 677 2833 esse
694 2783 932 2832 vid-estur.
952 2784 1033 2833 Cf.
1054 2799 1100 2833 c.
1120 2791 1208 2845 47.

272 2867 476 2912 xvm.
513 2880 560 2914 1.
585 2863 736 2912 Boni.
756 2897 771 2911 .
793 2896 806 2909 .
834 2861 1070 2910 surdiores
1089 2873 1220 2911 seme.

210 2944 281 2990 Sic
320 2943 676 2991 Dexnonhenes
720 2951 888 2989 contra
931 2941 1225 3004 Aristogito-

209 3037 325 3069 nem.
368 3023 647 3068 ‘semer-n·-
682 3036 760 3067 τα
799 3029 872 3067 est
909 3019 1222 3083 improbitas,

207 3111 248 3146 et
272 3100 466 3154 audax,
499 3109 552 3145 et
572 3098 810 3156 violents3
840 3108 1008 3146 contra
1034 3097 1225 3144 bonius

209 3181 547 3247 mquiHa‚et
560 3178 1226 3238 timida‚ettards,etdamnis

209 3260 433 3310 obnoxia.
467 3261 651 3309 Confer
677 3259 822 3306 Plinii
846 3274 922 3322 ep.
952 3259 1043 3317 IV,
1070 3273 1119 3318 7.

267 3357 314 3388 s.
342 3340 585 3388 Levior-es.
612 3339 730 3386 Non
746 3335 1009 3385 admodum
1032 3337 1198 3384 fortes.

266 3421 314 3467 3.
336 3418 649 3467 Dese-iseum.
669 3417 715 3463 A
742 3415 1021 3481 reipublice
1043 3431 1182 3463 cansa
1204 3428 1219 3462 ε

210 3511 461 3563 susceptam
481 3494 819 3545 defensionem
836 3495 1091 3555 abjiciunt.

270 3587 313 3633 4.
334 3580 538 3626 Desunt.
558 3575 753 3623 Volunt
774 3574 972 3637 quidem
985 3608 999 3632 ‚
1018 3572 1104 3620 sed
1122 3588 1222 3636 pra

216 3656 365 3705 tinore
385 3673 492 3705 non
512 3653 883 3720 aggrediuntur.

282 3736 323 3783 ⁵.
361 3737 443 3784 mi
479 3735 594 3783 soli.
645 3732 763 3781 Tria
811 3732 926 3780 facit
967 3730 1216 3777 hominum

217 3827 367 3875 genera
379 3816 435 3863 de
452 3812 715 3880 republica
732 3822 860 3859 recte
882 3809 1217 3858 sentientium:

215 3907 354 3939 unum
372 3910 527 3943 eorum
543 3928 558 3955 ,
583 3893 673 3957 qni
696 3908 791 3956 pro
817 3889 1062 3939 communi
1082 3902 1219 3936 com·

212 3971 351 4019 modo
362 3972 541 4022 labores
559 3983 612 4021 et
630 3970 848 4038 pericula
866 3969 1094 4028 subeunt,
1108 3969 1218 4031 qnia

210 4060 355 4099 umen
380 4055 559 4102 virtute
592 4067 698 4099 non
731 4065 906 4113 magna
942 4058 1081 4106 sunt,
1118 4062 1222 4095 non

209 4143 472 4189 minent
486 4132 542 4180 iu
557 4131 788 4193 incept03
808 4128 1010 4176 alterum
1029 4140 1195 4172 eornm
1207 4159 1222 4183 ‚

1313 2786 1464 2852 salute
1484 2784 1764 2851 reipublice
1777 2796 1827 2834 et
1843 2787 2139 2851 suscipiunt,
2161 2801 2209 2837 et
2223 2805 2332 2853 per·

1310 2865 1484 2915 serunt.

1384 2944 1436 2991 6.
1467 2947 1618 2992 Pater
1635 2954 1758 2993 tuus.
1774 2945 1845 2993 M.
1866 2947 2090 3003 Scaurus,
2105 2946 2333 3012 princeps

1312 3032 1533 3083 senatns3
1578 3024 1715 3083 cnjus
1764 3024 1814 3070 in
1863 3024 2041 3071 tuenda
2083 3024 2330 3088 republica

1312 3102 1631 3148 constantiam
1661 3100 1871 3148 declarat
1897 3104 2039 3166 etiam
2074 3102 2127 3148 in
2158 3118 2211 3150 ea
2240 3119 2334 3167 pro

1312 3179 1370 3227 C.
1390 3178 1594 3224 Rabirio
1610 3176 1687 3223 his
1706 3178 1889 3225 verbis:
1909 3200 1935 3219 ι
1950 3181 2112 3240 Quum
2125 3192 2338 3229 armatus

1311 3258 1387 3304 M.
1440 3255 1692 3316 AEmilins,
1743 3256 1969 3321 princeps
2015 3268 2236 3317 senatus,
2281 3262 2331 3308 in

1310 3335 1512 3383 comitio
1526 3334 1819 3383 constitisset
1838 3349 1851 3383 ε
1871 3337 1957 3399 qui
1975 3352 2126 3399 quum
2143 3339 2331 3402 ingredi

1307 3416 1393 3462 vix
1417 3423 1608 3479 posset,
1634 3430 1741 3462 non
1772 3414 1835 3462 ad
1865 3416 2212 3479 insequendum
2239 3420 2335 3468 sibi

1309 3493 1579 3541 tarditatem
1604 3493 1785 3558 pedum
1800 3528 1815 3551 ‚
1849 3493 1936 3541 sed
1961 3493 2025 3541 ad
2051 3496 2330 3560 fugiendum

1306 3572 1655 3642 impedimento
1679 3574 1781 3621 fore
1805 3573 2007 3637 putabat
2026 3595 2067 3621 ι.
2095 3577 2328 3625 Eumdem

1304 3651 1361 3698 in
1393 3667 1448 3698 ea
1478 3667 1571 3716 pro
1604 3655 1816 3710 Scauro,
1857 3668 1966 3716 qnae
1999 3653 2184 3717 integra
2224 3674 2328 3706 non

1305 3741 1485 3792 exstat,
1508 3731 1759 3779 custodem
1780 3731 2062 3795 reipublice
2079 3746 2238 3784 vocat.

1378 3826 1426 3870 7.
1464 3811 1535 3858 M.
1577 3813 1770 3857 Scauro.
1820 3813 2037 3874 Apparet
2071 3827 2132 3858 ex
2168 3812 2245 3863 his
2283 3829 2333 3866 et

1307 3887 1431 3935 infre
1446 3921 1460 3945 ,
1486 3902 1591 3935 non
1618 3888 1767 3936 modo
1791 3889 1917 3938 inter
1939 3887 2130 3949 judices
2153 3893 2333 3942 sedisse

1309 3967 1547 4013 Scaurum
1565 4001 1579 4024 ,
1611 3983 1779 4015 verum
1812 3968 2092 4031 quaestionis
2117 3971 2330 4031 indicem

1308 4045 1616 4109 potissimum
1653 4047 1823 4104 fnisse3
1867 4062 2022 4111 neque
2063 4049 2191 4096 enim
2235 4051 2332 4096 hoe

1308 4139 1441 4174 anno
1460 4136 1720 4190 protus-am
1738 4127 2006 4176 exercuisse
2032 4126 2333 4188 crediderim,
