2994 4778
641 427 783 512 480
1288 429 1385 497 Μ.
1438 429 1515 497 Τ.
1567 422 2152 505 emnem-us

636 550 791 645 ipsa
825 547 942 618 lex
989 560 1415 644 potestatem
1460 547 1944 640 defendendi3
1987 580 2150 652 quae
2188 582 2337 629 non
2378 562 2601 634 modo
2645 565 2787 636 ho·

635 661 902 728 minem
929 657 1210 743 occidi,
1270 656 1396 729 sed
1439 682 1593 730 esse
1635 684 1806 731 cum
1852 662 1997 734 telo
2040 664 2349 738 hominis
2388 669 2786 745 occidendi

630 793 845 840 causa
879 781 1070 839 vetat
1117 792 1135 837 ε
1175 780 1298 852 ut,
1337 793 1569 864 quum
1610 778 1896 860 causa7‚
1941 798 2095 846 non
2142 777 2363 850 telum
2408 805 2783 878 quaerere-

631 894 772 962 tur,
833 879 963 975 qui
1015 879 1128 949 sui
1180 875 1621 951 defendendi
1677 905 1891 959 causa
1938 885 2085 956 telo
2128 903 2315 960 esset
2358 914 2535 963 usus
2550 948 2573 981 ,
2624 919 2784 966 non

632 990 945 1072 hominis
980 986 1361 1060 occidendi
1395 1012 1613 1061 causa
1657 990 1998 1066 babuisse
2032 990 2261 1067 telum
2294 999 2780 1093 judicaretur.

638 1101 1103 1196 Quapropter
1128 1097 1271 1169 hoc
1297 1114 1586 1172 maneat
1603 1095 1636 1146 ⁸
1670 1102 1747 1172 in
1776 1125 1989 1176 musa
2005 1157 2026 1191 ‚
2053 1106 2351 1200 judices.
2382 1112 2539 1182 Non
2561 1116 2776 1185 enim

632 1207 914 1296 dubim,
938 1208 1120 1303 quin
1145 1207 1585 1305 probaturus
1608 1212 1744 1281 sim
1767 1212 1976 1285 vobis
1991 1212 2488 1291 defensionem
2505 1246 2777 1313 meam,

630 1322 687 1392 si
716 1317 791 1409 id
820 1318 1323 1404 memineritis,
1355 1318 1562 1415 quod
1588 1314 1915 1396 oblivisci
1940 1348 2089 1396 non
2117 1332 2448 1426 potestis,
2474 1332 2772 1408 insidia-

631 1444 867 1503 torem
906 1428 1074 1523 jure
1112 1426 1420 1499 interfici
1457 1454 1694 1528 posse.

724 1543 811 1610 V.
863 1540 1206 1633 Sequitur
1240 1537 1456 1627 illud,
1501 1541 1706 1638 quod
1754 1567 1796 1615 a
1837 1546 2129 1618 Milonis
2177 1549 2486 1622 inimicis
2519 1554 2774 1650 saepis-

630 1652 807 1721 sime
859 1634 1145 1734 dicitur,
1190 1647 1461 1720 caedem
1484 1704 1507 1738 ,
1542 1655 1620 1722 in
1659 1677 1807 1749 qua
1841 1658 1918 1725 P.
1971 1655 2267 1729 Clodius
2303 1662 2569 1732 occisus
2612 1677 2769 1748 est,

581 1814 588 1821 .
628 1774 956 1832 senatum
985 1756 1344 1853 judicasse
1379 1776 1632 1832 contra
1670 1764 2195 1862 rempublicam
2231 1779 2421 1840 esse¹
2476 1768 2766 1842 factam.

625 1868 830 1940 Illam
886 1891 1062 1939 vero
1106 1883 1395 1939 senatus
1454 1894 1610 1941 non
1674 1876 2049 1947 sententiis
2107 1878 2253 1948 suis
2306 1878 2574 1966 solum,
2631 1879 2770 1953 sed

629 1979 842 2050 etiam
896 1976 1153 2048 studiis
1213 1978 1735 2076 comprobavit.
1800 1985 2104 2072 Quoties
2159 1988 2353 2057 enim
2419 1999 2566 2060 est²
2639 1991 2769 2061 illa

624 2111 836 2159 causa
873 2111 914 2157 a
957 2086 1173 2159 nobis
1217 2101 1377 2159 acta
1444 2090 1524 2160 in
1573 2093 1878 2191 senatu?
1917 2095 2186 2191 quibus
2228 2100 2767 2172 assensionibus

626 2199 940 2269 universi
1001 2198 1340 2270 ordinis?
1397 2225 1617 2298 quam
1683 2226 1831 2275 nec·
1881 2207 2147 2292 taciti5‚
2206 2232 2342 2280 nec
2400 2210 2703 2282 occultis
2733 2212 2767 2280 Ρ

624 2306 938 2397 Quando
962 2313 1159 2381 enim
1177 2307 1763 2407 frequentissimo
1781 2329 2035 2386 senatu
2049 2313 2079 2359 ³
2097 2332 2439 2415 quatuor,
2463 2320 2551 2392 ad
2572 2340 2767 2394 sum·

626 2444 829 2491 mum
866 2421 1232 2518 quinque,
1268 2434 1437 2493 sunt
1476 2424 1782 2514 inventi,
1809 2430 1937 2523 qui
1963 2427 2256 2500 Milonis
2283 2452 2573 2504 causam
2610 2457 2767 2505 non

626 2528 1072 2628 probarent?
1116 2529 1499 2601 Declarant
1543 2532 1763 2628 hujus
1798 2535 2110 2609 ambusti
2157 2536 2484 2612 tribuni‘*
2525 2541 2765 2641 plebis

698 2819 747 2865 7.
779 2803 936 2865 Quum
962 2816 1131 2849 eausa.
1165 2799 1280 2848 Non
1308 2801 1437 2848 enim
1466 2801 1546 2849 lex
1569 2802 1647 2849 in·

621 2881 796 2947 quirit,
819 2895 883 2927 sn
899 2878 1010 2943 quis
1028 2878 1175 2927 telum
1194 2879 1390 2941 gesserit
1401 2913 1416 2937 ,
1436 2880 1525 2928 sed
1543 2895 1645 2945 quo

623 2962 803 3010 animo.
829 2960 892 3006 Et
917 2958 985 3006 its
1008 2972 1113 3005 non
1142 2971 1254 3006 reus
1279 2967 1353 3007 est
1377 2960 1466 3022 qui
1493 2959 1647 3008 telum

626 3039 774 3090 hsbet
792 3072 809 3098 ,
861 3036 948 3086 sed
995 3037 1081 3102 qui
1124 3036 1343 3086 hominis
1390 3036 1650 3088 occidendi

626 3136 770 3169 csuss
794 3118 946 3184 cepit.

697 3199 750 3248 8.
779 3199 889 3246 Hoc
913 3206 1129 3245 maneat.
1157 3195 1400 3245 Constans
1418 3208 1468 3245 et
1490 3194 1651 3246 fixum

624 3275 750 3324 illud
768 3277 821 3325 in
838 3286 1000 3324 mente
1014 3286 1171 3323 vesu-s
1189 3274 1387 3338 hereat,
1405 3276 1651 3325 hominem

625 3354 887 3418 aliquando
909 3355 1018 3415 jure
1043 3353 1259 3402 interfici
1292 3371 1467 3420 ροιιος
1501 3371 1652 3420 quum

625 3433 810 3483 scilicet
840 3433 1041 3482 insidias
1078 3434 1134 3481 in
1169 3447 1280 3482 eum
1310 3434 1399 3497 qui
1430 3435 1646 3494 occidit,

626 3511 869 3562 ommi-it.

691 3593 756 3638 V.
806 3603 851 3636 1.
899 3591 1019 3636 Esse
1037 3586 1259 3652 factam.
1313 3591 1478 3650 Quum
1516 3591 1646 3639 enim

624 3664 1344 3732 adar-moduinAppi·
1371 3668 1644 3719 vissanum

621 3750 767 3798 fnisse
808 3746 996 3796 audivit
1031 3757 1256 3805 seusus,
1299 3745 1545 3808 deomvis,
1586 3761 1644 3802 ut

622 3828 845 3877 consules
870 3842 1068 3892 operam
1095 3825 1292 3884 duent,
1317 3842 1381 3875 ne
1406 3828 1527 3892 qnid
1552 3830 1642 3879 de-

624 3906 835 3954 trimenti
865 3905 1137 3971 respublica
1164 3918 1374 3970 caperet.
1410 3908 1522 3956 'ruti
1556 3910 1643 3960 de·

623 3996 761 4035 creto
786 3995 977 4032 senatus
1002 4000 1233 4050 oppressa
1256 3997 1371 4034 suut
1395 3987 1642 4038 Saturnini

559 4109 564 4112 ,
619 4080 776 4124 arma,
803 4076 853 4112 et
875 4064 980 4128 ipse
1007 4064 1242 4113 sublatus.
1280 4066 1404 4114 Inde
1426 4083 1645 4132 sumpse·

624 4156 732 4193 rant
767 4141 993 4193 Clodiani
1043 4145 1348 4193 occasionem
1389 4146 1645 4207 jactitandi

1734 2818 1950 2855 senatum
1987 2808 2152 2859 Clodii
2196 2822 2397 2860 mortem
2436 2813 2571 2861 nullo
2602 2815 2762 2864 modo

1732 2878 2033 2948 probavisse.

1805 2977 1855 3011 π.
1897 2963 2091 3025 Quoties
2129 2966 2256 3015 enim
2293 2980 2368 3016 ese
2396 2968 2508 3020 ma.
2547 2971 2763 3021 Centum

1735 3042 1864 3089 enim
1891 3041 1992 3090 dies
2019 3056 2132 3109 post
2162 3046 2324 3096 Clodii
2350 3049 2533 3098 eadem
2556 3051 2763 3102 effluxe-

1736 3130 1867 3188 rsnt,
1889 3132 2145 3188 sntequsn
2165 3126 2217 3173 in
2235 3126 2478 3188 judicium
2504 3129 2632 3179 uilo
2648 3143 2762 3196 pro·

1738 3198 2021 3249 trebuetur.

1811 3282 1859 3329 3.
1879 3282 2065 3331 Emest.
2083 3285 2285 3346 conjicit
2298 3323 2314 3348 ‚
2335 3307 2361 3328 ιι
2380 3289 2595 3351 Quando
2614 3291 2763 3339 etism

1738 3359 2126 3424 fsequentissime
2143 3375 2314 3414 senatu
2333 3387 2383 3417 ι».
2407 3370 2456 3417 J.
2480 3372 2549 3420 V.
2580 3373 2636 3420 1..

1810 3447 1859 3494 4.
1887 3442 2113 3491 Ambusti
2130 3444 2328 3494 tribunt.
2355 3448 2447 3495 His
2469 3449 2632 3498 verbis
2655 3466 2768 3499 ors·

1738 3526 1818 3565 tor
1835 3518 1899 3566 sd
1916 3520 2195 3572 incendium
2207 3536 2400 3574 mustus
2420 3527 2611 3577 suadit.
2630 3529 2767 3579 Dum

1734 3596 1860 3643 euim
1885 3599 2032 3648 sunus
2063 3602 2225 3650 Clodii
2248 3603 2485 3668 egei-etur,
2504 3608 2768 3658 Munatius

1734 3673 1940 3724 Plancus
1975 3682 2215 3745 populum
2252 3683 2483 3735 seditiosa
2517 3687 2770 3737 concione

1732 3753 2000 3820 excitata-23
2043 3761 2130 3808 sed
2168 3766 2275 3827 rogi
2320 3763 2528 3814 flamme
2570 3769 2769 3817 curiam

1731 3832 1868 3883 brevi
1891 3837 2251 3902 corripuerunt,
2262 3854 2312 3891 et
2329 3843 2475 3893 istius
2490 3859 2770 3910 provecta,

1730 3924 1970 3963 oratorem
1995 3927 2024 3964 o
2048 3919 2264 3980 Rostris,
2291 3933 2342 3969 et
2373 3925 2615 3990 populum
2649 3928 2768 3975 soro

1734 3993 1968 4043 excedere
2019 4011 2299 4062 coegerunt.
2359 4003 2533 4066 Itaque
2592 4017 2768 4054 orator

1734 4071 1980 4121 tribunum
2004 4076 2277 4126 ambustum
2304 4093 2482 4142 vocnt,
2513 4094 2765 4146 tamquam

1732 4146 1933 4197 flammis
1986 4166 2167 4203 tactum
2216 4157 2415 4208 diceret.
2476 4161 2575 4210 Alii
2634 4179 2763 4210 vero
