<?xml version="1.0" encoding="UTF-8"?>
<!DOCTYPE html PUBLIC "-//W3C//DTD XHTML 1.0 Transitional//EN"
    "http://www.w3.org/TR/xhtml1/DTD/xhtml1-transitional.dtd">
<html xmlns="http://www.w3.org/1999/xhtml" xml:lang="en" lang="en">
 <head>
  <title>
</title>
<meta http-equiv="Content-Type" content="text/html;charset=utf-8" />
  <meta name='ocr-system' content='tesseract 3.04.00' />
  <meta name='ocr-capabilities' content='ocr_page ocr_carea ocr_par ocr_line ocrx_word'/>
</head>
<body>
  <div class='ocr_page' id='page_1' title='image "./mtciceronisquae06lemagoog_0448.png"; bbox 0 0 2994 4778; ppageno 0'>
   <div class='ocr_carea' id='block_1_1' title="bbox 582 386 2071 477">
    <p class='ocr_par' dir='ltr' id='par_1_1' title="bbox 582 386 2071 477">
     <span class='ocr_line' id='line_1_1' title="bbox 582 386 2071 477; baseline -0.003 -15"><span class='ocrx_word' id='word_1_1' title='bbox 582 391 723 477; x_wconf 77' lang='lat'><strong>438</strong></span> <span class='ocrx_word' id='word_1_2' title='bbox 1207 393 1304 460; x_wconf 91' lang='grc' dir='ltr'><strong>Μ.</strong></span> <span class='ocrx_word' id='word_1_3' title='bbox 1355 391 1431 458; x_wconf 85' lang='grc' dir='ltr'><strong>Τ.</strong></span> <span class='ocrx_word' id='word_1_4' title='bbox 1485 386 2071 458; x_wconf 84' lang='lat' dir='ltr'>CICERONIS</span> 
     </span>
    </p>
   </div>
   <div class='ocr_carea' id='block_1_2' title="bbox 581 510 2730 2145">
    <p class='ocr_par' dir='ltr' id='par_1_2' title="bbox 581 510 2730 2145">
     <span class='ocr_line' id='line_1_2' title="bbox 585 510 2726 608; baseline -0.002 -22"><span class='ocrx_word' id='word_1_5' title='bbox 585 538 750 586; x_wconf 89' lang='lat' dir='ltr'><strong>cum</strong></span> <span class='ocrx_word' id='word_1_6' title='bbox 777 514 1097 584; x_wconf 79' lang='lat' dir='ltr'>Postumi</span> <span class='ocrx_word' id='word_1_7' title='bbox 1129 536 1339 592; x_wconf 87' lang='lat' dir='ltr'><strong>causa</strong></span> <span class='ocrx_word' id='word_1_8' title='bbox 1365 536 1478 582; x_wconf 89' lang='lat' dir='ltr'><strong>res</strong></span> <span class='ocrx_word' id='word_1_9' title='bbox 1510 513 1642 581; x_wconf 91' lang='lat' dir='ltr'><strong>ista</strong></span> <span class='ocrx_word' id='word_1_10' title='bbox 1670 510 2055 606; x_wconf 88' lang='lat' dir='ltr'><strong>conjuncta</strong></span> <span class='ocrx_word' id='word_1_11' title='bbox 2085 524 2216 581; x_wconf 82' lang='lat' dir='ltr'><strong>est.</strong></span> <span class='ocrx_word' id='word_1_12' title='bbox 2248 513 2726 608; x_wconf 84' lang='lat' dir='ltr'><strong>Quamquam</strong></span> 
     </span>
     <span class='ocr_line' id='line_1_3' title="bbox 583 619 2728 721; baseline -0.001 -27"><span class='ocrx_word' id='word_1_13' title='bbox 583 620 721 694; x_wconf 77' lang='lat' dir='ltr'><strong>ad⁶</strong></span> <span class='ocrx_word' id='word_1_14' title='bbox 758 637 1128 721; x_wconf 87' lang='lat' dir='ltr'><strong>sumptum</strong></span> <span class='ocrx_word' id='word_1_15' title='bbox 1162 624 1475 708; x_wconf 84' lang='lat' dir='ltr'><strong>itineris,</strong></span> <span class='ocrx_word' id='word_1_16' title='bbox 1512 619 1600 691; x_wconf 91' lang='lat' dir='ltr'><strong>ad</strong></span> <span class='ocrx_word' id='word_1_17' title='bbox 1632 620 1825 690; x_wconf 89' lang='lat' dir='ltr'><strong>illam</strong></span> <span class='ocrx_word' id='word_1_18' title='bbox 1862 619 2463 716; x_wconf 80' lang='lat' dir='ltr'><strong>magnificentiam</strong></span> <span class='ocrx_word' id='word_1_19' title='bbox 2496 646 2728 720; x_wconf 83' lang='lat' dir='ltr'><strong>appa·</strong></span> 
     </span>
     <span class='ocr_line' id='line_1_4' title="bbox 582 730 2728 829; baseline 0 -26"><span class='ocrx_word' id='word_1_20' title='bbox 582 744 815 819; x_wconf 62' lang='lat' dir='ltr'><strong>ratus3</strong></span> <span class='ocrx_word' id='word_1_21' title='bbox 849 737 1414 829; x_wconf 85' lang='lat' dir='ltr'><strong>comitatumque</strong></span> <span class='ocrx_word' id='word_1_22' title='bbox 1457 732 1772 826; x_wconf 87' lang='lat' dir='ltr'><strong>regium,</strong></span> <span class='ocrx_word' id='word_1_23' title='bbox 1825 730 2275 828; x_wconf 86' lang='lat' dir='ltr'><strong>suppeditata</strong></span> <span class='ocrx_word' id='word_1_24' title='bbox 2320 735 2649 827; x_wconf 87' lang='lat' dir='ltr'><strong>pecunia</strong></span> <span class='ocrx_word' id='word_1_25' title='bbox 2684 758 2728 803; x_wconf 87' lang='lat' dir='ltr'><strong>a</strong></span> 
     </span>
     <span class='ocr_line' id='line_1_5' title="bbox 581 838 2726 938; baseline -0.001 -24"><span class='ocrx_word' id='word_1_26' title='bbox 581 847 927 914; x_wconf 89' lang='lat' dir='ltr'><strong>Postumo</strong></span> <span class='ocrx_word' id='word_1_27' title='bbox 953 856 1096 927; x_wconf 85' lang='lat' dir='ltr'><strong>est,</strong></span> <span class='ocrx_word' id='word_1_28' title='bbox 1136 839 1479 938; x_wconf 85' lang='lat' dir='ltr'><strong>factaeque</strong></span> <span class='ocrx_word' id='word_1_29' title='bbox 1518 838 1942 936; x_wconf 63' lang='lat' dir='ltr'><strong>syngraphae</strong></span> <span class='ocrx_word' id='word_1_30' title='bbox 1971 853 2140 909; x_wconf 86' lang='lat' dir='ltr'><strong>sunt</strong></span> <span class='ocrx_word' id='word_1_31' title='bbox 2168 844 2240 909; x_wconf 90' lang='lat' dir='ltr'><strong>iu</strong></span> <span class='ocrx_word' id='word_1_32' title='bbox 2268 840 2556 911; x_wconf 83' lang='lat' dir='ltr'><strong>Albano</strong></span> <span class='ocrx_word' id='word_1_33' title='bbox 2584 848 2726 913; x_wconf 87' lang='lat' dir='ltr'><strong>Cu.</strong></span> 
     </span>
     <span class='ocr_line' id='line_1_6' title="bbox 584 947 2727 1048; baseline 0 -26"><span class='ocrx_word' id='word_1_34' title='bbox 584 952 935 1048; x_wconf 85' lang='lat' dir='ltr'><strong>Pompeii,</strong></span> <span class='ocrx_word' id='word_1_35' title='bbox 973 974 1200 1046; x_wconf 91' lang='lat' dir='ltr'><strong>quum</strong></span> <span class='ocrx_word' id='word_1_36' title='bbox 1234 949 1354 1019; x_wconf 89' lang='lat' dir='ltr'><strong>ille</strong></span> <span class='ocrx_word' id='word_1_37' title='bbox 1378 955 1610 1019; x_wconf 88' lang='lat' dir='ltr'><strong>Roma</strong></span> <span class='ocrx_word' id='word_1_38' title='bbox 1639 947 2004 1045; x_wconf 84' lang='lat' dir='ltr'><strong>profectus</strong></span> <span class='ocrx_word' id='word_1_39' title='bbox 2031 964 2254 1019; x_wconf 86' lang='lat' dir='ltr'><strong>esset:</strong></span> <span class='ocrx_word' id='word_1_40' title='bbox 2280 965 2527 1022; x_wconf 88' lang='lat' dir='ltr'><strong>tamen</strong></span> <span class='ocrx_word' id='word_1_41' title='bbox 2564 977 2727 1023; x_wconf 90' lang='lat' dir='ltr'><strong>non</strong></span> 
     </span>
     <span class='ocr_line' id='line_1_7' title="bbox 581 1058 2728 1156; baseline 0 -24"><span class='ocrx_word' id='word_1_42' title='bbox 581 1060 837 1132; x_wconf 84' lang='lat' dir='ltr'><strong>debuit</strong></span> <span class='ocrx_word' id='word_1_43' title='bbox 873 1061 955 1147; x_wconf 88' lang='lat' dir='ltr'><strong>is,</strong></span> <span class='ocrx_word' id='word_1_44' title='bbox 982 1061 1108 1156; x_wconf 91' lang='lat' dir='ltr'><strong>qui</strong></span> <span class='ocrx_word' id='word_1_45' title='bbox 1133 1058 1371 1147; x_wconf 85' lang='lat' dir='ltr'><strong>dabat,</strong></span> <span class='ocrx_word' id='word_1_46' title='bbox 1395 1084 1545 1156; x_wconf 92' lang='lat' dir='ltr'><strong>quo</strong></span> <span class='ocrx_word' id='word_1_47' title='bbox 1571 1058 1715 1145; x_wconf 85' lang='lat' dir='ltr'><strong>ille,</strong></span> <span class='ocrx_word' id='word_1_48' title='bbox 1742 1060 1869 1155; x_wconf 91' lang='lat' dir='ltr'><strong>qui</strong></span> <span class='ocrx_word' id='word_1_49' title='bbox 1895 1059 2317 1156; x_wconf 86' lang='lat' dir='ltr'><strong>accipiebat,</strong></span> <span class='ocrx_word' id='word_1_50' title='bbox 2341 1085 2728 1133; x_wconf 88' lang='lat' dir='ltr'><strong>consume-</strong></span> 
     </span>
     <span class='ocr_line' id='line_1_8' title="bbox 583 1168 2724 1268; baseline 0 -27"><span class='ocrx_word' id='word_1_51' title='bbox 583 1186 729 1256; x_wconf 91' lang='lat' dir='ltr'><strong>ret,</strong></span> <span class='ocrx_word' id='word_1_52' title='bbox 756 1194 1096 1268; x_wconf 85' lang='lat' dir='ltr'><strong>quaerere.</strong></span> <span class='ocrx_word' id='word_1_53' title='bbox 1127 1173 1286 1240; x_wconf 87' lang='lat' dir='ltr'><strong>Nou</strong></span> <span class='ocrx_word' id='word_1_54' title='bbox 1327 1171 1518 1239; x_wconf 88' lang='lat' dir='ltr'><strong>enim</strong></span> <span class='ocrx_word' id='word_1_55' title='bbox 1553 1170 1838 1255; x_wconf 90' lang='lat' dir='ltr'><strong>latroni,</strong></span> <span class='ocrx_word' id='word_1_56' title='bbox 1867 1168 1991 1239; x_wconf 89' lang='lat' dir='ltr'><strong>sed</strong></span> <span class='ocrx_word' id='word_1_57' title='bbox 2022 1171 2175 1267; x_wconf 87' lang='lat' dir='ltr'><strong>regi</strong></span> <span class='ocrx_word' id='word_1_58' title='bbox 2199 1169 2499 1241; x_wconf 89' lang='lat' dir='ltr'><strong>credidit</strong></span> <span class='ocrx_word' id='word_1_59' title='bbox 2525 1199 2543 1240; x_wconf 75' lang='grc' dir='ltr'><strong><em>ε</em></strong></span> <span class='ocrx_word' id='word_1_60' title='bbox 2568 1197 2724 1243; x_wconf 85' lang='lat' dir='ltr'><strong>nec</strong></span> 
     </span>
     <span class='ocr_line' id='line_1_9' title="bbox 582 1279 2720 1378; baseline 0 -27"><span class='ocrx_word' id='word_1_61' title='bbox 582 1283 732 1378; x_wconf 84' lang='lat' dir='ltr'><strong>regi</strong></span> <span class='ocrx_word' id='word_1_62' title='bbox 791 1281 1082 1351; x_wconf 90' lang='lat' dir='ltr'><strong>inimico</strong></span> <span class='ocrx_word' id='word_1_63' title='bbox 1138 1279 1389 1377; x_wconf 89' lang='lat' dir='ltr'><strong>populi</strong></span> <span class='ocrx_word' id='word_1_64' title='bbox 1442 1281 1760 1362; x_wconf 86' lang='lat' dir='ltr'><strong>romaui;</strong></span> <span class='ocrx_word' id='word_1_65' title='bbox 1813 1279 1937 1349; x_wconf 88' lang='lat' dir='ltr'><strong>sed</strong></span> <span class='ocrx_word' id='word_1_66' title='bbox 1983 1281 2088 1363; x_wconf 86' lang='lat' dir='ltr'><strong>ei,</strong></span> <span class='ocrx_word' id='word_1_67' title='bbox 2139 1282 2345 1376; x_wconf 88' lang='lat' dir='ltr'><strong>cujus</strong></span> <span class='ocrx_word' id='word_1_68' title='bbox 2401 1280 2720 1352; x_wconf 86' lang='lat' dir='ltr'><strong>reditum</strong></span> 
     </span>
     <span class='ocr_line' id='line_1_10' title="bbox 585 1388 2725 1505; baseline 0 -43"><span class='ocrx_word' id='word_1_69' title='bbox 585 1391 866 1462; x_wconf 88' lang='lat' dir='ltr'><strong>consuli</strong></span> <span class='ocrx_word' id='word_1_70' title='bbox 908 1391 1202 1461; x_wconf 86' lang='lat' dir='ltr'><strong>datum⁷</strong></span> <span class='ocrx_word' id='word_1_71' title='bbox 1252 1415 1293 1460; x_wconf 90' lang='lat' dir='ltr'><strong>a</strong></span> <span class='ocrx_word' id='word_1_72' title='bbox 1335 1405 1591 1460; x_wconf 87' lang='lat' dir='ltr'><strong>senatu</strong></span> <span class='ocrx_word' id='word_1_73' title='bbox 1642 1388 1933 1460; x_wconf 85' lang='lat' dir='ltr'><strong>videbat</strong></span> <span class='ocrx_word' id='word_1_74' title='bbox 1972 1418 1987 1459; x_wconf 90' lang='lat'>:</span> <span class='ocrx_word' id='word_1_75' title='bbox 2035 1416 2168 1462; x_wconf 90' lang='lat' dir='ltr'><strong>nec</strong></span> <span class='ocrx_word' id='word_1_76' title='bbox 2221 1396 2286 1463; x_wconf 92' lang='lat' dir='ltr'><strong>ei</strong></span> <span class='ocrx_word' id='word_1_77' title='bbox 2341 1395 2523 1505; x_wconf 65' lang='lat' dir='ltr'><strong>regi,</strong></span> <span class='ocrx_word' id='word_1_78' title='bbox 2576 1395 2725 1489; x_wconf 90' lang='lat' dir='ltr'><strong>qui</strong></span> 
     </span>
     <span class='ocr_line' id='line_1_11' title="bbox 584 1499 2726 1598; baseline 0 -25"><span class='ocrx_word' id='word_1_79' title='bbox 584 1501 861 1573; x_wconf 89' lang='lat' dir='ltr'><strong>alienus</strong></span> <span class='ocrx_word' id='word_1_80' title='bbox 894 1499 986 1571; x_wconf 92' lang='lat' dir='ltr'><strong>ab</strong></span> <span class='ocrx_word' id='word_1_81' title='bbox 1029 1499 1171 1571; x_wconf 91' lang='lat' dir='ltr'><strong>hoc</strong></span> <span class='ocrx_word' id='word_1_82' title='bbox 1211 1501 1520 1597; x_wconf 89' lang='lat' dir='ltr'><strong>imperio</strong></span> <span class='ocrx_word' id='word_1_83' title='bbox 1553 1515 1772 1578; x_wconf 73' lang='lat' dir='ltr'><strong>esset:</strong></span> <span class='ocrx_word' id='word_1_84' title='bbox 1817 1499 1943 1571; x_wconf 83' lang='lat' dir='ltr'><strong>sed</strong></span> <span class='ocrx_word' id='word_1_85' title='bbox 1990 1503 2093 1588; x_wconf 88' lang='lat' dir='ltr'><strong>ei,</strong></span> <span class='ocrx_word' id='word_1_86' title='bbox 2140 1504 2435 1598; x_wconf 90' lang='lat' dir='ltr'><strong>quicum</strong></span> <span class='ocrx_word' id='word_1_87' title='bbox 2470 1501 2726 1574; x_wconf 80' lang='lat' dir='ltr'><strong>foedus</strong></span> 
     </span>
     <span class='ocr_line' id='line_1_12' title="bbox 587 1602 2727 1708; baseline 0 -27"><span class='ocrx_word' id='word_1_88' title='bbox 587 1610 781 1682; x_wconf 86' lang='lat' dir='ltr'><strong>feriri</strong></span> <span class='ocrx_word' id='word_1_89' title='bbox 813 1611 886 1681; x_wconf 90' lang='lat' dir='ltr'><strong>in</strong></span> <span class='ocrx_word' id='word_1_90' title='bbox 921 1608 1274 1705; x_wconf 89' lang='lat' dir='ltr'><strong>Capitolio</strong></span> <span class='ocrx_word' id='word_1_91' title='bbox 1292 1606 1321 1652; x_wconf 82' lang='lat'><strong>⁸</strong></span> <span class='ocrx_word' id='word_1_92' title='bbox 1347 1609 1638 1679; x_wconf 80' lang='lat' dir='ltr'><strong>viderat.</strong></span> <span class='ocrx_word' id='word_1_93' title='bbox 1668 1607 1888 1699; x_wconf 89' lang='lat' dir='ltr'><strong>Quod</strong></span> <span class='ocrx_word' id='word_1_94' title='bbox 1916 1612 1972 1678; x_wconf 89' lang='lat' dir='ltr'><strong>si</strong></span> <span class='ocrx_word' id='word_1_95' title='bbox 2010 1602 2373 1681; x_wconf 81' lang='lat' dir='ltr'><strong>creditor9</strong></span> <span class='ocrx_word' id='word_1_96' title='bbox 2403 1612 2472 1680; x_wconf 91' lang='lat' dir='ltr'><strong>in</strong></span> <span class='ocrx_word' id='word_1_97' title='bbox 2496 1612 2727 1708; x_wconf 82' lang='lat' dir='ltr'><strong>culpa</strong></span> 
     </span>
     <span class='ocr_line' id='line_1_13' title="bbox 584 1717 2724 1818; baseline 0 -27"><span class='ocrx_word' id='word_1_98' title='bbox 584 1724 701 1806; x_wconf 81' lang='lat' dir='ltr'><strong>sit3</strong></span> <span class='ocrx_word' id='word_1_99' title='bbox 742 1746 893 1792; x_wconf 91' lang='lat' dir='ltr'><strong>non</strong></span> <span class='ocrx_word' id='word_1_100' title='bbox 935 1724 1061 1815; x_wconf 91' lang='lat' dir='ltr'><strong>qui</strong></span> <span class='ocrx_word' id='word_1_101' title='bbox 1111 1733 1221 1789; x_wconf 89' lang='lat' dir='ltr'><strong>est</strong></span> <span class='ocrx_word' id='word_1_102' title='bbox 1269 1717 1607 1816; x_wconf 52' lang='lat' dir='ltr'><strong>improbe,</strong></span> <span class='ocrx_word' id='word_1_103' title='bbox 1651 1718 1917 1789; x_wconf 88' lang='lat' dir='ltr'><strong>credita</strong></span> <span class='ocrx_word' id='word_1_104' title='bbox 1955 1723 2263 1818; x_wconf 84' lang='lat' dir='ltr'><strong>pecunia</strong></span> <span class='ocrx_word' id='word_1_105' title='bbox 2307 1746 2522 1791; x_wconf 89' lang='lat' dir='ltr'><strong>usus:</strong></span> <span class='ocrx_word' id='word_1_106' title='bbox 2580 1721 2724 1792; x_wconf 85' lang='lat' dir='ltr'><strong>da-</strong></span> 
     </span>
     <span class='ocr_line' id='line_1_14' title="bbox 588 1826 2730 1925; baseline -0.001 -24"><span class='ocrx_word' id='word_1_107' title='bbox 588 1844 877 1901; x_wconf 88' lang='lat' dir='ltr'><strong>mnetur</strong></span> <span class='ocrx_word' id='word_1_108' title='bbox 912 1832 993 1916; x_wconf 87' lang='lat' dir='ltr'><strong>is,</strong></span> <span class='ocrx_word' id='word_1_109' title='bbox 1011 1830 1138 1925; x_wconf 91' lang='lat' dir='ltr'><strong>qui</strong></span> <span class='ocrx_word' id='word_1_110' title='bbox 1164 1826 1551 1899; x_wconf 84' lang='lat' dir='ltr'><strong>fabricatus</strong></span> <span class='ocrx_word' id='word_1_111' title='bbox 1579 1826 1892 1925; x_wconf 83' lang='lat' dir='ltr'><strong>gladium</strong></span> <span class='ocrx_word' id='word_1_112' title='bbox 1921 1843 2063 1914; x_wconf 84' lang='lat' dir='ltr'><strong>est,</strong></span> <span class='ocrx_word' id='word_1_113' title='bbox 2101 1844 2174 1900; x_wconf 92' lang='lat' dir='ltr'><strong>et</strong></span> <span class='ocrx_word' id='word_1_114' title='bbox 2208 1828 2730 1914; x_wconf 82' lang='lat' dir='ltr'><strong>vendidit‚non</strong></span> 
     </span>
     <span class='ocr_line' id='line_1_15' title="bbox 586 1937 2727 2036; baseline -0 -26"><span class='ocrx_word' id='word_1_115' title='bbox 586 1945 684 2025; x_wconf 86' lang='lat' dir='ltr'><strong>is,</strong></span> <span class='ocrx_word' id='word_1_116' title='bbox 733 1944 859 2036; x_wconf 91' lang='lat' dir='ltr'><strong>qui</strong></span> <span class='ocrx_word' id='word_1_117' title='bbox 898 1939 1023 2010; x_wconf 93' lang='lat' dir='ltr'><strong>illo</strong></span> <span class='ocrx_word' id='word_1_118' title='bbox 1073 1939 1312 2035; x_wconf 87' lang='lat' dir='ltr'><strong>gladio</strong></span> <span class='ocrx_word' id='word_1_119' title='bbox 1360 1942 1590 2009; x_wconf 88' lang='lat' dir='ltr'><strong>civem</strong></span> <span class='ocrx_word' id='word_1_120' title='bbox 1640 1937 1955 2035; x_wconf 85' lang='lat' dir='ltr'><strong>aliquem</strong></span> <span class='ocrx_word' id='word_1_121' title='bbox 2016 1941 2398 2011; x_wconf 86' lang='lat' dir='ltr'><strong>interemit.</strong></span> <span class='ocrx_word' id='word_1_122' title='bbox 2444 1941 2727 2028; x_wconf 88' lang='lat' dir='ltr'><strong>Quam-</strong></span> 
     </span>
     <span class='ocr_line' id='line_1_16' title="bbox 584 2048 2728 2145; baseline 0 -26"><span class='ocrx_word' id='word_1_123' title='bbox 584 2048 837 2119; x_wconf 85' lang='lat' dir='ltr'><strong>obrem</strong></span> <span class='ocrx_word' id='word_1_124' title='bbox 901 2072 1141 2145; x_wconf 88' lang='lat' dir='ltr'><strong>neque</strong></span> <span class='ocrx_word' id='word_1_125' title='bbox 1191 2064 1310 2135; x_wconf 84' lang='lat' dir='ltr'><strong>tu,</strong></span> <span class='ocrx_word' id='word_1_126' title='bbox 1371 2053 1449 2120; x_wconf 91' lang='lat' dir='ltr'><strong>C.</strong></span> <span class='ocrx_word' id='word_1_127' title='bbox 1510 2051 1802 2118; x_wconf 87' lang='lat' dir='ltr'><strong>Memmi</strong></span> <span class='ocrx_word' id='word_1_128' title='bbox 1825 2059 1923 2129; x_wconf 81' lang='lat'><strong>¹⁰,</strong></span> <span class='ocrx_word' id='word_1_129' title='bbox 1971 2048 2113 2120; x_wconf 92' lang='lat' dir='ltr'><strong>hoc</strong></span> <span class='ocrx_word' id='word_1_130' title='bbox 2167 2048 2397 2121; x_wconf 86' lang='lat' dir='ltr'><strong>facere</strong></span> <span class='ocrx_word' id='word_1_131' title='bbox 2444 2048 2728 2133; x_wconf 83' lang='lat' dir='ltr'><strong>debes,</strong></span> 
     </span>
    </p>
   </div>
   <div class='ocr_carea' id='block_1_3' title="bbox 537 2223 1609 4185">
    <p class='ocr_par' dir='ltr' id='par_1_3' title="bbox 537 2223 1609 3551">
     <span class='ocr_line' id='line_1_17' title="bbox 657 2223 1603 2288; baseline -0.004 -16"><span class='ocrx_word' id='word_1_132' title='bbox 657 2226 704 2272; x_wconf 85' lang='lat'><strong>6.</strong></span> <span class='ocrx_word' id='word_1_133' title='bbox 730 2228 1039 2288; x_wconf 79' lang='lat' dir='ltr'><strong>Quamquam</strong></span> <span class='ocrx_word' id='word_1_134' title='bbox 1058 2223 1143 2271; x_wconf 80' lang='lat' dir='ltr'><strong>ad.</strong></span> <span class='ocrx_word' id='word_1_135' title='bbox 1165 2225 1302 2287; x_wconf 79' lang='lat' dir='ltr'><strong>Legit</strong></span> <span class='ocrx_word' id='word_1_136' title='bbox 1317 2227 1603 2271; x_wconf 85' lang='lat' dir='ltr'><strong>Hottoman-</strong></span> 
     </span>
     <span class='ocr_line' id='line_1_18' title="bbox 585 2292 1605 2367; baseline -0.004 -15"><span class='ocrx_word' id='word_1_137' title='bbox 585 2320 676 2352; x_wconf 73' lang='lat' dir='ltr'><strong>uua</strong></span> <span class='ocrx_word' id='word_1_138' title='bbox 698 2292 997 2367; x_wconf 58' lang='lat' dir='ltr'><strong>quamquem</strong></span> <span class='ocrx_word' id='word_1_139' title='bbox 1016 2302 1141 2351; x_wconf 80' lang='lat' dir='ltr'><strong>enim</strong></span> <span class='ocrx_word' id='word_1_140' title='bbox 1161 2303 1249 2351; x_wconf 84' lang='lat' dir='ltr'><strong>ad.</strong></span> <span class='ocrx_word' id='word_1_141' title='bbox 1269 2301 1452 2351; x_wconf 81' lang='lat' dir='ltr'><strong>Reddit</strong></span> <span class='ocrx_word' id='word_1_142' title='bbox 1474 2302 1605 2350; x_wconf 76' lang='lat' dir='ltr'><strong>enim</strong></span> 
     </span>
     <span class='ocr_line' id='line_1_19' title="bbox 584 2380 1603 2447; baseline -0.006 -13"><span class='ocrx_word' id='word_1_143' title='bbox 584 2385 818 2434; x_wconf 85' lang='lat' dir='ltr'><strong>rationem</strong></span> <span class='ocrx_word' id='word_1_144' title='bbox 846 2400 932 2432; x_wconf 86' lang='lat' dir='ltr'><strong>eur</strong></span> <span class='ocrx_word' id='word_1_145' title='bbox 958 2393 1152 2432; x_wconf 70' lang='lat' dir='ltr'><strong>senatun</strong></span> <span class='ocrx_word' id='word_1_146' title='bbox 1191 2382 1444 2447; x_wconf 82' lang='lat' dir='ltr'><strong>corruptio</strong></span> <span class='ocrx_word' id='word_1_147' title='bbox 1479 2380 1603 2430; x_wconf 84' lang='lat' dir='ltr'><strong>nihil</strong></span> 
     </span>
     <span class='ocr_line' id='line_1_20' title="bbox 581 2461 1605 2527; baseline -0.005 -14"><span class='ocrx_word' id='word_1_148' title='bbox 581 2464 647 2513; x_wconf 86' lang='lat' dir='ltr'><strong>ad</strong></span> <span class='ocrx_word' id='word_1_149' title='bbox 685 2464 871 2513; x_wconf 78' lang='lat' dir='ltr'><strong>Rabirii</strong></span> <span class='ocrx_word' id='word_1_150' title='bbox 916 2479 1106 2510; x_wconf 76' lang='lat' dir='ltr'><strong>causam</strong></span> <span class='ocrx_word' id='word_1_151' title='bbox 1147 2464 1403 2527; x_wconf 84' lang='lat' dir='ltr'><strong>pertineat.</strong></span> <span class='ocrx_word' id='word_1_152' title='bbox 1444 2461 1605 2510; x_wconf 82' lang='lat' dir='ltr'><strong>Ptole·</strong></span> 
     </span>
     <span class='ocr_line' id='line_1_21' title="bbox 584 2542 1601 2607; baseline -0.004 -15"><span class='ocrx_word' id='word_1_153' title='bbox 584 2561 730 2592; x_wconf 68' lang='lat' dir='ltr'><strong>moeus</strong></span> <span class='ocrx_word' id='word_1_154' title='bbox 759 2559 909 2607; x_wconf 88' lang='lat' dir='ltr'><strong>quum</strong></span> <span class='ocrx_word' id='word_1_155' title='bbox 949 2542 1134 2589; x_wconf 81' lang='lat' dir='ltr'><strong>videret</strong></span> <span class='ocrx_word' id='word_1_156' title='bbox 1165 2542 1415 2605; x_wconf 76' lang='lat' dir='ltr'><strong>Sibyllinis</strong></span> <span class='ocrx_word' id='word_1_157' title='bbox 1448 2542 1601 2588; x_wconf 74' lang='lat' dir='ltr'><strong>verei-</strong></span> 
     </span>
     <span class='ocr_line' id='line_1_22' title="bbox 584 2619 1603 2687; baseline -0.005 -15"><span class='ocrx_word' id='word_1_158' title='bbox 584 2625 701 2682; x_wconf 66' lang='lat' dir='ltr'><strong>bna,</strong></span> <span class='ocrx_word' id='word_1_159' title='bbox 722 2637 1009 2687; x_wconf 87' lang='lat' dir='ltr'><strong>quamquam</strong></span> <span class='ocrx_word' id='word_1_160' title='bbox 1059 2620 1187 2669; x_wconf 67' lang='lat' dir='ltr'><strong>fictis</strong></span> <span class='ocrx_word' id='word_1_161' title='bbox 1204 2655 1217 2677; x_wconf 89' lang='lat'>‚</span> <span class='ocrx_word' id='word_1_162' title='bbox 1255 2619 1505 2683; x_wconf 82' lang='lat' dir='ltr'><strong>prohiberi</strong></span> <span class='ocrx_word' id='word_1_163' title='bbox 1541 2636 1603 2667; x_wconf 92' lang='lat' dir='ltr'><strong>ue</strong></span> 
     </span>
     <span class='ocr_line' id='line_1_23' title="bbox 583 2698 1600 2761; baseline -0.006 -11"><span class='ocrx_word' id='word_1_164' title='bbox 583 2718 695 2750; x_wconf 86' lang='lat' dir='ltr'><strong>eum</strong></span> <span class='ocrx_word' id='word_1_165' title='bbox 722 2703 938 2749; x_wconf 80' lang='lat' dir='ltr'><strong>exercitu</strong></span> <span class='ocrx_word' id='word_1_166' title='bbox 962 2699 1273 2747; x_wconf 76' lang='lat' dir='ltr'><strong>reduceretur</strong></span> <span class='ocrx_word' id='word_1_167' title='bbox 1296 2698 1347 2744; x_wconf 87' lang='lat' dir='ltr'><strong>iu</strong></span> <span class='ocrx_word' id='word_1_168' title='bbox 1376 2714 1600 2761; x_wconf 80' lang='lat' dir='ltr'><strong>reguum,</strong></span> 
     </span>
     <span class='ocr_line' id='line_1_24' title="bbox 583 2776 1604 2843; baseline -0.004 -15"><span class='ocrx_word' id='word_1_169' title='bbox 583 2798 671 2830; x_wconf 88' lang='lat' dir='ltr'><strong>nec</strong></span> <span class='ocrx_word' id='word_1_170' title='bbox 692 2780 910 2828; x_wconf 87' lang='lat' dir='ltr'><strong>obtinere</strong></span> <span class='ocrx_word' id='word_1_171' title='bbox 930 2788 1092 2843; x_wconf 73' lang='lat' dir='ltr'><strong>posset</strong></span> <span class='ocrx_word' id='word_1_172' title='bbox 1106 2793 1132 2823; x_wconf 87' lang='lat' dir='ltr'><strong>a</strong></span> <span class='ocrx_word' id='word_1_173' title='bbox 1149 2787 1317 2824; x_wconf 71' lang='lat' dir='ltr'><strong>senatu</strong></span> <span class='ocrx_word' id='word_1_174' title='bbox 1329 2809 1343 2832; x_wconf 89' lang='lat'>‚</span> <span class='ocrx_word' id='word_1_175' title='bbox 1363 2788 1417 2824; x_wconf 94' lang='lat' dir='ltr'><strong>ut</strong></span> <span class='ocrx_word' id='word_1_176' title='bbox 1437 2776 1604 2825; x_wconf 84' lang='lat' dir='ltr'><strong>aaltem</strong></span> 
     </span>
     <span class='ocr_line' id='line_1_25' title="bbox 583 2855 1605 2924; baseline -0.005 -16"><span class='ocrx_word' id='word_1_177' title='bbox 583 2860 845 2924; x_wconf 70' lang='lat' dir='ltr'><strong>Pompeius</strong></span> <span class='ocrx_word' id='word_1_178' title='bbox 880 2874 991 2905; x_wconf 87' lang='lat' dir='ltr'><strong>cum</strong></span> <span class='ocrx_word' id='word_1_179' title='bbox 1030 2855 1223 2903; x_wconf 77' lang='lat' dir='ltr'><strong>duobus</strong></span> <span class='ocrx_word' id='word_1_180' title='bbox 1261 2855 1515 2904; x_wconf 70' lang='lat' dir='ltr'><strong>lictoribus</strong></span> <span class='ocrx_word' id='word_1_181' title='bbox 1543 2857 1605 2903; x_wconf 85' lang='lat' dir='ltr'><strong>ad</strong></span> 
     </span>
     <span class='ocr_line' id='line_1_26' title="bbox 586 2934 1608 3001; baseline -0.005 -14"><span class='ocrx_word' id='word_1_182' title='bbox 586 2955 660 2987; x_wconf 78' lang='lat' dir='ltr'><strong>ree</strong></span> <span class='ocrx_word' id='word_1_183' title='bbox 685 2935 1075 3001; x_wconf 75' lang='lat' dir='ltr'><strong>componendas,</strong></span> <span class='ocrx_word' id='word_1_184' title='bbox 1095 2950 1238 2999; x_wconf 72' lang='lat' dir='ltr'><strong>seque</strong></span> <span class='ocrx_word' id='word_1_185' title='bbox 1255 2934 1608 2983; x_wconf 69' lang='lat' dir='ltr'><strong>restituendum</strong></span> 
     </span>
     <span class='ocr_line' id='line_1_27' title="bbox 586 3014 1609 3078; baseline -0.006 -11"><span class='ocrx_word' id='word_1_186' title='bbox 586 3016 930 3067; x_wconf 76' lang='lat' dir='ltr'><strong>Alexandriam</strong></span> <span class='ocrx_word' id='word_1_187' title='bbox 953 3015 1242 3071; x_wconf 79' lang='lat' dir='ltr'><strong>mitteretur,</strong></span> <span class='ocrx_word' id='word_1_188' title='bbox 1283 3014 1527 3078; x_wconf 73' lang='lat' dir='ltr'><strong>Ephesum</strong></span> <span class='ocrx_word' id='word_1_189' title='bbox 1558 3030 1609 3062; x_wconf 80' lang='lat' dir='ltr'><strong>ae</strong></span> 
     </span>
     <span class='ocr_line' id='line_1_28' title="bbox 587 3085 1609 3161; baseline -0.005 -16"><span class='ocrx_word' id='word_1_190' title='bbox 587 3085 798 3161; x_wconf 86' lang='lat' dir='ltr'><strong>recepit,</strong></span> <span class='ocrx_word' id='word_1_191' title='bbox 836 3096 1004 3144; x_wconf 86' lang='lat' dir='ltr'><strong>relicto</strong></span> <span class='ocrx_word' id='word_1_192' title='bbox 1039 3094 1302 3142; x_wconf 82' lang='lat' dir='ltr'><strong>Ammonio</strong></span> <span class='ocrx_word' id='word_1_193' title='bbox 1334 3094 1524 3157; x_wconf 82' lang='lat' dir='ltr'><strong>legat03</strong></span> <span class='ocrx_word' id='word_1_194' title='bbox 1560 3104 1609 3140; x_wconf 90' lang='lat' dir='ltr'><strong>et</strong></span> 
     </span>
     <span class='ocr_line' id='line_1_29' title="bbox 583 3174 1607 3238; baseline -0.004 -14"><span class='ocrx_word' id='word_1_195' title='bbox 583 3186 640 3223; x_wconf 90' lang='lat' dir='ltr'><strong>ut</strong></span> <span class='ocrx_word' id='word_1_196' title='bbox 673 3177 754 3224; x_wconf 87' lang='lat' dir='ltr'><strong>hie</strong></span> <span class='ocrx_word' id='word_1_197' title='bbox 794 3174 1009 3224; x_wconf 77' lang='lat' dir='ltr'><strong>ostendit</strong></span> <span class='ocrx_word' id='word_1_198' title='bbox 1053 3174 1251 3231; x_wconf 81' lang='lat' dir='ltr'><strong>Cicero,</strong></span> <span class='ocrx_word' id='word_1_199' title='bbox 1290 3175 1545 3238; x_wconf 80' lang='lat' dir='ltr'><strong>pecuniam</strong></span> <span class='ocrx_word' id='word_1_200' title='bbox 1581 3190 1607 3221; x_wconf 89' lang='lat' dir='ltr'><strong>a</strong></span> 
     </span>
     <span class='ocr_line' id='line_1_30' title="bbox 587 3253 1609 3316; baseline -0.003 -14"><span class='ocrx_word' id='word_1_201' title='bbox 587 3258 819 3304; x_wconf 74' lang='lat' dir='ltr'><strong>Postumo</strong></span> <span class='ocrx_word' id='word_1_202' title='bbox 869 3254 1190 3303; x_wconf 87' lang='lat' dir='ltr'><strong>mutuatitiam</strong></span> <span class='ocrx_word' id='word_1_203' title='bbox 1251 3253 1314 3301; x_wconf 89' lang='lat' dir='ltr'><strong>ad</strong></span> <span class='ocrx_word' id='word_1_204' title='bbox 1360 3265 1609 3316; x_wconf 72' lang='lat' dir='ltr'><strong>sumptum</strong></span> 
     </span>
     <span class='ocr_line' id='line_1_31' title="bbox 584 3330 1606 3398; baseline 0 -18"><span class='ocrx_word' id='word_1_205' title='bbox 584 3333 769 3381; x_wconf 73' lang='lat' dir='ltr'><strong>itineris</strong></span> <span class='ocrx_word' id='word_1_206' title='bbox 791 3335 1013 3398; x_wconf 57' lang='lat' dir='ltr'><strong>accepit,</strong></span> <span class='ocrx_word' id='word_1_207' title='bbox 1045 3333 1182 3380; x_wconf 71' lang='lat' dir='ltr'><strong>factis</strong></span> <span class='ocrx_word' id='word_1_208' title='bbox 1215 3333 1264 3379; x_wconf 91' lang='lat' dir='ltr'><strong>in</strong></span> <span class='ocrx_word' id='word_1_209' title='bbox 1297 3330 1486 3380; x_wconf 82' lang='lat' dir='ltr'><strong>Albana</strong></span> <span class='ocrx_word' id='word_1_210' title='bbox 1515 3333 1606 3381; x_wconf 83' lang='lat' dir='ltr'><strong>Cn.</strong></span> 
     </span>
     <span class='ocr_line' id='line_1_32' title="bbox 537 3410 1609 3475; baseline 0.001 -17"><span class='ocrx_word' id='word_1_211' title='bbox 537 3429 538 3432; x_wconf 46' lang='lat'>¹</span> <span class='ocrx_word' id='word_1_212' title='bbox 587 3412 806 3473; x_wconf 85' lang='lat' dir='ltr'><strong>Pompeii</strong></span> <span class='ocrx_word' id='word_1_213' title='bbox 840 3412 954 3458; x_wconf 79' lang='lat' dir='ltr'><strong>villa</strong></span> <span class='ocrx_word' id='word_1_214' title='bbox 993 3410 1310 3475; x_wconf 75' lang='lat' dir='ltr'><strong>ayugraphia,</strong></span> <span class='ocrx_word' id='word_1_215' title='bbox 1347 3410 1525 3473; x_wconf 77' lang='lat' dir='ltr'><strong>quibua</strong></span> <span class='ocrx_word' id='word_1_216' title='bbox 1557 3428 1609 3459; x_wconf 79' lang='lat' dir='ltr'><strong>ae</strong></span> 
     </span>
     <span class='ocr_line' id='line_1_33' title="bbox 588 3489 1201 3551; baseline 0 -15"><span class='ocrx_word' id='word_1_217' title='bbox 588 3492 822 3536; x_wconf 72' lang='lat' dir='ltr'><strong>Postumo</strong></span> <span class='ocrx_word' id='word_1_218' title='bbox 843 3505 927 3537; x_wconf 84' lang='lat' dir='ltr'><strong>rex</strong></span> <span class='ocrx_word' id='word_1_219' title='bbox 947 3489 1201 3551; x_wconf 81' lang='lat' dir='ltr'><strong>obligaret.</strong></span> 
     </span>
    </p>

    <p class='ocr_par' dir='ltr' id='par_1_4' title="bbox 584 3564 1606 3789">
     <span class='ocr_line' id='line_1_34' title="bbox 660 3564 1606 3629; baseline -0.001 -15"><span class='ocrx_word' id='word_1_220' title='bbox 660 3585 706 3629; x_wconf 83' lang='lat'><strong>7.</strong></span> <span class='ocrx_word' id='word_1_221' title='bbox 752 3566 949 3614; x_wconf 77' lang='lat' dir='ltr'><strong>consuli</strong></span> <span class='ocrx_word' id='word_1_222' title='bbox 993 3565 1180 3612; x_wconf 70' lang='lat' dir='ltr'><strong>datum.</strong></span> <span class='ocrx_word' id='word_1_223' title='bbox 1230 3564 1346 3612; x_wconf 84' lang='lat' dir='ltr'><strong>scil.</strong></span> <span class='ocrx_word' id='word_1_224' title='bbox 1397 3567 1606 3616; x_wconf 82' lang='lat' dir='ltr'><strong>Lentulo</strong></span> 
     </span>
     <span class='ocr_line' id='line_1_35' title="bbox 585 3641 1605 3711; baseline 0 -18"><span class='ocrx_word' id='word_1_225' title='bbox 585 3645 827 3711; x_wconf 79' lang='lat' dir='ltr'><strong>Spintheri</strong></span> <span class='ocrx_word' id='word_1_226' title='bbox 844 3678 858 3702; x_wconf 94' lang='lat'>,</span> <span class='ocrx_word' id='word_1_227' title='bbox 875 3644 955 3691; x_wconf 84' lang='lat' dir='ltr'><strong>cui</strong></span> <span class='ocrx_word' id='word_1_228' title='bbox 985 3642 1154 3690; x_wconf 90' lang='lat' dir='ltr'><strong>Cilicia</strong></span> <span class='ocrx_word' id='word_1_229' title='bbox 1188 3652 1318 3689; x_wconf 72' lang='lat' dir='ltr'><strong>sorte</strong></span> <span class='ocrx_word' id='word_1_230' title='bbox 1349 3641 1605 3707; x_wconf 77' lang='lat' dir='ltr'><strong>obtigerat.</strong></span> 
     </span>
     <span class='ocr_line' id='line_1_36' title="bbox 584 3720 1600 3789; baseline -0.003 -14"><span class='ocrx_word' id='word_1_231' title='bbox 584 3725 830 3789; x_wconf 84' lang='lat' dir='ltr'><strong>Collegam</strong></span> <span class='ocrx_word' id='word_1_232' title='bbox 848 3721 1056 3780; x_wconf 80' lang='lat' dir='ltr'><strong>habebat</strong></span> <span class='ocrx_word' id='word_1_233' title='bbox 1068 3720 1321 3769; x_wconf 85' lang='lat' dir='ltr'><strong>Metellum</strong></span> <span class='ocrx_word' id='word_1_234' title='bbox 1337 3722 1600 3786; x_wconf 88' lang='lat' dir='ltr'><strong>Nepotem.</strong></span> 
     </span>
    </p>

    <p class='ocr_par' dir='ltr' id='par_1_5' title="bbox 577 3799 1607 4185">
     <span class='ocr_line' id='line_1_37' title="bbox 656 3799 1604 3864; baseline -0.001 -12"><span class='ocrx_word' id='word_1_235' title='bbox 656 3802 705 3852; x_wconf 85' lang='lat'><strong>8.</strong></span> <span class='ocrx_word' id='word_1_236' title='bbox 753 3802 925 3850; x_wconf 79' lang='lat' dir='ltr'><strong>Foedus</strong></span> <span class='ocrx_word' id='word_1_237' title='bbox 959 3799 1114 3864; x_wconf 74' lang='lat' dir='ltr'><strong>feriri</strong></span> <span class='ocrx_word' id='word_1_238' title='bbox 1148 3800 1198 3847; x_wconf 82' lang='lat' dir='ltr'><strong>in</strong></span> <span class='ocrx_word' id='word_1_239' title='bbox 1244 3801 1495 3864; x_wconf 76' lang='lat' dir='ltr'><strong>Capitolio.</strong></span> <span class='ocrx_word' id='word_1_240' title='bbox 1542 3805 1604 3851; x_wconf 82' lang='lat' dir='ltr'><strong>Iu</strong></span> 
     </span>
     <span class='ocr_line' id='line_1_38' title="bbox 583 3880 1605 3945; baseline 0.001 -16"><span class='ocrx_word' id='word_1_241' title='bbox 583 3883 761 3930; x_wconf 78' lang='lat' dir='ltr'><strong>vertice</strong></span> <span class='ocrx_word' id='word_1_242' title='bbox 783 3881 1046 3945; x_wconf 71' lang='lat' dir='ltr'><strong>Capitolini</strong></span> <span class='ocrx_word' id='word_1_243' title='bbox 1073 3880 1211 3928; x_wconf 76' lang='lat' dir='ltr'><strong>collia</strong></span> <span class='ocrx_word' id='word_1_244' title='bbox 1242 3881 1474 3944; x_wconf 86' lang='lat' dir='ltr'><strong>templum</strong></span> <span class='ocrx_word' id='word_1_245' title='bbox 1500 3893 1605 3930; x_wconf 89' lang='lat' dir='ltr'><strong>erat</strong></span> 
     </span>
     <span class='ocr_line' id='line_1_39' title="bbox 581 3960 1607 4010; baseline -0.001 0"><span class='ocrx_word' id='word_1_246' title='bbox 581 3961 723 4010; x_wconf 78' lang='lat' dir='ltr'><strong>Jovia</strong></span> <span class='ocrx_word' id='word_1_247' title='bbox 751 3960 969 4008; x_wconf 82' lang='lat' dir='ltr'><strong>Feretrii.</strong></span> <span class='ocrx_word' id='word_1_248' title='bbox 1007 3960 1258 4008; x_wconf 82' lang='lat' dir='ltr'><strong>Foederum</strong></span> <span class='ocrx_word' id='word_1_249' title='bbox 1289 3960 1475 4009; x_wconf 73' lang='lat' dir='ltr'><strong>tabulae</strong></span> <span class='ocrx_word' id='word_1_250' title='bbox 1513 3961 1607 4009; x_wconf 85' lang='lat' dir='ltr'><strong>ihi-</strong></span> 
     </span>
     <span class='ocr_line' id='line_1_40' title="bbox 580 4037 1601 4103; baseline 0 -15"><span class='ocrx_word' id='word_1_251' title='bbox 580 4040 689 4088; x_wconf 86' lang='lat' dir='ltr'><strong>dem</strong></span> <span class='ocrx_word' id='word_1_252' title='bbox 712 4038 1043 4098; x_wconf 68' lang='lat' dir='ltr'><strong>asservabant,</strong></span> <span class='ocrx_word' id='word_1_253' title='bbox 1077 4049 1132 4085; x_wconf 86' lang='lat' dir='ltr'><strong>ut</strong></span> <span class='ocrx_word' id='word_1_254' title='bbox 1166 4037 1310 4086; x_wconf 81' lang='lat' dir='ltr'><strong>refert</strong></span> <span class='ocrx_word' id='word_1_255' title='bbox 1344 4039 1601 4103; x_wconf 78' lang='lat' dir='ltr'><strong>Appiauua</strong></span> 
     </span>
     <span class='ocr_line' id='line_1_41' title="bbox 577 4117 1598 4185; baseline 0 -19"><span class='ocrx_word' id='word_1_256' title='bbox 577 4121 629 4169; x_wconf 89' lang='lat' dir='ltr'><strong>iu</strong></span> <span class='ocrx_word' id='word_1_257' title='bbox 645 4119 854 4185; x_wconf 73' lang='lat' dir='ltr'><strong>Syriacis</strong></span> <span class='ocrx_word' id='word_1_258' title='bbox 873 4117 934 4166; x_wconf 90' lang='lat' dir='ltr'><strong>de</strong></span> <span class='ocrx_word' id='word_1_259' title='bbox 955 4118 1135 4167; x_wconf 79' lang='lat' dir='ltr'><strong>foedere</strong></span> <span class='ocrx_word' id='word_1_260' title='bbox 1152 4117 1279 4166; x_wconf 88' lang='lat' dir='ltr'><strong>iuter</strong></span> <span class='ocrx_word' id='word_1_261' title='bbox 1296 4118 1598 4166; x_wconf 75' lang='lat' dir='ltr'><strong>Antiochum</strong></span> 
     </span>
    </p>
   </div>
   <div class='ocr_carea' id='block_1_4' title="bbox 1690 2225 2737 3790">
    <p class='ocr_par' dir='ltr' id='par_1_6' title="bbox 1690 2225 2735 2523">
     <span class='ocr_line' id='line_1_42' title="bbox 1692 2225 2734 2287; baseline 0.004 -19"><span class='ocrx_word' id='word_1_262' title='bbox 1692 2233 1739 2268; x_wconf 90' lang='lat' dir='ltr'><strong>et</strong></span> <span class='ocrx_word' id='word_1_263' title='bbox 1775 2226 2022 2272; x_wconf 78' lang='lat' dir='ltr'><strong>Romanoa</strong></span> <span class='ocrx_word' id='word_1_264' title='bbox 2058 2227 2159 2272; x_wconf 90' lang='lat' dir='ltr'><strong>icto</strong></span> <span class='ocrx_word' id='word_1_265' title='bbox 2187 2240 2200 2271; x_wconf 70' lang='grc' dir='ltr'><em>ε</em></span> <span class='ocrx_word' id='word_1_266' title='bbox 2231 2248 2255 2267; x_wconf 69' lang='grc' dir='ltr'><strong>α</strong></span> <span class='ocrx_word' id='word_1_267' title='bbox 2279 2227 2431 2287; x_wconf 83' lang='lat' dir='ltr'><strong>Quum</strong></span> <span class='ocrx_word' id='word_1_268' title='bbox 2456 2225 2564 2272; x_wconf 65' lang='lat' dir='ltr'><strong>hae</strong></span> <span class='ocrx_word' id='word_1_269' title='bbox 2591 2227 2734 2272; x_wconf 74' lang='lat' dir='ltr'><strong>sea-i-</strong></span> 
     </span>
     <span class='ocr_line' id='line_1_43' title="bbox 1690 2302 2733 2368; baseline 0.005 -20"><span class='ocrx_word' id='word_1_270' title='bbox 1690 2302 1898 2364; x_wconf 75' lang='lat' dir='ltr'><strong>psiaaeut</strong></span> <span class='ocrx_word' id='word_1_271' title='bbox 1930 2314 1980 2351; x_wconf 90' lang='lat' dir='ltr'><strong>et</strong></span> <span class='ocrx_word' id='word_1_272' title='bbox 2014 2305 2066 2351; x_wconf 89' lang='lat' dir='ltr'><strong>iu</strong></span> <span class='ocrx_word' id='word_1_273' title='bbox 2097 2303 2397 2368; x_wconf 85' lang='lat' dir='ltr'><strong>Capitolium</strong></span> <span class='ocrx_word' id='word_1_274' title='bbox 2428 2304 2480 2350; x_wconf 83' lang='lat' dir='ltr'><strong>iu</strong></span> <span class='ocrx_word' id='word_1_275' title='bbox 2516 2304 2733 2353; x_wconf 70' lang='lat' dir='ltr'><strong>tabulas</strong></span> 
     </span>
     <span class='ocr_line' id='line_1_44' title="bbox 1692 2382 2735 2443; baseline 0.003 -13"><span class='ocrx_word' id='word_1_276' title='bbox 1692 2397 1846 2430; x_wconf 75' lang='lat' dir='ltr'><strong>aeueaa</strong></span> <span class='ocrx_word' id='word_1_277' title='bbox 1869 2382 2143 2432; x_wconf 72' lang='lat' dir='ltr'><strong>retulissent</strong></span> <span class='ocrx_word' id='word_1_278' title='bbox 2160 2418 2177 2443; x_wconf 88' lang='lat'><strong>,</strong></span> <span class='ocrx_word' id='word_1_279' title='bbox 2207 2382 2295 2429; x_wconf 89' lang='lat' dir='ltr'><strong>uhi</strong></span> <span class='ocrx_word' id='word_1_280' title='bbox 2336 2394 2384 2430; x_wconf 90' lang='lat' dir='ltr'><strong>et</strong></span> <span class='ocrx_word' id='word_1_281' title='bbox 2408 2382 2502 2430; x_wconf 85' lang='lat' dir='ltr'><strong>alia</strong></span> <span class='ocrx_word' id='word_1_282' title='bbox 2532 2382 2735 2433; x_wconf 75' lang='lat' dir='ltr'><strong>foedeta</strong></span> 
     </span>
     <span class='ocr_line' id='line_1_45' title="bbox 1691 2473 1998 2523; baseline 0.003 -15"><span class='ocrx_word' id='word_1_283' title='bbox 1691 2473 1957 2523; x_wconf 85' lang='lat' dir='ltr'><strong>ponuntur.</strong></span> <span class='ocrx_word' id='word_1_284' title='bbox 1973 2484 1998 2502; x_wconf 73' lang='lat' dir='ltr'>n</span> 
     </span>
    </p>

    <p class='ocr_par' dir='ltr' id='par_1_7' title="bbox 1690 2539 2736 3158">
     <span class='ocr_line' id='line_1_46' title="bbox 1762 2539 2735 2603; baseline 0.003 -17"><span class='ocrx_word' id='word_1_285' title='bbox 1762 2554 1811 2603; x_wconf 89' lang='lat'><strong>9.</strong></span> <span class='ocrx_word' id='word_1_286' title='bbox 1854 2541 1999 2603; x_wconf 73' lang='lat' dir='ltr'><strong>Quod</strong></span> <span class='ocrx_word' id='word_1_287' title='bbox 2028 2540 2071 2587; x_wconf 81' lang='lat' dir='ltr'><strong>si</strong></span> <span class='ocrx_word' id='word_1_288' title='bbox 2094 2539 2321 2588; x_wconf 77' lang='lat' dir='ltr'><strong>creditor.</strong></span> <span class='ocrx_word' id='word_1_289' title='bbox 2348 2541 2508 2588; x_wconf 83' lang='lat' dir='ltr'><strong>Locus</strong></span> <span class='ocrx_word' id='word_1_290' title='bbox 2551 2553 2627 2588; x_wconf 66' lang='lat' dir='ltr'><strong>eat</strong></span> <span class='ocrx_word' id='word_1_291' title='bbox 2667 2556 2735 2589; x_wconf 77' lang='lat' dir='ltr'><strong>ex</strong></span> 
     </span>
     <span class='ocr_line' id='line_1_47' title="bbox 1690 2619 2736 2683; baseline 0.002 -18"><span class='ocrx_word' id='word_1_292' title='bbox 1690 2622 2052 2683; x_wconf 82' lang='lat' dir='ltr'><strong>comparatione</strong></span> <span class='ocrx_word' id='word_1_293' title='bbox 2089 2619 2310 2683; x_wconf 85' lang='lat' dir='ltr'><strong>parium:</strong></span> <span class='ocrx_word' id='word_1_294' title='bbox 2353 2620 2393 2666; x_wconf 75' lang='lat' dir='ltr'><strong>si</strong></span> <span class='ocrx_word' id='word_1_295' title='bbox 2429 2619 2736 2668; x_wconf 74' lang='lat' dir='ltr'><strong>creditore-a</strong></span> 
     </span>
     <span class='ocr_line' id='line_1_48' title="bbox 1692 2698 2733 2762; baseline 0 -17"><span class='ocrx_word' id='word_1_296' title='bbox 1692 2699 1759 2746; x_wconf 91' lang='lat' dir='ltr'><strong>ob</strong></span> <span class='ocrx_word' id='word_1_297' title='bbox 1794 2715 1896 2746; x_wconf 88' lang='lat' dir='ltr'><strong>eam</strong></span> <span class='ocrx_word' id='word_1_298' title='bbox 1924 2716 2025 2748; x_wconf 90' lang='lat' dir='ltr'><strong>rem</strong></span> <span class='ocrx_word' id='word_1_299' title='bbox 2055 2698 2392 2746; x_wconf 68' lang='lat' dir='ltr'><strong>condemnatis</strong></span> <span class='ocrx_word' id='word_1_300' title='bbox 2429 2698 2565 2762; x_wconf 83' lang='lat' dir='ltr'><strong>quod</strong></span> <span class='ocrx_word' id='word_1_301' title='bbox 2606 2699 2695 2746; x_wconf 80' lang='lat' dir='ltr'><strong>ille</strong></span> <span class='ocrx_word' id='word_1_302' title='bbox 2714 2736 2733 2758; x_wconf 91' lang='lat'>,</span> 
     </span>
     <span class='ocr_line' id='line_1_49' title="bbox 1694 2777 2730 2841; baseline 0.003 -17"><span class='ocrx_word' id='word_1_303' title='bbox 1694 2779 1779 2841; x_wconf 87' lang='lat' dir='ltr'><strong>qui</strong></span> <span class='ocrx_word' id='word_1_304' title='bbox 1827 2788 2041 2826; x_wconf 88' lang='lat' dir='ltr'><strong>mutuam</strong></span> <span class='ocrx_word' id='word_1_305' title='bbox 2088 2777 2277 2841; x_wconf 79' lang='lat' dir='ltr'><strong>accepit</strong></span> <span class='ocrx_word' id='word_1_306' title='bbox 2321 2778 2571 2841; x_wconf 76' lang='lat' dir='ltr'><strong>pecuniam</strong></span> <span class='ocrx_word' id='word_1_307' title='bbox 2592 2811 2607 2834; x_wconf 91' lang='lat'>,</span> <span class='ocrx_word' id='word_1_308' title='bbox 2662 2795 2730 2827; x_wconf 69' lang='lat' dir='ltr'><strong>eu</strong></span> 
     </span>
     <span class='ocr_line' id='line_1_50' title="bbox 1694 2855 2732 2920; baseline -0.001 -16"><span class='ocrx_word' id='word_1_309' title='bbox 1694 2858 1818 2905; x_wconf 84' lang='lat' dir='ltr'><strong>male</strong></span> <span class='ocrx_word' id='word_1_310' title='bbox 1844 2869 1915 2906; x_wconf 78' lang='lat' dir='ltr'><strong>eat</strong></span> <span class='ocrx_word' id='word_1_311' title='bbox 1941 2873 2083 2918; x_wconf 71' lang='lat' dir='ltr'><strong>usus,</strong></span> <span class='ocrx_word' id='word_1_312' title='bbox 2113 2857 2248 2919; x_wconf 86' lang='lat' dir='ltr'><strong>quod</strong></span> <span class='ocrx_word' id='word_1_313' title='bbox 2274 2855 2539 2920; x_wconf 71' lang='lat' dir='ltr'><strong>praevidere</strong></span> <span class='ocrx_word' id='word_1_314' title='bbox 2557 2856 2732 2904; x_wconf 78' lang='lat' dir='ltr'><strong>eredi-</strong></span> 
     </span>
     <span class='ocr_line' id='line_1_51' title="bbox 1698 2934 2731 3001; baseline 0.002 -19"><span class='ocrx_word' id='word_1_315' title='bbox 1698 2946 1776 2983; x_wconf 85' lang='lat' dir='ltr'><strong>tor</strong></span> <span class='ocrx_word' id='word_1_316' title='bbox 1793 2952 1895 2984; x_wconf 89' lang='lat' dir='ltr'><strong>uon</strong></span> <span class='ocrx_word' id='word_1_317' title='bbox 1911 2947 2105 3001; x_wconf 89' lang='lat' dir='ltr'><strong>poterat</strong></span> <span class='ocrx_word' id='word_1_318' title='bbox 2126 2951 2143 2996; x_wconf 77' lang='lat'>3</span> <span class='ocrx_word' id='word_1_319' title='bbox 2178 2947 2300 2983; x_wconf 81' lang='lat' dir='ltr'><strong>tuuc</strong></span> <span class='ocrx_word' id='word_1_320' title='bbox 2325 2934 2628 2983; x_wconf 79' lang='lat' dir='ltr'><strong>damnandus</strong></span> <span class='ocrx_word' id='word_1_321' title='bbox 2649 2950 2731 2984; x_wconf 76' lang='lat' dir='ltr'><strong>eat</strong></span> 
     </span>
     <span class='ocr_line' id='line_1_52' title="bbox 1694 3013 2730 3078; baseline 0.001 -17"><span class='ocrx_word' id='word_1_322' title='bbox 1694 3016 1737 3061; x_wconf 75' lang='lat' dir='ltr'><strong>ia</strong></span> <span class='ocrx_word' id='word_1_323' title='bbox 1762 3016 1847 3078; x_wconf 86' lang='lat' dir='ltr'><strong>qui</strong></span> <span class='ocrx_word' id='word_1_324' title='bbox 1870 3015 2083 3078; x_wconf 81' lang='lat' dir='ltr'><strong>gladium</strong></span> <span class='ocrx_word' id='word_1_325' title='bbox 2103 3013 2329 3062; x_wconf 78' lang='lat' dir='ltr'><strong>vendidit</strong></span> <span class='ocrx_word' id='word_1_326' title='bbox 2344 3050 2359 3072; x_wconf 90' lang='lat'>‚</span> <span class='ocrx_word' id='word_1_327' title='bbox 2379 3029 2482 3060; x_wconf 84' lang='lat' dir='ltr'><strong>nou</strong></span> <span class='ocrx_word' id='word_1_328' title='bbox 2500 3013 2543 3060; x_wconf 78' lang='lat' dir='ltr'><strong>ia</strong></span> <span class='ocrx_word' id='word_1_329' title='bbox 2560 3014 2647 3077; x_wconf 83' lang='lat' dir='ltr'><strong>qui</strong></span> <span class='ocrx_word' id='word_1_330' title='bbox 2665 3030 2730 3062; x_wconf 75' lang='lat' dir='ltr'><strong>eo</strong></span> 
     </span>
     <span class='ocr_line' id='line_1_53' title="bbox 1695 3093 2552 3158; baseline 0 -18"><span class='ocrx_word' id='word_1_331' title='bbox 1695 3095 1746 3141; x_wconf 88' lang='lat' dir='ltr'><strong>in</strong></span> <span class='ocrx_word' id='word_1_332' title='bbox 1776 3095 1955 3142; x_wconf 81' lang='lat' dir='ltr'><strong>civium</strong></span> <span class='ocrx_word' id='word_1_333' title='bbox 1976 3094 2243 3158; x_wconf 85' lang='lat' dir='ltr'><strong>perniciem</strong></span> <span class='ocrx_word' id='word_1_334' title='bbox 2261 3104 2340 3141; x_wconf 69' lang='lat' dir='ltr'><strong>eat</strong></span> <span class='ocrx_word' id='word_1_335' title='bbox 2356 3093 2552 3141; x_wconf 69' lang='lat' dir='ltr'><strong>abuaus.</strong></span> 
     </span>
    </p>

    <p class='ocr_par' dir='ltr' id='par_1_8' title="bbox 1691 3172 2737 3790">
     <span class='ocr_line' id='line_1_54' title="bbox 1774 3172 2726 3237; baseline -0.002 -17"><span class='ocrx_word' id='word_1_336' title='bbox 1774 3188 1854 3221; x_wconf 76' lang='lat' dir='ltr'><strong>zo.</strong></span> <span class='ocrx_word' id='word_1_337' title='bbox 1889 3175 2062 3237; x_wconf 83' lang='lat' dir='ltr'><strong>Neque</strong></span> <span class='ocrx_word' id='word_1_338' title='bbox 2085 3184 2156 3233; x_wconf 79' lang='lat' dir='ltr'><strong>tu,</strong></span> <span class='ocrx_word' id='word_1_339' title='bbox 2184 3174 2236 3221; x_wconf 87' lang='lat' dir='ltr'><strong>C.</strong></span> <span class='ocrx_word' id='word_1_340' title='bbox 2259 3172 2481 3220; x_wconf 67' lang='lat' dir='ltr'><strong>Memmi.</strong></span> <span class='ocrx_word' id='word_1_341' title='bbox 2499 3172 2726 3220; x_wconf 71' lang='lat' dir='ltr'><strong>C-Mem·</strong></span> 
     </span>
     <span class='ocr_line' id='line_1_55' title="bbox 1696 3251 2720 3315; baseline -0.001 -16"><span class='ocrx_word' id='word_1_342' title='bbox 1696 3252 1821 3300; x_wconf 77' lang='lat' dir='ltr'><strong>miua</strong></span> <span class='ocrx_word' id='word_1_343' title='bbox 1872 3252 2095 3301; x_wconf 71' lang='lat' dir='ltr'><strong>tribunus</strong></span> <span class='ocrx_word' id='word_1_344' title='bbox 2144 3261 2248 3299; x_wconf 87' lang='lat' dir='ltr'><strong>erat</strong></span> <span class='ocrx_word' id='word_1_345' title='bbox 2290 3251 2483 3315; x_wconf 81' lang='lat' dir='ltr'><strong>plebia,</strong></span> <span class='ocrx_word' id='word_1_346' title='bbox 2526 3251 2610 3313; x_wconf 83' lang='lat' dir='ltr'><strong>qui</strong></span> <span class='ocrx_word' id='word_1_347' title='bbox 2655 3254 2720 3298; x_wconf 70' lang='lat' dir='ltr'><strong>A.</strong></span> 
     </span>
     <span class='ocr_line' id='line_1_56' title="bbox 1698 3329 2725 3394; baseline -0.001 -16"><span class='ocrx_word' id='word_1_348' title='bbox 1698 3330 1988 3391; x_wconf 85' lang='lat' dir='ltr'><strong>Gabinium,</strong></span> <span class='ocrx_word' id='word_1_349' title='bbox 2030 3340 2194 3394; x_wconf 65' lang='lat' dir='ltr'><strong>postea</strong></span> <span class='ocrx_word' id='word_1_350' title='bbox 2233 3345 2379 3393; x_wconf 82' lang='lat' dir='ltr'><strong>quam</strong></span> <span class='ocrx_word' id='word_1_351' title='bbox 2421 3333 2475 3378; x_wconf 75' lang='lat'><strong>1..</strong></span> <span class='ocrx_word' id='word_1_352' title='bbox 2514 3329 2725 3377; x_wconf 56' lang='lat' dir='ltr'><strong>lentulo</strong></span> 
     </span>
     <span class='ocr_line' id='line_1_57' title="bbox 1696 3407 2730 3473; baseline -0.001 -15"><span class='ocrx_word' id='word_1_353' title='bbox 1696 3409 1924 3458; x_wconf 78' lang='lat' dir='ltr'><strong>Flaminia</strong></span> <span class='ocrx_word' id='word_1_354' title='bbox 1972 3407 2077 3458; x_wconf 75' lang='lat' dir='ltr'><strong>mio</strong></span> <span class='ocrx_word' id='word_1_355' title='bbox 2121 3419 2406 3457; x_wconf 72' lang='lat' dir='ltr'><strong>accusatore</strong></span> <span class='ocrx_word' id='word_1_356' title='bbox 2460 3409 2730 3473; x_wconf 73' lang='lat' dir='ltr'><strong>maiestatis</strong></span> 
     </span>
     <span class='ocr_line' id='line_1_58' title="bbox 1695 3488 2736 3552; baseline 0 -16"><span class='ocrx_word' id='word_1_357' title='bbox 1695 3489 1947 3537; x_wconf 69' lang='lat' dir='ltr'><strong>absolutus</strong></span> <span class='ocrx_word' id='word_1_358' title='bbox 1985 3500 2086 3548; x_wconf 76' lang='lat' dir='ltr'><strong>est,</strong></span> <span class='ocrx_word' id='word_1_359' title='bbox 2127 3505 2261 3537; x_wconf 87' lang='lat' dir='ltr'><strong>reum</strong></span> <span class='ocrx_word' id='word_1_360' title='bbox 2301 3488 2562 3552; x_wconf 75' lang='lat' dir='ltr'><strong>fecitlege</strong></span> <span class='ocrx_word' id='word_1_361' title='bbox 2598 3488 2736 3536; x_wconf 71' lang='lat' dir='ltr'><strong>salia</strong></span> 
     </span>
     <span class='ocr_line' id='line_1_59' title="bbox 1694 3567 2737 3633; baseline -0.002 -16"><span class='ocrx_word' id='word_1_362' title='bbox 1694 3568 2098 3633; x_wconf 81' lang='lat' dir='ltr'><strong>repetundarum3</strong></span> <span class='ocrx_word' id='word_1_363' title='bbox 2125 3579 2175 3616; x_wconf 89' lang='lat' dir='ltr'><strong>et</strong></span> <span class='ocrx_word' id='word_1_364' title='bbox 2198 3569 2314 3631; x_wconf 86' lang='lat' dir='ltr'><strong>quia</strong></span> <span class='ocrx_word' id='word_1_365' title='bbox 2343 3584 2405 3615; x_wconf 78' lang='lat' dir='ltr'><strong>ex</strong></span> <span class='ocrx_word' id='word_1_366' title='bbox 2429 3567 2581 3614; x_wconf 68' lang='lat' dir='ltr'><strong>bouis</strong></span> <span class='ocrx_word' id='word_1_367' title='bbox 2607 3583 2737 3615; x_wconf 80' lang='lat' dir='ltr'><strong>eou-</strong></span> 
     </span>
     <span class='ocr_line' id='line_1_60' title="bbox 1694 3646 2737 3709; baseline 0.001 -14"><span class='ocrx_word' id='word_1_368' title='bbox 1694 3648 1908 3696; x_wconf 82' lang='lat' dir='ltr'><strong>demuati</strong></span> <span class='ocrx_word' id='word_1_369' title='bbox 1936 3646 2132 3695; x_wconf 85' lang='lat' dir='ltr'><strong>Gabinii</strong></span> <span class='ocrx_word' id='word_1_370' title='bbox 2160 3646 2315 3709; x_wconf 82' lang='lat' dir='ltr'><strong>redigi</strong></span> <span class='ocrx_word' id='word_1_371' title='bbox 2342 3663 2399 3694; x_wconf 86' lang='lat' dir='ltr'><strong>ea</strong></span> <span class='ocrx_word' id='word_1_372' title='bbox 2430 3662 2650 3704; x_wconf 69' lang='lat' dir='ltr'><strong>summa,</strong></span> <span class='ocrx_word' id='word_1_373' title='bbox 2676 3648 2737 3696; x_wconf 77' lang='lat' dir='ltr'><strong>in</strong></span> 
     </span>
     <span class='ocr_line' id='line_1_61' title="bbox 1691 3725 2737 3790; baseline 0.001 -16"><span class='ocrx_word' id='word_1_374' title='bbox 1691 3742 1835 3790; x_wconf 86' lang='lat' dir='ltr'><strong>quam</strong></span> <span class='ocrx_word' id='word_1_375' title='bbox 1856 3725 2203 3774; x_wconf 71' lang='lat' dir='ltr'><strong>condemnatus</strong></span> <span class='ocrx_word' id='word_1_376' title='bbox 2215 3735 2335 3780; x_wconf 87' lang='lat' dir='ltr'><strong>erat,</strong></span> <span class='ocrx_word' id='word_1_377' title='bbox 2351 3739 2458 3773; x_wconf 89' lang='lat' dir='ltr'><strong>nou</strong></span> <span class='ocrx_word' id='word_1_378' title='bbox 2474 3736 2737 3790; x_wconf 79' lang='lat' dir='ltr'><strong>potuerat3</strong></span> 
     </span>
    </p>
   </div>
   <div class='ocr_carea' id='block_1_5' title="bbox 1692 3802 2737 3868">
    <p class='ocr_par' dir='ltr' id='par_1_9' title="bbox 1692 3802 2737 3868">
     <span class='ocr_line' id='line_1_62' title="bbox 1692 3802 2737 3868; baseline 0.001 -17"><span class='ocrx_word' id='word_1_379' title='bbox 1692 3808 1892 3868; x_wconf 70' lang='lat' dir='ltr'><strong>ejusque</strong></span> <span class='ocrx_word' id='word_1_380' title='bbox 1913 3805 2133 3867; x_wconf 74' lang='lat' dir='ltr'><strong>pecunia.-</strong></span> <span class='ocrx_word' id='word_1_381' title='bbox 2154 3818 2264 3867; x_wconf 76' lang='lat' dir='ltr'><strong>pare</strong></span> <span class='ocrx_word' id='word_1_382' title='bbox 2291 3802 2458 3867; x_wconf 83' lang='lat' dir='ltr'><strong>aliqua</strong></span> <span class='ocrx_word' id='word_1_383' title='bbox 2484 3804 2547 3850; x_wconf 86' lang='lat' dir='ltr'><strong>ad</strong></span> <span class='ocrx_word' id='word_1_384' title='bbox 2571 3802 2737 3852; x_wconf 70' lang='lat' dir='ltr'><strong>lubi-</strong></span> 
     </span>
    </p>
   </div>
   <div class='ocr_carea' id='block_1_6' title="bbox 1682 3880 2739 3947">
    <p class='ocr_par' dir='ltr' id='par_1_10' title="bbox 1682 3880 2739 3947">
     <span class='ocr_line' id='line_1_63' title="bbox 1682 3880 2739 3947; baseline 0.001 -18"><span class='ocrx_word' id='word_1_385' title='bbox 1682 3884 1817 3932; x_wconf 81' lang='lat' dir='ltr'><strong>‘rium</strong></span> <span class='ocrx_word' id='word_1_386' title='bbox 1852 3883 2126 3947; x_wconf 69' lang='lat' dir='ltr'><strong>pervenisse</strong></span> <span class='ocrx_word' id='word_1_387' title='bbox 2143 3918 2147 3921; x_wconf 48' lang='lat'><strong>&gt;</strong></span> <span class='ocrx_word' id='word_1_388' title='bbox 2160 3880 2415 3929; x_wconf 81' lang='lat' dir='ltr'><strong>dicebatur</strong></span> <span class='ocrx_word' id='word_1_389' title='bbox 2429 3918 2445 3938; x_wconf 84' lang='lat'>‚</span> <span class='ocrx_word' id='word_1_390' title='bbox 2473 3894 2739 3931; x_wconf 70' lang='lat' dir='ltr'><strong>aecusatus</strong></span> 
     </span>
    </p>
   </div>
   <div class='ocr_carea' id='block_1_7' title="bbox 1688 3960 2735 4184">
    <p class='ocr_par' dir='ltr' id='par_1_11' title="bbox 1688 3960 2735 4184">
     <span class='ocr_line' id='line_1_64' title="bbox 1689 3960 2735 4026; baseline -0.001 -16"><span class='ocrx_word' id='word_1_391' title='bbox 1689 3978 1885 4026; x_wconf 89' lang='lat' dir='ltr'><strong>quoque</strong></span> <span class='ocrx_word' id='word_1_392' title='bbox 1911 3961 1973 4008; x_wconf 67' lang='lat' dir='ltr'><strong>ab</strong></span> <span class='ocrx_word' id='word_1_393' title='bbox 1996 3961 2166 4009; x_wconf 88' lang='lat' dir='ltr'><strong>eodem</strong></span> <span class='ocrx_word' id='word_1_394' title='bbox 2192 3960 2433 4007; x_wconf 80' lang='lat' dir='ltr'><strong>Memmio</strong></span> <span class='ocrx_word' id='word_1_395' title='bbox 2457 3962 2559 4009; x_wconf 80' lang='lat' dir='ltr'><strong>fuit</strong></span> <span class='ocrx_word' id='word_1_396' title='bbox 2571 3962 2735 4009; x_wconf 72' lang='lat' dir='ltr'><strong>Rabi-</strong></span> 
     </span>
     <span class='ocr_line' id='line_1_65' title="bbox 1690 4037 2732 4103; baseline 0.001 -14"><span class='ocrx_word' id='word_1_397' title='bbox 1690 4042 1813 4099; x_wconf 77' lang='lat' dir='ltr'><strong>rius,</strong></span> <span class='ocrx_word' id='word_1_398' title='bbox 1834 4051 1889 4088; x_wconf 85' lang='lat' dir='ltr'><strong>ut</strong></span> <span class='ocrx_word' id='word_1_399' title='bbox 1907 4040 2045 4103; x_wconf 80' lang='lat' dir='ltr'><strong>quod</strong></span> <span class='ocrx_word' id='word_1_400' title='bbox 2062 4055 2125 4087; x_wconf 79' lang='lat' dir='ltr'><strong>ex</strong></span> <span class='ocrx_word' id='word_1_401' title='bbox 2143 4038 2288 4086; x_wconf 73' lang='lat' dir='ltr'><strong>bouis</strong></span> <span class='ocrx_word' id='word_1_402' title='bbox 2304 4037 2512 4086; x_wconf 81' lang='lat' dir='ltr'><strong>Gabinii</strong></span> <span class='ocrx_word' id='word_1_403' title='bbox 2530 4056 2732 4090; x_wconf 63' lang='lat' dir='ltr'><strong>servare</strong></span> 
     </span>
     <span class='ocr_line' id='line_1_66' title="bbox 1688 4117 2541 4184; baseline -0.002 -16"><span class='ocrx_word' id='word_1_404' title='bbox 1688 4135 1793 4168; x_wconf 85' lang='lat' dir='ltr'><strong>nou</strong></span> <span class='ocrx_word' id='word_1_405' title='bbox 1813 4127 2064 4184; x_wconf 86' lang='lat' dir='ltr'><strong>potuerat,</strong></span> <span class='ocrx_word' id='word_1_406' title='bbox 2080 4117 2143 4165; x_wconf 87' lang='lat' dir='ltr'><strong>ah</strong></span> <span class='ocrx_word' id='word_1_407' title='bbox 2166 4133 2226 4165; x_wconf 91' lang='lat' dir='ltr'><strong>eo</strong></span> <span class='ocrx_word' id='word_1_408' title='bbox 2249 4129 2541 4166; x_wconf 79' lang='lat' dir='ltr'><strong>servaretur.</strong></span> 
     </span>
    </p>
   </div>
  </div>
 </body>
</html>
