2994 4778
593 428 732 523 478
1242 429 1336 494 M.
1389 429 1463 494 T.
1519 428 2088 496 CICERONIS

592 552 784 622 mani
823 549 1129 620 comitiis
1167 547 1510 620 liberatus
1542 564 1649 620 est
1668 603 1687 635 ‚
1724 573 1955 645 quum
1987 572 2116 619 sua
2143 572 2366 620 manu
2393 574 2725 621 sororem

592 657 1040 731 interfectam
1088 682 1238 728 esse
1276 656 1636 729 fateretur.
1674 662 1787 727 An
1817 674 1924 730 est
1952 660 2334 755 quisquam
2356 714 2377 747 ,
2414 663 2543 759 qui
2576 662 2727 734 hoc

591 771 913 867 ignoret,
970 791 1197 864 quum
1237 764 1327 838 de
1368 766 1661 839 homine
1703 769 1944 839 occiso
1981 782 2373 864 quaeratur,
2417 783 2545 840 aut
2588 796 2721 841 ne-

590 880 741 975 gari
789 876 1020 948 solere
1072 878 1373 946 omnino
1434 902 1587 948 esse
1649 877 1955 963 factum,
2007 891 2132 948 aut
2189 892 2378 949 recte
2420 903 2507 950 ac
2554 881 2721 975 jure

592 987 861 1058 factum
916 1010 1069 1056 esse
1117 982 1458 1056 defendi?
1507 987 1659 1056 Nisi
1703 1010 1873 1056 vero
1917 989 2368 1072 existimatis,
2413 988 2719 1061 demen-

593 1114 735 1169 tem
778 1103 849 1168 P.
905 1094 1316 1168 Asricanum
1366 1095 1620 1184 fuisse,
1670 1099 1800 1194 qui
1846 1123 2075 1194 quum
2121 1124 2164 1168 a
2217 1104 2300 1170 C.
2348 1100 2718 1184 Carbone,

591 1208 889 1280 tribuno
921 1205 1187 1305 plebis,
1224 1209 1300 1276 in
1331 1209 1683 1279 concione
1716 1205 2094 1278 seditiose⁴
2124 1208 2715 1306 interrogaretur,

587 1318 765 1416 quid
803 1318 892 1390 de
930 1315 1088 1387 Tib.
1126 1315 1430 1387 Gracchi
1463 1331 1698 1387 morte
1735 1320 2067 1404 sentiret,
2107 1317 2514 1414 respondit,
2548 1318 2717 1412 jure

586 1451 846 1499 caesum
882 1424 1130 1497 videri.
1177 1428 1430 1522 Neque
1476 1429 1668 1497 enim
1704 1441 1942 1523 posset
1981 1440 2105 1496 aut
2140 1426 2364 1498 Ahala
2406 1427 2522 1498 ille
2557 1433 2718 1500 Ser-

585 1539 796 1609 vilius
818 1590 838 1624 ,
870 1552 993 1607 aut
1030 1541 1101 1607 P.
1146 1538 1434 1624 Nasica,
1470 1552 1596 1607 aut
1620 1540 1699 1606 L.
1737 1538 2263 1633 Opimius,·aut
2296 1542 2374 1608 C.
2406 1540 2717 1623 Marius,
2768 1625 2780 1636 ι

585 1662 738 1735 aut,
775 1672 892 1718 me
926 1641 1279 1730 consule⁵‚
1314 1660 1609 1717 senatus
1642 1671 1789 1716 non
1828 1643 2137 1717 nefarius
2169 1645 2443 1734 haberi,
2482 1649 2540 1717 si
2568 1673 2722 1719 sce-

585 1757 850 1827 leratos
901 1757 1088 1827 cives
1133 1753 1445 1825 interfici
1501 1752 1699 1827 nefas
1751 1770 1951 1826 esset.
1999 1758 2252 1851 Itaque
2302 1755 2473 1843 hoc,
2517 1756 2721 1851 judi·

586 1890 734 1951 ceS,
794 1890 944 1939 non
1002 1866 1156 1935 siue
1208 1888 1421 1935 causa
1480 1868 1695 1935 etiam
1755 1864 1942 1935 fictis
2006 1863 2266 1936 sabulis
2318 1866 2719 1937 doctissimi

586 1976 919 2048 homines
1001 1977 1364 2045 memoriae
1437 1974 1960 2073 prodiderunt,
2032 2000 2236 2061 eum,
2299 1981 2427 2073 qui
2493 1979 2720 2074 patris

587 2084 981 2159 ulciscendi
1033 2110 1243 2157 causa
1294 2100 1595 2156 matrem
1639 2089 2071 2170 necavisset,
2128 2089 2413 2157 variatis
2475 2087 2716 2157 homi-

587 2222 765 2268 num
814 2193 1258 2284 sententiis⁶‚
1314 2221 1463 2266 non
1511 2194 1746 2266 solum
1790 2195 2136 2280 humana,
2178 2196 2304 2267 sed
2355 2199 2559 2268 etiam
2605 2223 2720 2269 sa-

585 2307 1044 2404 pientissimae
1100 2305 1249 2377 deae
1305 2309 1659 2377 sententia
1696 2304 2095 2377 liberatum.
2146 2306 2365 2397 Quod
2413 2310 2471 2378 si
2523 2307 2719 2380 duo·

587 2414 817 2487 decim
879 2414 1168 2486 Tabulae
1215 2432 1659 2487 nocturnum
1713 2414 1991 2502 furem,
2041 2429 2393 2514 quoquo7
2450 2418 2718 2507 modo;

586 2525 928 2597 diurnum
948 2540 1188 2595 autem
1209 2581 1229 2613 ,
1259 2528 1315 2597 si
1345 2551 1419 2596 se
1448 2526 1592 2596 telo
1622 2524 2049 2615 defenderit,
2079 2525 2386 2597 interfici
2411 2530 2720 2624 impune

581 2637 1006 2724 voluerunt;
1047 2637 1210 2732 quis
1249 2651 1399 2722 est,
1440 2637 1612 2733 qui,
1661 2661 1964 2733 quoquo
2009 2635 2230 2706 modo
2281 2638 2442 2733 quis
2490 2639 2719 2709 iuter-

527 2793 530 2796 >
580 2743 811 2817 fectus
843 2746 967 2830 sit,
1012 2743 1460 2841 puniendum
1501 2759 1750 2842 putet,
1789 2771 2014 2843 quum
2051 2745 2284 2818 videat
2316 2745 2719 2844 aliquando

581 2853 896 2951 gladium
928 2851 1138 2923 nobis
1169 2852 1258 2923 ad
1292 2852 1770 2925 occidendum
1803 2856 2176 2927 hominem
2210 2854 2301 2926 ab
2343 2859 2516 2955 ipsis
2546 2883 2718 2956 por-

582 2965 714 3060 rigi
754 2959 1075 3058 legibus?

678 3077 794 3145 IV.
836 3077 1056 3169 Atqui
1085 3074 1144 3143 si
1169 3088 1456 3173 tempus
1481 3091 1590 3146 est
1611 3076 1837 3147 ullum
1856 3077 2020 3171 jure
2044 3075 2358 3148 hominis
2381 3080 2716 3164 necandi,
2764 3085 2769 3088 ⁴

584 3208 744 3279 quae
785 3183 1014 3255 multa
1056 3194 1300 3271 sunt¹,
1337 3202 1532 3257 certe
1574 3186 1751 3257 illud
1796 3201 1902 3257 est
1940 3211 2089 3257 non
2136 3187 2357 3258 modo
2393 3190 2713 3283 justum,

651 3424 700 3472 4.
727 3415 975 3465 Seditiose.
1007 3418 1136 3479 Quin
1161 3420 1385 3483 sperabat
1408 3439 1470 3469 ex
1496 3424 1601 3482 ejus
1690 3421 2060 3480 demnaverunt,
2097 3423 2378 3486 quindecim
2421 3439 2583 3474 eutem
2623 3429 2716 3477 ab·

577 3508 813 3556 responso
862 3492 1151 3551 seditionem
1206 3497 1338 3560 apud
1383 3497 1599 3546 infimam
1688 3501 1971 3562 solvet-unm
2024 3503 2226 3551 tecet-it
2268 3515 2430 3552 autem
2475 3506 2719 3558 Minerva!

577 3571 767 3637 plebem
796 3585 1086 3618 exarsurum.
1687 3579 1928 3641 calculum
1967 3591 2114 3644 atque
2139 3581 2206 3629 ite
2232 3585 2501 3648 exa-quatis
2523 3599 2719 3636 senten·

651 3651 699 3698 5.
732 3649 816 3696 Me
860 3648 1072 3695 consule.
1117 3649 1280 3710 Quum
1327 3651 1597 3717 Cethegum
1687 3657 1765 3704 tiis
1791 3669 1862 3705 eet
1884 3658 2151 3707 absolutus.

573 3741 857 3794 ceterosque
921 3727 1277 3786 conjurationis
1336 3733 1598 3798 participes
1760 3752 1806 3796 7.
1838 3740 2042 3802 Quoquo
2068 3740 2232 3786 modo.
2264 3741 2378 3789 Sive
2416 3760 2467 3791 oe
2499 3746 2603 3793 telo
2633 3748 2722 3795 de·

563 3808 781 3874 interfici
797 3806 961 3870 jussit.
1687 3816 1919 3875 fenderit,
1962 3819 2063 3866 sive
2104 3818 2288 3881 absque
2325 3823 2473 3869 armis
2515 3826 2582 3871 sit
2625 3843 2717 3890 ng-

646 3888 698 3934 6.
731 3887 989 3934 Hominum
1017 3889 1283 3939 sententiis.
1314 3892 1389 3938 De
1423 3894 1599 3942 Oreste
1687 3910 1890 3959 gressus.

576 3981 735 4012 sermo
761 3976 833 4012 est
852 3999 866 4023 ,
899 3966 981 4029 qni
1018 3977 1132 4031 post
1165 3968 1468 4018 interfectam
1493 3989 1597 4019 ma·
1755 3976 1843 4022 lv.
1878 3991 1923 4023 1.
1967 3976 2089 4038 ραι·
2115 3977 2268 4025 multa
2295 3992 2425 4028 sunt.
2457 3981 2584 4042 Qua
2617 3998 2723 4030 ⁸2-

576 4055 697 4092 trem
724 4043 785 4092 ab
825 4045 1128 4110 Areopagitis
1158 4047 1208 4094 in
1240 4048 1481 4121 iudiciqm
1519 4063 1592 4099 est
1678 4054 1789 4116 pius
1807 4066 2094 4114 occurrunt3
2118 4055 2391 4119 quibuseui
2410 4059 2718 4108 defendendi

575 4136 790 4172 vocatus.
823 4122 1077 4173 Sexdecim
1112 4142 1220 4173 eum
1244 4127 1436 4192 judices
1470 4145 1591 4177 con·
1674 4131 1755 4192 jus
1781 4131 1904 4179 civis
1930 4132 2136 4183 obtinet.
