2994 4778
696 424 826 498 ¹16
1306 427 1399 494 M.
1450 427 1527 493 T.
1585 426 2179 494 CICERONIS

685 568 912 648 quum
945 545 1065 617 ille
1090 568 1341 616 omnes
1361 569 1586 643 prope
1613 545 1704 616 ab
1733 544 1974 616 inferis
2003 546 2410 619 evocasset⁶
2443 551 2818 637 Metellos,

687 675 759 735 et
795 658 884 730 ad
910 657 1096 728 illius
1134 659 1450 753 generiS,
1488 654 1688 751 quod
1720 654 1860 727 sibi
1895 680 2060 727 cum
2101 682 2190 728 eo
2228 682 2622 732 commune
2647 672 2675 715 ⁷
2718 686 2820 733 es⁴

685 786 817 855 set,
831 768 1271 865 dignitatem,
1295 765 1684 862 propinqui
1699 767 1806 835 sui
1829 781 2145 837 mentem
2163 792 2205 836 a
2219 768 2588 840 Clodianis
2606 771 2824 841 latro·-

685 882 886 952 ciniis
917 876 1344 959 reflexisset;
1381 897 1756 970 quumque
1784 900 1951 946 eum
1983 876 2071 946 ad
2102 875 2481 949 domestici
2507 879 2823 977 exempli

688 989 1143 1071 memoriam,
1186 996 1258 1052 et
1301 980 1390 1052 ad
1426 983 1787 1054 Numidici
1832 984 2018 1054 illius
2062 985 2329 1056 Metelli
2371 985 2662 1058 casum⁸
2703 989 2821 1060 vel

685 1100 1074 1198 gloriosum
1099 1148 1118 1181 ,
1142 1091 1257 1187 vel
1287 1116 1578 1188 gravem
1608 1094 2115 1184 convertisset3
2152 1096 2690 1194 collacrymavit
2716 1101 2824 1169 vir

687 1210 1060 1306 egregius9
1112 1227 1195 1273 ac
1244 1226 1406 1273 vere
1454 1203 1822 1289 Metellus,
1866 1219 2245 1303 totumque
2295 1231 2369 1277 se
2412 1212 2485 1277 P.
2520 1210 2823 1280 Servilio

686 1316 951 1390 dicenti
988 1314 1197 1383 etiam
1239 1327 1392 1382 tum
1441 1312 1772 1402 tradidit3
1818 1339 1951 1385 nec
1997 1315 2188 1386 illam
2235 1317 2547 1389 divinam
2588 1322 2812 1416 gravi·

688 1441 944 1510 tatem,
984 1422 1269 1520 plenam
1320 1422 1867 1517 antiquitatis¹⁰,
1904 1423 2176 1497 diutius
2221 1426 2443 1498 homo
2490 1429 2820 1523 ejusdem

685 1527 1048 1631 sanguinis
1076 1531 1312 1628 potuit
1338 1534 1693 1603 sustinere
1713 1588 1732 1619 ‚
1761 1549 1834 1603 et
1861 1559 2148 1605 mecum
2178 1536 2433 1609 absens
2462 1538 2822 1610 beneficio

681 1644 890 1719 rediit
926 1646 1004 1712 in
1048 1641 1367 1736 gratiam.
1416 1641 1635 1730 Quod
1674 1658 1901 1732 certe,
1949 1649 2007 1715 si
2046 1661 2151 1715 est
2183 1647 2406 1744 aliqui
2446 1673 2701 1719 sensus
2748 1651 2822 1719 in

683 1768 919 1827 morte
946 1750 1449 1850 praeclarorum
1492 1753 1843 1840 virorum,
1868 1780 2095 1851 quum
2126 1758 2467 1827 omnibus
2492 1760 2825 1843 Metellis,

684 1883 842 1939 tum
877 1887 1048 1933 vero
1092 1863 1408 1934 univiro
1450 1859 1878 1949 fortissim0,
1920 1879 1993 1935 et
2028 1868 2606 1961 praestantissimo
2648 1873 2825 1951 civi,

682 1974 1161 2075 gratissimum
1186 2026 1207 2058 ,
1251 1968 1449 2041 fratri
1482 1982 1723 2057 suo¹¹,
1759 1970 1964 2055 fecit,
1999 1975 2196 2045 socio
2235 1974 2604 2064 laborum,
2650 1968 2826 2076 peri·

685 2083 1052 2164 culorum,
1100 2079 1565 2150 consiliorum
1604 2105 1957 2152 meorum.

783 2188 1354 2263 1.X111.Re‹li1us
1383 2214 1554 2260 vero
1603 2215 1806 2260 meus
1849 2192 1976 2287 qui
2016 2190 2268 2281 fuerit,
2298 2197 2463 2291 quis
2501 2197 2826 2292 ignorat?

687 2297 1302 2403 quemadmodum
1325 2298 1508 2368 mihi
1529 2298 1938 2369 advenienti
1958 2314 2322 2398 tamquam
2352 2306 2580 2375 totius
2606 2307 2825 2377 Ital-iae

687 2430 905 2513 atque
926 2411 1148 2509 ipsius
1178 2412 1422 2507 patriae
1452 2409 1816 2480 dexteram
1851 2414 2302 2508 porrexerint
2325 2424 2348 2458 ¹
2380 2416 2825 2501 Brundisini;

687 2546 912 2622 quum
969 2520 1136 2616 ipsis
1178 2520 1389 2588 nonis
1425 2533 1602 2588 sext.
1658 2517 1847 2589 idem
1887 2519 2036 2590 dies
2079 2520 2613 2597 adventusmei
2648 2526 2824 2599 fuis-

686 2645 837 2706 set'
866 2630 1319 2724 reditusque,
1354 2628 1607 2697 natalis
1641 2627 1832 2699 idem
1856 2633 2234 2701 carissimae
2256 2631 2415 2704 filiae
2434 2689 2454 2720 ,
2481 2660 2707 2731 quam
2736 2665 2823 2709 ex

687 2743 1102 2842 gravissimo
1121 2751 1278 2806 tum
1308 2739 1622 2834 primum
1644 2735 1671 2779 ³
1694 2737 2051 2811 desiderio
2076 2740 2424 2840 luctuque
2443 2752 2822 2846 conspexi,

753 2964 806 3010 6.
827 2960 903 3009 Ab
921 2955 1089 3021 inferis
1101 2967 1363 3004 evocasset.
1386 2958 1490 3004 Hac
1511 2956 1708 3005 dicendi

686 3041 857 3106 figura,
866 3054 975 3103 quae
986 3035 1330 3102 prosopopoeia
1342 3035 1533 3094 dicitur,
1544 3053 1712 3086 omues

687 3120 872 3172 Metelli
904 3134 1024 3166 nvos
1055 3115 1201 3164 verba
1243 3114 1307 3163 sd
1336 3131 1444 3163 eum
1480 3115 1712 3164 facientes

686 3200 880 3250 induxit
892 3233 907 3259 ,
929 3199 1273 3259 hortantesque
1292 3211 1353 3243 ne
1370 3212 1548 3245 nomeu
1569 3211 1710 3244 suum

687 3281 892 3344 quadam
912 3294 1024 3325 cum
1044 3275 1222 3325 Clodio
1244 3274 1480 3324 affinitate
1503 3291 1713 3324 comun-

690 3359 889 3406 cuhret.

764 3453 811 3497 7.
837 3434 955 3482 Cum
975 3447 1033 3480 eo
1046 3446 1318 3478 commune.
1339 3430 1466 3492 Quia
1487 3430 1714 3479 Metellus

690 3524 739 3562 et
785 3511 1017 3558 Servilius
1057 3524 1084 3555 a
1133 3506 1336 3555 Metello
1390 3508 1714 3558 Macedonico

689 3592 927 3655 originem
953 3586 1225 3634 trahebant.

761 3672 811 3718 8.
858 3670 923 3715 Ee
957 3665 1031 3713 ad
1070 3663 1317 3712 Numidici
1361 3664 1490 3710 illius
1532 3667 1718 3715 Metelli

616 3775 621 3782 ·
691 3764 874 3797 casum.
904 3745 987 3794 Al.
1020 3766 1045 3785 ι
1068 3754 1118 3791 et
1144 3742 1207 3789 ad
1233 3758 1384 3790 uuum
1412 3743 1546 3790 dicto
1572 3745 1716 3793 citius

691 3825 879 3877 Metelli
902 3840 1065 3872 casum
1087 3845 1130 3871 n.
1160 3826 1209 3871 J.
1229 3822 1291 3868 V.
1321 3825 1373 3869 1..

760 3922 813 3970 9.
848 3903 935 3951 Vir
970 3902 1211 3968 egregius.
1240 3901 1320 3950 Al.
1344 3924 1369 3942 α
1387 3911 1442 3949 ut
1472 3901 1548 3948 vir
1573 3918 1710 3966 egre-

690 3986 799 4049 gius
820 4005 869 4032 ι.
897 3982 946 4030 J.
963 3983 1031 4030 V.
1055 3984 1111 4030 L.

765 4080 843 4114 10.
888 4063 1086 4111 Plenam
1134 4059 1454 4125 antiquitatis.
1502 4062 1712 4124 Dignam

1796 2957 2004 3007 floreret.
2051 2963 2248 3010 Errasse
2293 2962 2490 3012 videtur
2536 2966 2792 3016 Manutius
2812 3007 2830 3030 ‚

1798 3055 1946 3101 quum
1983 3039 2210 3104 intelligit
2254 3041 2358 3089 haec
2401 3043 2546 3091 verba
2584 3047 2798 3109 proferri
2814 3085 2832 3120 ,

1798 3117 1933 3180 quod
1958 3118 2121 3166 senior
2148 3130 2270 3167 esset
2295 3122 2538 3171 Servilius.

1875 3212 1954 3244 11.
1988 3196 2152 3245 Fratri
2174 3215 2277 3246 suo.
2310 3201 2374 3262 Q.
2406 3201 2607 3250 Metello
2640 3203 2802 3252 Celeri
2814 3237 2830 3259 ‚

1799 3277 1861 3338 Q.
1892 3275 2077 3323 Metelli
2097 3277 2277 3326 Celeris
2300 3276 2425 3327 filio.
2446 3305 2516 3315 —-
2534 3282 2694 3331 Socio.
2717 3286 2834 3330 Fuit

1800 3355 1927 3402 enim
1951 3367 2131 3418 praetor
2155 3357 2390 3406 Cicerone
2409 3359 2638 3422 cousule;
2662 3372 2710 3408 et
2734 3365 2839 3411 lta-

1800 3430 1912 3477 liam
1932 3433 1992 3479 ab
2012 3433 2202 3481 occulta
2218 3437 2571 3496 conjuratione,
2585 3451 2642 3486 ut
2656 3441 2837 3490 Cicero

1802 3509 1970 3557 urbem
1990 3527 2017 3557 a
2042 3516 2293 3561 nocturnis
2314 3515 2503 3563 insidiis
2518 3552 2533 3574 ,
2561 3517 2803 3568 defendit.

1873 3591 2054 3637 Lxut.
2102 3608 2147 3639 1.
2194 3593 2461 3641 Dea-teram
2491 3601 2838 3659 porrexerint.

1802 3667 1949 3714 Primi
1970 3671 2094 3715 enim
2121 3686 2231 3717 eum
2257 3671 2592 3722 advenientem
2614 3678 2839 3726 Brundi-

1802 3745 1896 3794 sini
1919 3758 2233 3811 exceperunt.

1874 3842 1921 3875 π.
1943 3830 2084 3874 Forte
2099 3864 2112 3886 ,
2133 3850 2158 3868 κ
2176 3827 2458 3894 reditusque
2480 3831 2683 3891 natalis,
2703 3835 2836 3883 idem

1800 3922 1847 3954 c.
1880 3907 1916 3954 s.
1942 3928 1967 3946 a·
1993 3906 2190 3954 Lnllem.
2210 3924 2238 3954 e
2265 3908 2491 3972 Graevio,
2518 3933 2544 3952 ι
2571 3914 2662 3975 qui
2680 3925 2728 3961 et
2750 3931 2838 3962 m·

1803 3984 1910 4032 talis
1933 3985 2062 4033 idem
2089 4007 2128 4034 -.
2153 3988 2203 4033 J.
2224 3989 2284 4035 V.
2315 3990 2367 4036 1..

1872 4064 1921 4110 3.
1954 4065 2072 4110 Tum
2090 4065 2316 4127 primum.
2339 4066 2662 4117 Brundisium
2683 4088 2838 4136 usque

682 4145 868 4194 seilicet
910 4156 1020 4206 quae
1068 4140 1200 4205 apud
1240 4152 1423 4187 veteres
1458 4142 1709 4187 Romanos
1797 4142 1922 4204 patri
1942 4143 2161 4192 redeunti
2182 4143 2487 4195 obvinmivit
2505 4148 2741 4200 Tunioh.
