2994 4778
572 387 711 482 492
1198 386 1293 455 M
1342 387 1420 454 T.
1475 386 2066 456 clcssnoms

569 523 642 579 et
681 505 1069 603 impedit0,
1103 521 1178 578 et
1212 505 1547 577 muliebri
1585 530 1666 577 ac
1710 505 2014 578 delicato
2055 502 2473 576 ancillarum
2514 529 2712 602 pue-

567 643 965 716 rorumque
1010 619 1424 690 comitatu9.

666 730 775 798 Fit
813 726 1101 799 obviam
1150 726 1408 798 Clodio
1456 739 1625 797 ante
1666 724 1974 797 fundum
2015 725 2270 820 ejus¹⁰,
2318 723 2508 794 hora
2555 721 2713 793 fere

569 837 1055 924 undecima¹¹,
1093 852 1219 909 aut
1254 862 1404 907 non
1441 836 1675 908 multo
1711 861 1942 909 secus.
1983 836 2236 933 Statim
2282 833 2712 931 complures

569 973 738 1020 cum
782 949 940 1020 telis
979 952 1054 1019 in
1101 948 1374 1020 hunc¹²
1417 946 1690 1018 faciunt
1724 947 1816 1018 de
1859 947 2022 1018 loco
2060 948 2433 1047 superiore
2468 947 2713 1040 impe-

568 1074 748 1130 tum.
785 1057 1077 1130 Adversi
1123 1057 1535 1129 rhedarium
1588 1056 1948 1129 occidunt.
1978 1058 2233 1145 Quum
2290 1070 2540 1125 autem
2590 1052 2710 1123 hic

569 1165 661 1239 de
696 1166 953 1255 rheda,
995 1168 1254 1263 rejecta
1284 1168 1589 1265 penula,
1626 1165 2073 1255 desiluisset,
2105 1189 2330 1262 seque
2367 1164 2518 1234 acri
2552 1164 2706 1232 ani-

576 1300 696 1346 mo
747 1275 1201 1363 defenderet,
1246 1276 1384 1364 illi,
1449 1278 1578 1374 qui
1628 1291 1833 1347 erant
1887 1300 2051 1347 cum
2106 1273 2399 1360 Clodio,
2457 1272 2705 1370 gladiis

573 1384 892 1470 eductiS‚
930 1389 1187 1484 partim
1224 1410 1596 1457 recurrere
1632 1384 1721 1457 ad
1766 1383 2099 1471 rhedam,
2139 1398 2220 1453 ut
2259 1408 2298 1452 a
2334 1397 2543 1479 tergo
2575 1383 2706 1450 Mi-

573 1493 813 1566 lonem
851 1494 1342 1582 adorirentur;
1382 1496 1675 1593 partim,
1726 1494 1924 1592 quod
1962 1496 2159 1566 hnnc
2206 1496 2359 1590 jam
2407 1490 2701 1563 interfe-

575 1620 770 1677 ctum
798 1619 1135 1703 putarent
1154 1659 1174 1690 ,
1203 1605 1475 1678 caedere
1503 1606 1860 1703 incipiunt
1889 1606 2044 1700 ejus
2074 1628 2352 1690 servos,
2383 1606 2518 1700 qui
2546 1615 2704 1700 post

575 1728 780 1783 erant
828 1739 842 1781 ε
907 1739 996 1784 ex
1041 1714 1309 1810 quibus
1363 1719 1489 1813 qui
1542 1717 1782 1786 animo
1834 1713 2024 1786 fideli
2076 1716 2149 1784 in
2194 1714 2581 1784 dominum
2632 1726 2704 1783 et

577 1826 910 1919 praesenti
953 1820 1287 1913 suerunt,
1337 1828 1595 1923 partim
1653 1827 1870 1897 occisi
1911 1839 2115 1911 sunt;
2167 1826 2430 1922 partim
2478 1846 2705 1920 quum

576 1932 665 2002 ad
715 1931 1009 2003 rhedam
1056 1937 1361 2033 pugnari
1408 1935 1773 2024 viderent,
1816 1949 1889 2006 et
1943 1933 2243 2006 domino
2283 1955 2703 2004 succurrere

576 2042 1165 2140 prohiberentur,
1209 2045 1707 2142 Milonemque
1762 2047 2081 2118 occisum
2133 2044 2346 2114 etiam
2407 2068 2502 2113 ex
2553 2044 2707 2140 ipso

579 2152 833 2227 Clodio
873 2153 1242 2242 audirent,
1278 2170 1352 2226 et
1386 2157 1480 2226 ita
1529 2147 1764 2227 esse.¹3
1812 2166 2150 2253 putarent
2175 2206 2195 2237 ,
2249 2150 2587 2223 fecerunt
2630 2147 2702 2218 id

577 2263 761 2341 servi
813 2263 1182 2335 Milonis¹⁴
1237 2264 1508 2360 (dicam
1554 2266 1747 2339 enim
1792 2289 1942 2336 non
1978 2259 2348 2333 derivandi
2387 2259 2709 2331 criminis

580 2397 829 2461 causa,
869 2373 995 2446 sed
1041 2389 1122 2447 nt
1164 2373 1429 2447 factum
1474 2366 1656 2470 est),
1691 2398 1932 2472 neque
1977 2374 2425 2470 imperante,
2465 2395 2710 2467 neque

579 2485 885 2572 sciente,
916 2510 1155 2582 neque
1188 2500 1539 2584 praesente
1572 2483 1874 2557 domino
1895 2537 1917 2569 ,
1955 2481 2158 2579 quod
2194 2506 2365 2553 suos
2393 2484 2711 2578 quisque

580 2616 824 2664 servos
848 2589 914 2638 ¹⁵
954 2595 1027 2663 in
1074 2596 1192 2666 tali
1230 2620 1308 2666 re
1350 2593 1585 2665 facere
1618 2594 1980 2664 voluisset.

675 2709 801 2774 XI.
856 2710 1059 2792 Haec,
1104 2707 1287 2776 sicut
1324 2705 1660 2802 exposui,
1707 2705 1805 2774 ita
1846 2717 2042 2800 gesta
2094 2712 2338 2790 sunt¹,
2365 2699 2650 2797 judices
2687 2728 2707 2770 ε

649 2948 701 2999 9.
748 2934 1007 2985 comitam.
1059 2935 1340 2985 Notandum
1381 2947 1454 2985 eat
1496 2952 1599 3001 quo

577 3011 786 3063 artificio
825 3024 991 3062 orator
1016 3014 1261 3080 depingit,
1291 3014 1453 3064 verbio
1487 3015 1600 3063 lon·

580 3094 653 3158 gia
672 3127 690 3151 ,
711 3094 1031 3158 gravissimis,
1066 3094 1408 3159 impedimenta
1435 3095 1599 3144 omnia

579 3172 758 3236 quibus
800 3173 924 3222 Milo
973 3175 1185 3223 irretitus
1235 3176 1327 3223 iter
1365 3173 1596 3224 habebat.

578 3253 743 3314 Quum
784 3253 846 3301 de
881 3253 1055 3303 Clodio
1082 3254 1254 3318 agitur,
1292 3255 1453 3302 onmia
1489 3270 1601 3301 mu-

578 3339 767 3388 tantur,
802 3331 1064 3397 abruptum
1096 3332 1292 3382 dicendi
1319 3349 1468 3398 genna
1495 3344 1600 3392 eat,

578 3417 630 3456 et
653 3421 799 3455 vocea
823 3407 1116 3459 brevia-ima
1140 3413 1364 3460 facillime
1381 3411 1562 3460 fluunt.

645 3499 733 3538 ‚xo-
770 3488 902 3534 Ante
916 3487 1137 3548 fiendum
1167 3491 1291 3552 ejus.
1325 3490 1402 3536 Ex
1426 3488 1520 3537 hac
1549 3505 1601 3537 re

579 3573 748 3629 postea
766 3578 992 3626 magnum
1015 3565 1066 3612 in
1089 3565 1318 3614 Clodium
1339 3564 1497 3614 trahet
1521 3582 1601 3613 ar·

583 3653 885 3707 gumentum.
1003 3687 1008 3696 ,

653 3739 735 3771 ιι.
784 3719 1070 3770 Πηὼσίηω.
1124 3722 1260 3771 Hora
1312 3722 1395 3771 illa
1444 3723 1600 3774 tertia

577 3812 757 3850 nostru
781 3799 1126 3865 pomeridiana
1153 3817 1265 3850 cum
1292 3801 1499 3852 dimidio
1525 3819 1599 3851 re·

577 3880 805 3946 spondet.

655 3974 734 4008 ω.
760 3961 820 4006 In
842 3957 984 4010 hune.
1013 3961 1068 4007 In
1092 3960 1348 4010 Milonem.
1373 3990 1445 4000 —
1467 3966 1600 4010 Loco

577 4037 835 4106 superiore.
863 4040 992 4087 Hine
1019 4037 1256 4104 probatur
1281 4042 1514 4095 Clodium
1538 4041 1600 4090 ad

582 4134 793 4184 pugnam
810 4117 974 4169 locum
995 4119 1211 4183 elegisse.

1762 2935 1843 2983 13.
1868 2934 2091 2982 Gravius
2114 2932 2253 2982 addit
2276 2949 2333 2980 re
2355 2948 2482 2981 m
2511 2947 2543 2980 e
2564 2931 2711 2981 1155.

1764 3021 1844 3071 ιι.
1872 3013 2062 3062 Erunt.
2088 3011 2401 3076 pronuntiat,
2420 3010 2571 3059 verba
2586 3010 2713 3067 hae,

1684 3089 1809 3140 κινί
1824 3091 2043 3148 naonis,
2066 3093 2172 3139 aine
2190 3089 2345 3139 dubio
2362 3088 2572 3138 delenda
2594 3104 2715 3137 eane.

1686 3172 1793 3224 No·
1816 3170 2110 3220 dubitamus.
2132 3170 2188 3218 J.
2205 3170 2271 3217 V.
2298 3170 2354 3216 L.

1762 3251 1847 3301 15.
1887 3252 2008 3297 Setos
2042 3247 2247 3312 quisque
2276 3261 2454 3294 servos.
2494 3243 2711 3293 Min-abili

1685 3331 1838 3378 modo
1865 3339 2030 3377 orator
2045 3343 2214 3375 necem
2232 3324 2394 3375 Clodii
2417 3324 2676 3373 adumbrat
2691 3338 2708 3373 ε

1687 3410 1947 3459 historicus
1964 3418 2149 3458 tantum
2162 3406 2461 3469 scu-ipsimet:
2483 3403 2713 3454 Clodium

1685 3489 1810 3536 servi
1837 3487 2038 3537 Milonis
2068 3486 2368 3533 interfecere.
2407 3482 2507 3531 Sed
2540 3483 2716 3532 ciem>

1688 3583 1789 3631 qno
1826 3569 1894 3615 rei
1929 3567 2207 3630 gravitatem
2235 3562 2477 3619 declinet,
2516 3562 2625 3610 bac
2650 3560 2721 3608 ait

1687 3661 1796 3710 qun
1825 3661 1925 3693 rem
1956 3644 2130 3692 animia
2145 3642 2367 3705 judicum
2395 3640 2723 3698 denuntient,

1687 3725 1774 3774 sed
1787 3741 1896 3789 que
1912 3725 2050 3774 nullo
2063 3722 2214 3772 modo
2227 3722 2466 3770 Milonem
2482 3723 2537 3768 in
2550 3719 2721 3768 odiunt

1686 3804 1924 3852 adducere
1948 3803 2216 3866 potuerint.
2246 3801 2358 3848 Hoc
2395 3798 2572 3847 eodem
2610 3815 2723 3846 ver·

1687 3884 1863 3932 borum
1882 3882 2091 3933 artificio
2121 3899 2237 3932 usu·
2262 3891 2333 3929 eat
2361 3880 2724 3928 Demosthenes

1688 3963 1744 4010 in
1774 3964 1944 4027 Lysia,
1978 3978 2131 4026 quum
2161 3958 2496 4009 Eratosthenis
2534 3958 2722 4007 cedem

1688 4042 1957 4092 denuntiat.

1758 4121 1853 4169 11.
1874 4135 1917 4169 x.
1934 4121 2015 4167 Ita
2033 4130 2168 4185 gesen
2193 4128 2305 4167 sunl
2320 4151 2336 4176 ,
2352 4115 2575 4182 judita.
2598 4117 2725 4168 Nar·
