<?xml version="1.0" encoding="UTF-8"?>
<!DOCTYPE html PUBLIC "-//W3C//DTD XHTML 1.0 Transitional//EN"
    "http://www.w3.org/TR/xhtml1/DTD/xhtml1-transitional.dtd">
<html xmlns="http://www.w3.org/1999/xhtml" xml:lang="en" lang="en">
 <head>
  <title>
</title>
<meta http-equiv="Content-Type" content="text/html;charset=utf-8" />
  <meta name='ocr-system' content='tesseract 3.04.00' />
  <meta name='ocr-capabilities' content='ocr_page ocr_carea ocr_par ocr_line ocrx_word'/>
</head>
<body>
  <div class='ocr_page' id='page_1' title='image "./mtciceronisquae06lemagoog_0499.png"; bbox 0 0 2994 4778; ppageno 0'>
   <div class='ocr_carea' id='block_1_1' title="bbox 626 438 2376 535">
    <p class='ocr_par' dir='ltr' id='par_1_1' title="bbox 626 438 2376 535">
     <span class='ocr_line' id='line_1_1' title="bbox 626 438 2376 535; baseline 0.002 -29"><span class='ocrx_word' id='word_1_1' title='bbox 626 438 1018 508; x_wconf 87' lang='lat' dir='ltr'><strong>ORATIO</strong></span> <span class='ocrx_word' id='word_1_2' title='bbox 1067 441 1275 509; x_wconf 89' lang='lat' dir='ltr'>PRO</span> <span class='ocrx_word' id='word_1_3' title='bbox 1314 442 1391 508; x_wconf 90' lang='lat' dir='ltr'>T.</span> <span class='ocrx_word' id='word_1_4' title='bbox 1433 442 1513 509; x_wconf 79' lang='lat' dir='ltr'>A.</span> <span class='ocrx_word' id='word_1_5' title='bbox 1565 440 1998 509; x_wconf 88' lang='lat' dir='ltr'><strong>MILONE.</strong></span> <span class='ocrx_word' id='word_1_6' title='bbox 2232 439 2376 535; x_wconf 75' lang='lat'>489</span> 
     </span>
    </p>
   </div>
   <div class='ocr_carea' id='block_1_2' title="bbox 240 558 2384 2293">
    <p class='ocr_par' dir='ltr' id='par_1_2' title="bbox 240 558 2384 2293">
     <span class='ocr_line' id='line_1_2' title="bbox 244 558 2377 659; baseline 0.003 -32"><span class='ocrx_word' id='word_1_7' title='bbox 244 581 513 659; x_wconf 74' lang='lat' dir='ltr'>vexare</span> <span class='ocrx_word' id='word_1_8' title='bbox 556 558 1079 657; x_wconf 80' lang='lat' dir='ltr'>rempublicam</span> <span class='ocrx_word' id='word_1_9' title='bbox 1099 572 1156 648; x_wconf 82' lang='lat'>²,</span> <span class='ocrx_word' id='word_1_10' title='bbox 1196 561 1616 658; x_wconf 85' lang='lat' dir='ltr'>videretque</span> <span class='ocrx_word' id='word_1_11' title='bbox 1656 562 1751 630; x_wconf 88' lang='lat' dir='ltr'>ita</span> <span class='ocrx_word' id='word_1_12' title='bbox 1790 575 2009 631; x_wconf 88' lang='lat' dir='ltr'>tracta</span> <span class='ocrx_word' id='word_1_13' title='bbox 2056 586 2208 633; x_wconf 88' lang='lat' dir='ltr'>esse</span> <span class='ocrx_word' id='word_1_14' title='bbox 2251 587 2377 633; x_wconf 89' lang='lat' dir='ltr'>co-</span> 
     </span>
     <span class='ocr_line' id='line_1_3' title="bbox 241 664 2374 767; baseline 0.002 -30"><span class='ocrx_word' id='word_1_15' title='bbox 241 664 494 738; x_wconf 81' lang='lat' dir='ltr'>mitia³</span> <span class='ocrx_word' id='word_1_16' title='bbox 533 693 724 739; x_wconf 90' lang='lat' dir='ltr'>anno</span> <span class='ocrx_word' id='word_1_17' title='bbox 767 672 1175 766; x_wconf 86' lang='lat' dir='ltr'>superiore,</span> <span class='ocrx_word' id='word_1_18' title='bbox 1209 686 1293 742; x_wconf 89' lang='lat' dir='ltr'>ut</span> <span class='ocrx_word' id='word_1_19' title='bbox 1318 694 1469 741; x_wconf 90' lang='lat' dir='ltr'>non</span> <span class='ocrx_word' id='word_1_20' title='bbox 1506 669 1772 741; x_wconf 91' lang='lat' dir='ltr'>multos</span> <span class='ocrx_word' id='word_1_21' title='bbox 1803 693 2081 739; x_wconf 88' lang='lat' dir='ltr'>menses</span> <span class='ocrx_word' id='word_1_22' title='bbox 2117 686 2374 767; x_wconf 82' lang='lat' dir='ltr'>praetu-</span> 
     </span>
     <span class='ocr_line' id='line_1_4' title="bbox 240 778 2378 877; baseline 0.002 -30"><span class='ocrx_word' id='word_1_23' title='bbox 240 802 403 847; x_wconf 90' lang='lat' dir='ltr'>ram</span> <span class='ocrx_word' id='word_1_24' title='bbox 446 802 696 874; x_wconf 85' lang='lat' dir='ltr'>gerere</span> <span class='ocrx_word' id='word_1_25' title='bbox 733 794 1014 876; x_wconf 82' lang='lat' dir='ltr'>posset3</span> <span class='ocrx_word' id='word_1_26' title='bbox 1055 784 1184 877; x_wconf 89' lang='lat' dir='ltr'>qui</span> <span class='ocrx_word' id='word_1_27' title='bbox 1227 805 1376 850; x_wconf 91' lang='lat' dir='ltr'>non</span> <span class='ocrx_word' id='word_1_28' title='bbox 1423 780 1721 851; x_wconf 87' lang='lat' dir='ltr'>honoris</span> <span class='ocrx_word' id='word_1_29' title='bbox 1759 778 2057 875; x_wconf 87' lang='lat' dir='ltr'>gradum</span> <span class='ocrx_word' id='word_1_30' title='bbox 2100 796 2378 876; x_wconf 89' lang='lat' dir='ltr'>specta-</span> 
     </span>
     <span class='ocr_line' id='line_1_5' title="bbox 242 887 2377 988; baseline 0.003 -31"><span class='ocrx_word' id='word_1_31' title='bbox 242 902 360 957; x_wconf 81' lang='lat' dir='ltr'>ret</span> <span class='ocrx_word' id='word_1_32' title='bbox 378 891 437 973; x_wconf 76' lang='lat'>⁴,</span> <span class='ocrx_word' id='word_1_33' title='bbox 495 901 575 958; x_wconf 90' lang='lat' dir='ltr'>ut</span> <span class='ocrx_word' id='word_1_34' title='bbox 630 892 890 973; x_wconf 88' lang='lat' dir='ltr'>ceteri,</span> <span class='ocrx_word' id='word_1_35' title='bbox 926 889 1056 960; x_wconf 88' lang='lat' dir='ltr'>sed</span> <span class='ocrx_word' id='word_1_36' title='bbox 1103 905 1173 961; x_wconf 90' lang='lat' dir='ltr'>et</span> <span class='ocrx_word' id='word_1_37' title='bbox 1209 894 1285 961; x_wconf 94' lang='lat' dir='ltr'>L.</span> <span class='ocrx_word' id='word_1_38' title='bbox 1330 890 1654 961; x_wconf 85' lang='lat' dir='ltr'>Paullum</span> <span class='ocrx_word' id='word_1_39' title='bbox 1685 890 2028 985; x_wconf 83' lang='lat' dir='ltr'>collegam</span> <span class='ocrx_word' id='word_1_40' title='bbox 2060 887 2377 988; x_wconf 82' lang='lat' dir='ltr'><strong>effugere</strong></span> 
     </span>
     <span class='ocr_line' id='line_1_6' title="bbox 243 997 2378 1097; baseline 0.002 -31"><span class='ocrx_word' id='word_1_41' title='bbox 243 997 505 1084; x_wconf 86' lang='lat' dir='ltr'>vellet,</span> <span class='ocrx_word' id='word_1_42' title='bbox 541 998 878 1095; x_wconf 85' lang='lat' dir='ltr'><strong>singulari</strong></span> <span class='ocrx_word' id='word_1_43' title='bbox 907 1001 1170 1071; x_wconf 87' lang='lat' dir='ltr'>virtute</span> <span class='ocrx_word' id='word_1_44' title='bbox 1198 1003 1461 1086; x_wconf 87' lang='lat' dir='ltr'>civem,</span> <span class='ocrx_word' id='word_1_45' title='bbox 1495 1014 1570 1070; x_wconf 90' lang='lat' dir='ltr'>et</span> <span class='ocrx_word' id='word_1_46' title='bbox 1600 1024 1866 1070; x_wconf 89' lang='lat' dir='ltr'>annum</span> <span class='ocrx_word' id='word_1_47' title='bbox 1898 1002 2256 1097; x_wconf 83' lang='lat' dir='ltr'>integrum</span> <span class='ocrx_word' id='word_1_48' title='bbox 2288 1000 2378 1070; x_wconf 89' lang='lat' dir='ltr'>ad</span> 
     </span>
     <span class='ocr_line' id='line_1_7' title="bbox 245 1105 2382 1207; baseline 0.002 -31"><span class='ocrx_word' id='word_1_49' title='bbox 245 1105 775 1179; x_wconf 82' lang='lat' dir='ltr'><strong>dilacerandam</strong></span> <span class='ocrx_word' id='word_1_50' title='bbox 818 1107 1337 1207; x_wconf 86' lang='lat' dir='ltr'>rempublicam</span> <span class='ocrx_word' id='word_1_51' title='bbox 1376 1122 1729 1206; x_wconf 87' lang='lat' dir='ltr'>quaereret</span> <span class='ocrx_word' id='word_1_52' title='bbox 1754 1163 1772 1196; x_wconf 91' lang='lat'>‚</span> <span class='ocrx_word' id='word_1_53' title='bbox 1805 1107 2046 1180; x_wconf 89' lang='lat' dir='ltr'>subito</span> <span class='ocrx_word' id='word_1_54' title='bbox 2088 1110 2382 1206; x_wconf 90' lang='lat' dir='ltr'>reliquit</span> 
     </span>
     <span class='ocr_line' id='line_1_8' title="bbox 245 1212 2378 1315; baseline 0 -30"><span class='ocrx_word' id='word_1_55' title='bbox 245 1240 529 1287; x_wconf 89' lang='lat' dir='ltr'>annum</span> <span class='ocrx_word' id='word_1_56' title='bbox 568 1242 778 1289; x_wconf 86' lang='lat' dir='ltr'>suum</span> <span class='ocrx_word' id='word_1_57' title='bbox 799 1215 854 1305; x_wconf 87' lang='lat'>⁵,</span> <span class='ocrx_word' id='word_1_58' title='bbox 889 1212 1116 1315; x_wconf 88' lang='lat' dir='ltr'>seque</span> <span class='ocrx_word' id='word_1_59' title='bbox 1142 1222 1218 1288; x_wconf 91' lang='lat' dir='ltr'>in</span> <span class='ocrx_word' id='word_1_60' title='bbox 1245 1234 1516 1288; x_wconf 88' lang='lat' dir='ltr'>annum</span> <span class='ocrx_word' id='word_1_61' title='bbox 1552 1219 1959 1315; x_wconf 86' lang='lat' dir='ltr'>proximum</span> <span class='ocrx_word' id='word_1_62' title='bbox 1994 1217 2378 1304; x_wconf 85' lang='lat' dir='ltr'>transtulit,</span> 
     </span>
     <span class='ocr_line' id='line_1_9' title="bbox 243 1326 2377 1425; baseline 0 -29"><span class='ocrx_word' id='word_1_63' title='bbox 243 1350 446 1410; x_wconf 87' lang='lat' dir='ltr'>non,</span> <span class='ocrx_word' id='word_1_64' title='bbox 505 1343 587 1399; x_wconf 91' lang='lat' dir='ltr'>ut</span> <span class='ocrx_word' id='word_1_65' title='bbox 625 1326 741 1415; x_wconf 89' lang='lat' dir='ltr'>fit,</span> <span class='ocrx_word' id='word_1_66' title='bbox 778 1328 1125 1424; x_wconf 84' lang='lat' dir='ltr'>religione</span> <span class='ocrx_word' id='word_1_67' title='bbox 1173 1329 1455 1425; x_wconf 86' lang='lat' dir='ltr'>aliqua,</span> <span class='ocrx_word' id='word_1_68' title='bbox 1503 1328 1624 1399; x_wconf 88' lang='lat' dir='ltr'>sed</span> <span class='ocrx_word' id='word_1_69' title='bbox 1674 1342 1758 1399; x_wconf 90' lang='lat' dir='ltr'>ut</span> <span class='ocrx_word' id='word_1_70' title='bbox 1796 1327 2132 1414; x_wconf 89' lang='lat' dir='ltr'>haberet,</span> <span class='ocrx_word' id='word_1_71' title='bbox 2176 1326 2377 1425; x_wconf 90' lang='lat' dir='ltr'>quod</span> 
     </span>
     <span class='ocr_line' id='line_1_10' title="bbox 244 1435 2377 1535; baseline 0 -30"><span class='ocrx_word' id='word_1_72' title='bbox 244 1437 406 1532; x_wconf 86' lang='lat' dir='ltr'>ipse</span> <span class='ocrx_word' id='word_1_73' title='bbox 461 1435 781 1525; x_wconf 89' lang='lat' dir='ltr'>dicebat,</span> <span class='ocrx_word' id='word_1_74' title='bbox 837 1436 927 1507; x_wconf 89' lang='lat' dir='ltr'>ad</span> <span class='ocrx_word' id='word_1_75' title='bbox 983 1452 1361 1535; x_wconf 81' lang='lat' dir='ltr'>praeturam</span> <span class='ocrx_word' id='word_1_76' title='bbox 1414 1436 1847 1533; x_wconf 87' lang='lat' dir='ltr'>gerendam,</span> <span class='ocrx_word' id='word_1_77' title='bbox 1894 1436 2036 1507; x_wconf 89' lang='lat' dir='ltr'>hoc</span> <span class='ocrx_word' id='word_1_78' title='bbox 2082 1451 2231 1522; x_wconf 88' lang='lat' dir='ltr'>est,</span> <span class='ocrx_word' id='word_1_79' title='bbox 2289 1435 2377 1506; x_wconf 86' lang='lat' dir='ltr'>ad</span> 
     </span>
     <span class='ocr_line' id='line_1_11' title="bbox 246 1546 2377 1645; baseline -0 -28"><span class='ocrx_word' id='word_1_80' title='bbox 246 1548 709 1618; x_wconf 84' lang='lat' dir='ltr'>evertendam</span> <span class='ocrx_word' id='word_1_81' title='bbox 739 1547 1258 1645; x_wconf 87' lang='lat' dir='ltr'>rempublicam</span> <span class='ocrx_word' id='word_1_82' title='bbox 1279 1602 1299 1635; x_wconf 91' lang='lat'>,</span> <span class='ocrx_word' id='word_1_83' title='bbox 1329 1546 1626 1644; x_wconf 90' lang='lat' dir='ltr'>plenum</span> <span class='ocrx_word' id='word_1_84' title='bbox 1653 1571 1922 1617; x_wconf 89' lang='lat' dir='ltr'>annum</span> <span class='ocrx_word' id='word_1_85' title='bbox 1959 1551 2177 1643; x_wconf 83' lang='lat' dir='ltr'>atque</span> <span class='ocrx_word' id='word_1_86' title='bbox 2202 1549 2377 1617; x_wconf 88' lang='lat' dir='ltr'>inte-</span> 
     </span>
     <span class='ocr_line' id='line_1_12' title="bbox 245 1644 2377 1753; baseline 0 -28"><span class='ocrx_word' id='word_1_87' title='bbox 245 1680 490 1750; x_wconf 85' lang='lat' dir='ltr'>grum.</span> <span class='ocrx_word' id='word_1_88' title='bbox 549 1655 988 1729; x_wconf 86' lang='lat' dir='ltr'>Occurrebat</span> <span class='ocrx_word' id='word_1_89' title='bbox 1044 1660 1150 1743; x_wconf 91' lang='lat' dir='ltr'>ei,</span> <span class='ocrx_word' id='word_1_90' title='bbox 1207 1653 1580 1727; x_wconf 81' lang='lat' dir='ltr'>mancam⁶</span> <span class='ocrx_word' id='word_1_91' title='bbox 1657 1680 1740 1727; x_wconf 90' lang='lat' dir='ltr'>ac</span> <span class='ocrx_word' id='word_1_92' title='bbox 1801 1644 2114 1727; x_wconf 87' lang='lat' dir='ltr'>debilem</span> <span class='ocrx_word' id='word_1_93' title='bbox 2195 1680 2377 1753; x_wconf 87' lang='lat' dir='ltr'>prae-</span> 
     </span>
     <span class='ocr_line' id='line_1_13' title="bbox 248 1765 2379 1863; baseline -0 -27"><span class='ocrx_word' id='word_1_94' title='bbox 248 1780 491 1836; x_wconf 86' lang='lat' dir='ltr'>turam</span> <span class='ocrx_word' id='word_1_95' title='bbox 544 1791 743 1837; x_wconf 89' lang='lat' dir='ltr'>suam</span> <span class='ocrx_word' id='word_1_96' title='bbox 796 1765 1149 1854; x_wconf 86' lang='lat' dir='ltr'>futuram,</span> <span class='ocrx_word' id='word_1_97' title='bbox 1205 1766 1503 1837; x_wconf 87' lang='lat' dir='ltr'>consule</span> <span class='ocrx_word' id='word_1_98' title='bbox 1549 1766 1823 1836; x_wconf 84' lang='lat' dir='ltr'>Milone</span> <span class='ocrx_word' id='word_1_99' title='bbox 1872 1794 1889 1836; x_wconf 73' lang='grc' dir='ltr'><em>τ</em></span> <span class='ocrx_word' id='word_1_100' title='bbox 1941 1790 2109 1837; x_wconf 89' lang='lat' dir='ltr'>eum</span> <span class='ocrx_word' id='word_1_101' title='bbox 2160 1789 2379 1863; x_wconf 86' lang='lat' dir='ltr'>porro</span> 
     </span>
     <span class='ocr_line' id='line_1_14' title="bbox 246 1875 2384 1973; baseline 0.001 -29"><span class='ocrx_word' id='word_1_102' title='bbox 246 1898 540 1945; x_wconf 87' lang='lat' dir='ltr'>summo</span> <span class='ocrx_word' id='word_1_103' title='bbox 568 1900 922 1946; x_wconf 83' lang='lat' dir='ltr'>consensu</span> <span class='ocrx_word' id='word_1_104' title='bbox 957 1876 1206 1973; x_wconf 89' lang='lat' dir='ltr'>populi</span> <span class='ocrx_word' id='word_1_105' title='bbox 1234 1876 1519 1947; x_wconf 88' lang='lat' dir='ltr'>romani</span> <span class='ocrx_word' id='word_1_106' title='bbox 1547 1875 1914 1947; x_wconf 89' lang='lat' dir='ltr'>consulem</span> <span class='ocrx_word' id='word_1_107' title='bbox 1943 1875 2099 1947; x_wconf 88' lang='lat' dir='ltr'>fieri</span> <span class='ocrx_word' id='word_1_108' title='bbox 2123 1888 2148 1933; x_wconf 83' lang='grc'><strong>7</strong></span> <span class='ocrx_word' id='word_1_109' title='bbox 2186 1876 2384 1946; x_wconf 85' lang='lat' dir='ltr'>vide-</span> 
     </span>
     <span class='ocr_line' id='line_1_15' title="bbox 245 1977 2379 2084; baseline -0.001 -29"><span class='ocrx_word' id='word_1_110' title='bbox 245 1983 400 2055; x_wconf 88' lang='lat' dir='ltr'>bat.</span> <span class='ocrx_word' id='word_1_111' title='bbox 440 1985 766 2055; x_wconf 90' lang='lat' dir='ltr'>Contulit</span> <span class='ocrx_word' id='word_1_112' title='bbox 797 1977 915 2056; x_wconf 80' lang='lat' dir='ltr'>se⁸</span> <span class='ocrx_word' id='word_1_113' title='bbox 952 1983 1041 2055; x_wconf 91' lang='lat' dir='ltr'>ad</span> <span class='ocrx_word' id='word_1_114' title='bbox 1069 1984 1224 2082; x_wconf 77' lang='lat' dir='ltr'>ejus</span> <span class='ocrx_word' id='word_1_115' title='bbox 1257 1986 1801 2084; x_wconf 87' lang='lat' dir='ltr'>competitores;</span> <span class='ocrx_word' id='word_1_116' title='bbox 1837 1984 1962 2055; x_wconf 84' lang='lat' dir='ltr'>sed</span> <span class='ocrx_word' id='word_1_117' title='bbox 1997 1988 2116 2071; x_wconf 87' lang='lat' dir='ltr'>ita,</span> <span class='ocrx_word' id='word_1_118' title='bbox 2153 1998 2379 2054; x_wconf 86' lang='lat' dir='ltr'>totam</span> 
     </span>
     <span class='ocr_line' id='line_1_16' title="bbox 245 2092 2381 2191; baseline 0.001 -28"><span class='ocrx_word' id='word_1_119' title='bbox 245 2109 330 2163; x_wconf 86' lang='lat' dir='ltr'>ut</span> <span class='ocrx_word' id='word_1_120' title='bbox 352 2094 777 2191; x_wconf 86' lang='lat' dir='ltr'>petitionem</span> <span class='ocrx_word' id='word_1_121' title='bbox 807 2099 961 2191; x_wconf 90' lang='lat' dir='ltr'>ipse</span> <span class='ocrx_word' id='word_1_122' title='bbox 980 2094 1196 2180; x_wconf 80' lang='lat' dir='ltr'>soluS,</span> <span class='ocrx_word' id='word_1_123' title='bbox 1217 2097 1430 2164; x_wconf 89' lang='lat' dir='ltr'>etiam</span> <span class='ocrx_word' id='word_1_124' title='bbox 1455 2096 1696 2165; x_wconf 85' lang='lat' dir='ltr'>invitis</span> <span class='ocrx_word' id='word_1_125' title='bbox 1722 2093 1884 2179; x_wconf 90' lang='lat' dir='ltr'>illis,</span> <span class='ocrx_word' id='word_1_126' title='bbox 1904 2092 2341 2191; x_wconf 85' lang='lat' dir='ltr'>gubernaret</span> <span class='ocrx_word' id='word_1_127' title='bbox 2361 2119 2381 2180; x_wconf 82' lang='lat'><em>3</em></span> 
     </span>
     <span class='ocr_line' id='line_1_17' title="bbox 245 2202 2380 2293; baseline 0.001 -21"><span class='ocrx_word' id='word_1_128' title='bbox 245 2216 405 2273; x_wconf 87' lang='lat' dir='ltr'>tota</span> <span class='ocrx_word' id='word_1_129' title='bbox 433 2216 517 2273; x_wconf 89' lang='lat' dir='ltr'>ut</span> <span class='ocrx_word' id='word_1_130' title='bbox 549 2205 835 2274; x_wconf 88' lang='lat' dir='ltr'>comitia</span> <span class='ocrx_word' id='word_1_131' title='bbox 860 2206 1030 2288; x_wconf 88' lang='lat' dir='ltr'>suis,</span> <span class='ocrx_word' id='word_1_132' title='bbox 1057 2218 1140 2274; x_wconf 90' lang='lat' dir='ltr'>ut</span> <span class='ocrx_word' id='word_1_133' title='bbox 1163 2202 1555 2293; x_wconf 86' lang='lat' dir='ltr'>dictitabat,</span> <span class='ocrx_word' id='word_1_134' title='bbox 1581 2204 1947 2274; x_wconf 84' lang='lat' dir='ltr'>humeris9</span> <span class='ocrx_word' id='word_1_135' title='bbox 1972 2207 2380 2276; x_wconf 87' lang='lat' dir='ltr'>sustineret.</span> 
     </span>
    </p>
   </div>
   <div class='ocr_carea' id='block_1_3' title="bbox 179 2422 1279 3595">
    <p class='ocr_par' dir='ltr' id='par_1_3' title="bbox 248 2422 1279 2569">
     <span class='ocr_line' id='line_1_18' title="bbox 323 2422 1279 2487; baseline -0.004 -15"><span class='ocrx_word' id='word_1_136' title='bbox 323 2439 379 2472; x_wconf 76' lang='lat' dir='ltr'>a.</span> <span class='ocrx_word' id='word_1_137' title='bbox 412 2425 612 2470; x_wconf 68' lang='lat' dir='ltr'>Vexare</span> <span class='ocrx_word' id='word_1_138' title='bbox 631 2422 992 2487; x_wconf 78' lang='lat' dir='ltr'>rempublicam.</span> <span class='ocrx_word' id='word_1_139' title='bbox 1021 2422 1171 2472; x_wconf 76' lang='lat' dir='ltr'>Sicuti</span> <span class='ocrx_word' id='word_1_140' title='bbox 1194 2429 1279 2469; x_wconf 78' lang='lat' dir='ltr'>an·</span> 
     </span>
     <span class='ocr_line' id='line_1_19' title="bbox 248 2501 972 2569; baseline 0.006 -21"><span class='ocrx_word' id='word_1_141' title='bbox 248 2511 326 2549; x_wconf 79' lang='lat' dir='ltr'>tea</span> <span class='ocrx_word' id='word_1_142' title='bbox 353 2501 404 2547; x_wconf 92' lang='lat' dir='ltr'>in</span> <span class='ocrx_word' id='word_1_143' title='bbox 431 2501 972 2569; x_wconf 60' lang='lat' dir='ltr'>tribunatuyexaverat.</span> 
     </span>
    </p>

    <p class='ocr_par' dir='ltr' id='par_1_4' title="bbox 179 2580 1278 3259">
     <span class='ocr_line' id='line_1_20' title="bbox 327 2580 1276 2632; baseline 0 -3"><span class='ocrx_word' id='word_1_144' title='bbox 327 2582 378 2629; x_wconf 82' lang='lat'>3.</span> <span class='ocrx_word' id='word_1_145' title='bbox 430 2583 605 2629; x_wconf 78' lang='lat' dir='ltr'>Tracta</span> <span class='ocrx_word' id='word_1_146' title='bbox 644 2599 746 2630; x_wconf 84' lang='lat' dir='ltr'>esse</span> <span class='ocrx_word' id='word_1_147' title='bbox 780 2583 992 2632; x_wconf 80' lang='lat' dir='ltr'>comitia.</span> <span class='ocrx_word' id='word_1_148' title='bbox 1029 2586 1100 2630; x_wconf 82' lang='lat' dir='ltr'>Ita</span> <span class='ocrx_word' id='word_1_149' title='bbox 1129 2580 1276 2629; x_wconf 84' lang='lat' dir='ltr'>dilata</span> 
     </span>
     <span class='ocr_line' id='line_1_21' title="bbox 179 2659 1278 2727; baseline 0.001 -21"><span class='ocrx_word' id='word_1_150' title='bbox 179 2715 184 2720; x_wconf 53' lang='lat'><strong>‚</strong></span> <span class='ocrx_word' id='word_1_151' title='bbox 249 2659 388 2707; x_wconf 77' lang='lat' dir='ltr'>fuere</span> <span class='ocrx_word' id='word_1_152' title='bbox 419 2661 614 2709; x_wconf 83' lang='lat' dir='ltr'>comitia</span> <span class='ocrx_word' id='word_1_153' title='bbox 634 2697 649 2722; x_wconf 84' lang='lat'>,</span> <span class='ocrx_word' id='word_1_154' title='bbox 671 2673 874 2727; x_wconf 83' lang='lat' dir='ltr'>propter</span> <span class='ocrx_word' id='word_1_155' title='bbox 898 2663 1088 2710; x_wconf 69' lang='lat' dir='ltr'>insanas</span> <span class='ocrx_word' id='word_1_156' title='bbox 1111 2660 1278 2708; x_wconf 81' lang='lat' dir='ltr'>candi-</span> 
     </span>
     <span class='ocr_line' id='line_1_22' title="bbox 251 2737 1275 2805; baseline 0.001 -20"><span class='ocrx_word' id='word_1_157' title='bbox 251 2737 482 2787; x_wconf 82' lang='lat' dir='ltr'>datorum</span> <span class='ocrx_word' id='word_1_158' title='bbox 532 2743 896 2799; x_wconf 77' lang='lat' dir='ltr'>contentiones,</span> <span class='ocrx_word' id='word_1_159' title='bbox 953 2752 1009 2790; x_wconf 82' lang='lat' dir='ltr'>nt</span> <span class='ocrx_word' id='word_1_160' title='bbox 1066 2742 1275 2805; x_wconf 85' lang='lat' dir='ltr'>aeptimo</span> 
     </span>
     <span class='ocr_line' id='line_1_23' title="bbox 250 2819 1276 2874; baseline 0.003 -13"><span class='ocrx_word' id='word_1_161' title='bbox 250 2826 441 2864; x_wconf 81' lang='lat' dir='ltr'>tantum</span> <span class='ocrx_word' id='word_1_162' title='bbox 474 2835 636 2866; x_wconf 80' lang='lat' dir='ltr'>menae</span> <span class='ocrx_word' id='word_1_163' title='bbox 662 2819 905 2867; x_wconf 74' lang='lat' dir='ltr'>Domitius</span> <span class='ocrx_word' id='word_1_164' title='bbox 942 2819 1203 2874; x_wconf 71' lang='lat' dir='ltr'>Calvinus,</span> <span class='ocrx_word' id='word_1_165' title='bbox 1228 2828 1276 2865; x_wconf 83' lang='lat' dir='ltr'>et</span> 
     </span>
     <span class='ocr_line' id='line_1_24' title="bbox 249 2895 1271 2946; baseline 0.004 -5"><span class='ocrx_word' id='word_1_166' title='bbox 249 2895 475 2943; x_wconf 76' lang='lat' dir='ltr'>Valerius</span> <span class='ocrx_word' id='word_1_167' title='bbox 493 2897 713 2946; x_wconf 68' lang='lat' dir='ltr'>Messalla</span> <span class='ocrx_word' id='word_1_168' title='bbox 732 2898 1033 2946; x_wconf 72' lang='lat' dir='ltr'>consulatum</span> <span class='ocrx_word' id='word_1_169' title='bbox 1057 2898 1271 2945; x_wconf 82' lang='lat' dir='ltr'>inierint.</span> 
     </span>
     <span class='ocr_line' id='line_1_25' title="bbox 253 2973 1273 3041; baseline 0.005 -22"><span class='ocrx_word' id='word_1_170' title='bbox 253 2973 408 3036; x_wconf 77' lang='lat' dir='ltr'>Quod</span> <span class='ocrx_word' id='word_1_171' title='bbox 430 2974 571 3022; x_wconf 86' lang='lat' dir='ltr'>etiam</span> <span class='ocrx_word' id='word_1_172' title='bbox 591 2977 643 3023; x_wconf 90' lang='lat' dir='ltr'>in</span> <span class='ocrx_word' id='word_1_173' title='bbox 662 2978 900 3041; x_wconf 62' lang='lat' dir='ltr'>pretoriia</span> <span class='ocrx_word' id='word_1_174' title='bbox 918 2976 1128 3025; x_wconf 77' lang='lat' dir='ltr'>comitiis</span> <span class='ocrx_word' id='word_1_175' title='bbox 1146 2976 1273 3024; x_wconf 81' lang='lat' dir='ltr'>vide-</span> 
     </span>
     <span class='ocr_line' id='line_1_26' title="bbox 253 3053 1274 3121; baseline 0.002 -21"><span class='ocrx_word' id='word_1_176' title='bbox 253 3062 339 3100; x_wconf 83' lang='lat' dir='ltr'>tm·</span> <span class='ocrx_word' id='word_1_177' title='bbox 354 3053 605 3112; x_wconf 73' lang='lat' dir='ltr'>accidiaae3</span> <span class='ocrx_word' id='word_1_178' title='bbox 624 3070 735 3102; x_wconf 87' lang='lat' dir='ltr'>nam</span> <span class='ocrx_word' id='word_1_179' title='bbox 754 3066 1014 3121; x_wconf 65' lang='lat' dir='ltr'>protnram</span> <span class='ocrx_word' id='word_1_180' title='bbox 1032 3073 1119 3120; x_wconf 87' lang='lat' dir='ltr'>per</span> <span class='ocrx_word' id='word_1_181' title='bbox 1134 3056 1274 3119; x_wconf 81' lang='lat' dir='ltr'>quin·</span> 
     </span>
     <span class='ocr_line' id='line_1_27' title="bbox 249 3134 1272 3195; baseline 0.005 -17"><span class='ocrx_word' id='word_1_182' title='bbox 249 3147 350 3195; x_wconf 87' lang='lat' dir='ltr'>qne</span> <span class='ocrx_word' id='word_1_183' title='bbox 384 3142 567 3180; x_wconf 85' lang='lat' dir='ltr'>tantum</span> <span class='ocrx_word' id='word_1_184' title='bbox 611 3149 797 3182; x_wconf 82' lang='lat' dir='ltr'>menaea</span> <span class='ocrx_word' id='word_1_185' title='bbox 833 3135 1148 3183; x_wconf 74' lang='lat' dir='ltr'>exercendam</span> <span class='ocrx_word' id='word_1_186' title='bbox 1187 3134 1272 3182; x_wconf 83' lang='lat' dir='ltr'>ha·</span> 
     </span>
     <span class='ocr_line' id='line_1_28' title="bbox 248 3209 417 3259; baseline 0.018 -3"><span class='ocrx_word' id='word_1_187' title='bbox 248 3209 417 3259; x_wconf 71' lang='lat' dir='ltr'>haere.</span> 
     </span>
    </p>

    <p class='ocr_par' dir='ltr' id='par_1_5' title="bbox 246 3291 1274 3595">
     <span class='ocr_line' id='line_1_29' title="bbox 322 3291 1274 3357; baseline 0.002 -19"><span class='ocrx_word' id='word_1_188' title='bbox 322 3297 371 3345; x_wconf 65' lang='grc'>6.</span> <span class='ocrx_word' id='word_1_189' title='bbox 399 3291 620 3339; x_wconf 76' lang='lat' dir='ltr'>Gmdum</span> <span class='ocrx_word' id='word_1_190' title='bbox 635 3304 891 3355; x_wconf 77' lang='lat' dir='ltr'>spectaret.</span> <span class='ocrx_word' id='word_1_191' title='bbox 912 3292 1011 3357; x_wconf 85' lang='lat' dir='ltr'>Qui</span> <span class='ocrx_word' id='word_1_192' title='bbox 1027 3308 1130 3340; x_wconf 87' lang='lat' dir='ltr'>non</span> <span class='ocrx_word' id='word_1_193' title='bbox 1149 3308 1274 3357; x_wconf 67' lang='lat' dir='ltr'>pre-</span> 
     </span>
     <span class='ocr_line' id='line_1_30' title="bbox 247 3368 1273 3437; baseline 0.004 -21"><span class='ocrx_word' id='word_1_194' title='bbox 247 3379 408 3416; x_wconf 81' lang='lat' dir='ltr'>tnram</span> <span class='ocrx_word' id='word_1_195' title='bbox 441 3368 651 3418; x_wconf 82' lang='lat' dir='ltr'>babebat</span> <span class='ocrx_word' id='word_1_196' title='bbox 691 3383 932 3437; x_wconf 80' lang='lat' dir='ltr'>tamquam</span> <span class='ocrx_word' id='word_1_197' title='bbox 967 3373 1170 3435; x_wconf 82' lang='lat' dir='ltr'>gradum</span> <span class='ocrx_word' id='word_1_198' title='bbox 1207 3371 1273 3420; x_wconf 81' lang='lat' dir='ltr'>ad</span> 
     </span>
     <span class='ocr_line' id='line_1_31' title="bbox 246 3449 1272 3518; baseline 0.007 -24"><span class='ocrx_word' id='word_1_199' title='bbox 246 3449 457 3509; x_wconf 80' lang='lat' dir='ltr'>majorea</span> <span class='ocrx_word' id='word_1_200' title='bbox 489 3449 732 3509; x_wconf 82' lang='lat' dir='ltr'>honores,</span> <span class='ocrx_word' id='word_1_201' title='bbox 773 3452 858 3499; x_wconf 72' lang='lat' dir='ltr'>aed</span> <span class='ocrx_word' id='word_1_202' title='bbox 898 3453 1046 3500; x_wconf 81' lang='lat' dir='ltr'>veluti</span> <span class='ocrx_word' id='word_1_203' title='bbox 1082 3463 1272 3518; x_wconf 74' lang='lat' dir='ltr'>tempu·</span> 
     </span>
     <span class='ocr_line' id='line_1_32' title="bbox 248 3529 1271 3595; baseline 0.006 -22"><span class='ocrx_word' id='word_1_204' title='bbox 248 3542 353 3589; x_wconf 86' lang='lat' dir='ltr'>qno</span> <span class='ocrx_word' id='word_1_205' title='bbox 384 3529 545 3575; x_wconf 79' lang='lat' dir='ltr'>aerina</span> <span class='ocrx_word' id='word_1_206' title='bbox 571 3530 917 3595; x_wconf 76' lang='lat' dir='ltr'>rempublicam</span> <span class='ocrx_word' id='word_1_207' title='bbox 951 3531 1162 3579; x_wconf 81' lang='lat' dir='ltr'>vexandi</span> <span class='ocrx_word' id='word_1_208' title='bbox 1197 3532 1271 3579; x_wconf 77' lang='lat' dir='ltr'>sa·</span> 
     </span>
    </p>
   </div>
   <div class='ocr_carea' id='block_1_4' title="bbox 250 3604 1270 3745">
    <p class='ocr_par' dir='ltr' id='par_1_6' title="bbox 250 3604 1270 3745">
     <span class='ocr_line' id='line_1_33' title="bbox 250 3604 643 3656; baseline 0.008 -4"><span class='ocrx_word' id='word_1_209' title='bbox 250 3604 408 3653; x_wconf 71' lang='lat' dir='ltr'>cultas</span> <span class='ocrx_word' id='word_1_210' title='bbox 429 3606 643 3656; x_wconf 81' lang='lat' dir='ltr'>daretur.</span> 
     </span>
     <span class='ocr_line' id='line_1_34' title="bbox 322 3677 1270 3745; baseline 0.009 -22"><span class='ocrx_word' id='word_1_211' title='bbox 322 3677 372 3725; x_wconf 84' lang='lat'>⁵.</span> <span class='ocrx_word' id='word_1_212' title='bbox 404 3682 600 3726; x_wconf 74' lang='lat' dir='ltr'>Annum</span> <span class='ocrx_word' id='word_1_213' title='bbox 628 3695 785 3729; x_wconf 72' lang='lat' dir='ltr'>sunm.</span> <span class='ocrx_word' id='word_1_214' title='bbox 814 3681 930 3742; x_wconf 80' lang='lat' dir='ltr'>Quo</span> <span class='ocrx_word' id='word_1_215' title='bbox 954 3690 1118 3745; x_wconf 80' lang='lat' dir='ltr'>petere</span> <span class='ocrx_word' id='word_1_216' title='bbox 1141 3696 1270 3745; x_wconf 70' lang='lat' dir='ltr'>pm·</span> 
     </span>
    </p>
   </div>
   <div class='ocr_carea' id='block_1_5' title="bbox 249 3758 1274 4218">
    <p class='ocr_par' dir='ltr' id='par_1_7' title="bbox 249 3758 1274 4056">
     <span class='ocr_line' id='line_1_35' title="bbox 251 3758 1274 3823; baseline 0.007 -22"><span class='ocrx_word' id='word_1_217' title='bbox 251 3765 409 3803; x_wconf 83' lang='lat' dir='ltr'>turam</span> <span class='ocrx_word' id='word_1_218' title='bbox 440 3772 504 3804; x_wconf 80' lang='lat' dir='ltr'>ex</span> <span class='ocrx_word' id='word_1_219' title='bbox 535 3758 641 3821; x_wconf 82' lang='lat' dir='ltr'>lege</span> <span class='ocrx_word' id='word_1_220' title='bbox 667 3769 876 3823; x_wconf 85' lang='lat' dir='ltr'>poterat.</span> <span class='ocrx_word' id='word_1_221' title='bbox 917 3761 1274 3823; x_wconf 81' lang='lat' dir='ltr'>Requirebatnr</span> 
     </span>
     <span class='ocr_line' id='line_1_36' title="bbox 249 3837 1271 3901; baseline 0.006 -21"><span class='ocrx_word' id='word_1_222' title='bbox 249 3845 413 3881; x_wconf 83' lang='lat' dir='ltr'>antem</span> <span class='ocrx_word' id='word_1_223' title='bbox 445 3847 502 3883; x_wconf 85' lang='lat' dir='ltr'>ut</span> <span class='ocrx_word' id='word_1_224' title='bbox 539 3837 649 3900; x_wconf 72' lang='lat' dir='ltr'>quia</span> <span class='ocrx_word' id='word_1_225' title='bbox 690 3848 869 3901; x_wconf 79' lang='lat' dir='ltr'>praetor</span> <span class='ocrx_word' id='word_1_226' title='bbox 904 3837 1184 3900; x_wconf 83' lang='lat' dir='ltr'>eligeretur,</span> <span class='ocrx_word' id='word_1_227' title='bbox 1217 3848 1271 3886; x_wconf 88' lang='lat' dir='ltr'>nt</span> 
     </span>
     <span class='ocr_line' id='line_1_37' title="bbox 249 3915 1274 3980; baseline 0.004 -21"><span class='ocrx_word' id='word_1_228' title='bbox 249 3928 435 3960; x_wconf 82' lang='lat' dir='ltr'>annom</span> <span class='ocrx_word' id='word_1_229' title='bbox 469 3915 625 3963; x_wconf 63' lang='lat' dir='ltr'>etatis</span> <span class='ocrx_word' id='word_1_230' title='bbox 656 3932 755 3964; x_wconf 66' lang='lat' dir='ltr'>aue</span> <span class='ocrx_word' id='word_1_231' title='bbox 790 3933 973 3964; x_wconf 89' lang='lat' dir='ltr'>nonum</span> <span class='ocrx_word' id='word_1_232' title='bbox 1001 3929 1050 3965; x_wconf 93' lang='lat' dir='ltr'>et</span> <span class='ocrx_word' id='word_1_233' title='bbox 1087 3917 1274 3980; x_wconf 75' lang='lat' dir='ltr'>trigesi-</span> 
     </span>
     <span class='ocr_line' id='line_1_38' title="bbox 249 4005 589 4056; baseline 0.012 -18"><span class='ocrx_word' id='word_1_234' title='bbox 249 4007 383 4039; x_wconf 80' lang='lat' dir='ltr'>mum</span> <span class='ocrx_word' id='word_1_235' title='bbox 409 4005 589 4056; x_wconf 80' lang='lat' dir='ltr'>ageret.</span> 
     </span>
    </p>

    <p class='ocr_par' dir='ltr' id='par_1_8' title="bbox 251 4070 1272 4218">
     <span class='ocr_line' id='line_1_39' title="bbox 319 4070 1272 4139; baseline 0.005 -20"><span class='ocrx_word' id='word_1_236' title='bbox 319 4070 372 4119; x_wconf 82' lang='lat'>6.</span> <span class='ocrx_word' id='word_1_237' title='bbox 408 4074 642 4121; x_wconf 74' lang='lat' dir='ltr'>mancam</span> <span class='ocrx_word' id='word_1_238' title='bbox 675 4089 740 4121; x_wconf 80' lang='lat' dir='ltr'>ao</span> <span class='ocrx_word' id='word_1_239' title='bbox 766 4074 969 4122; x_wconf 75' lang='lat' dir='ltr'>debilem</span> <span class='ocrx_word' id='word_1_240' title='bbox 988 4086 1272 4139; x_wconf 79' lang='lat' dir='ltr'>praemram.</span> 
     </span>
     <span class='ocr_line' id='line_1_40' title="bbox 251 4151 1272 4218; baseline 0.005 -20"><span class='ocrx_word' id='word_1_241' title='bbox 251 4151 374 4199; x_wconf 81' lang='lat' dir='ltr'>Nam</span> <span class='ocrx_word' id='word_1_242' title='bbox 414 4151 708 4203; x_wconf 75' lang='lat' dir='ltr'>claudicaret</span> <span class='ocrx_word' id='word_1_243' title='bbox 746 4154 950 4202; x_wconf 88' lang='lat' dir='ltr'>omnino</span> <span class='ocrx_word' id='word_1_244' title='bbox 994 4156 1098 4216; x_wconf 72' lang='lat' dir='ltr'>ejus</span> <span class='ocrx_word' id='word_1_245' title='bbox 1130 4164 1272 4218; x_wconf 87' lang='lat' dir='ltr'>pote·</span> 
     </span>
    </p>
   </div>
   <div class='ocr_carea' id='block_1_6' title="bbox 1359 2420 2389 4219">
    <p class='ocr_par' dir='ltr' id='par_1_9' title="bbox 1364 2420 2382 2567">
     <span class='ocr_line' id='line_1_41' title="bbox 1364 2420 2382 2488; baseline -0.001 -17"><span class='ocrx_word' id='word_1_246' title='bbox 1364 2431 1487 2479; x_wconf 79' lang='lat' dir='ltr'>atas,</span> <span class='ocrx_word' id='word_1_247' title='bbox 1526 2420 1569 2468; x_wconf 79' lang='lat' dir='ltr'>si</span> <span class='ocrx_word' id='word_1_248' title='bbox 1602 2421 1727 2470; x_wconf 75' lang='lat' dir='ltr'>Milo</span> <span class='ocrx_word' id='word_1_249' title='bbox 1760 2421 2091 2481; x_wconf 81' lang='lat' dir='ltr'>consulatum,</span> <span class='ocrx_word' id='word_1_250' title='bbox 2125 2421 2241 2470; x_wconf 85' lang='lat' dir='ltr'>dnm</span> <span class='ocrx_word' id='word_1_251' title='bbox 2278 2424 2382 2488; x_wconf 78' lang='lat' dir='ltr'>ipse</span> 
     </span>
     <span class='ocr_line' id='line_1_42' title="bbox 1364 2512 1963 2567; baseline 0.002 -18"><span class='ocrx_word' id='word_1_252' title='bbox 1364 2512 1547 2567; x_wconf 64' lang='lat' dir='ltr'>prator</span> <span class='ocrx_word' id='word_1_253' title='bbox 1571 2513 1694 2550; x_wconf 77' lang='lat' dir='ltr'>eeset</span> <span class='ocrx_word' id='word_1_254' title='bbox 1709 2537 1723 2561; x_wconf 90' lang='lat'>,</span> <span class='ocrx_word' id='word_1_255' title='bbox 1763 2512 1963 2566; x_wconf 80' lang='lat' dir='ltr'>gereret.</span> 
     </span>
    </p>

    <p class='ocr_par' dir='ltr' id='par_1_10' title="bbox 1359 2580 2389 3419">
     <span class='ocr_line' id='line_1_43' title="bbox 1438 2580 2385 2648; baseline -0.003 -18"><span class='ocrx_word' id='word_1_256' title='bbox 1438 2597 1486 2642; x_wconf 85' lang='lat'>7.</span> <span class='ocrx_word' id='word_1_257' title='bbox 1529 2581 1781 2629; x_wconf 77' lang='lat' dir='ltr'>Consulem</span> <span class='ocrx_word' id='word_1_258' title='bbox 1802 2580 1942 2648; x_wconf 82' lang='lat' dir='ltr'>fieri.</span> <span class='ocrx_word' id='word_1_259' title='bbox 1982 2580 2385 2629; x_wconf 82' lang='lat' dir='ltr'>Animadverten-</span> 
     </span>
     <span class='ocr_line' id='line_1_44' title="bbox 1365 2658 2386 2725; baseline 0.001 -18"><span class='ocrx_word' id='word_1_260' title='bbox 1365 2658 1482 2708; x_wconf 83' lang='lat' dir='ltr'>dum</span> <span class='ocrx_word' id='word_1_261' title='bbox 1508 2671 1580 2708; x_wconf 83' lang='lat' dir='ltr'>eat</span> <span class='ocrx_word' id='word_1_262' title='bbox 1605 2676 1697 2725; x_wconf 80' lang='lat' dir='ltr'>qua</span> <span class='ocrx_word' id='word_1_263' title='bbox 1721 2670 1822 2708; x_wconf 79' lang='lat' dir='ltr'>arte</span> <span class='ocrx_word' id='word_1_264' title='bbox 1843 2658 2125 2707; x_wconf 77' lang='lat' dir='ltr'>insidiarum</span> <span class='ocrx_word' id='word_1_265' title='bbox 2148 2660 2386 2722; x_wconf 77' lang='lat' dir='ltr'>suspicio·</span> 
     </span>
     <span class='ocr_line' id='line_1_45' title="bbox 1363 2737 2389 2788; baseline 0.002 -2"><span class='ocrx_word' id='word_1_266' title='bbox 1363 2754 1474 2786; x_wconf 85' lang='lat' dir='ltr'>nem</span> <span class='ocrx_word' id='word_1_267' title='bbox 1514 2754 1542 2786; x_wconf 88' lang='lat' dir='ltr'>a</span> <span class='ocrx_word' id='word_1_268' title='bbox 1575 2739 1762 2787; x_wconf 80' lang='lat' dir='ltr'>Milone</span> <span class='ocrx_word' id='word_1_269' title='bbox 1787 2739 1839 2786; x_wconf 92' lang='lat' dir='ltr'>in</span> <span class='ocrx_word' id='word_1_270' title='bbox 1866 2737 2094 2788; x_wconf 85' lang='lat' dir='ltr'>Clodium</span> <span class='ocrx_word' id='word_1_271' title='bbox 2117 2748 2389 2788; x_wconf 80' lang='lat' dir='ltr'>convertat.</span> 
     </span>
     <span class='ocr_line' id='line_1_46' title="bbox 1363 2817 2388 2882; baseline -0.001 -17"><span class='ocrx_word' id='word_1_272' title='bbox 1363 2817 1545 2866; x_wconf 89' lang='lat' dir='ltr'>Clodio</span> <span class='ocrx_word' id='word_1_273' title='bbox 1578 2818 1707 2866; x_wconf 87' lang='lat' dir='ltr'>enim</span> <span class='ocrx_word' id='word_1_274' title='bbox 1750 2817 1945 2866; x_wconf 78' lang='lat' dir='ltr'>vivente</span> <span class='ocrx_word' id='word_1_275' title='bbox 1984 2833 2173 2866; x_wconf 81' lang='lat' dir='ltr'>summo</span> <span class='ocrx_word' id='word_1_276' title='bbox 2208 2817 2388 2882; x_wconf 82' lang='lat' dir='ltr'>populi</span> 
     </span>
     <span class='ocr_line' id='line_1_47' title="bbox 1362 2895 2385 2956; baseline -0.001 -12"><span class='ocrx_word' id='word_1_277' title='bbox 1362 2911 1634 2956; x_wconf 65' lang='lat' dir='ltr'>cotiaeum,</span> <span class='ocrx_word' id='word_1_278' title='bbox 1675 2897 1803 2946; x_wconf 73' lang='lat' dir='ltr'>milo</span> <span class='ocrx_word' id='word_1_279' title='bbox 1841 2895 2145 2944; x_wconf 72' lang='lat' dir='ltr'>consulatum</span> <span class='ocrx_word' id='word_1_280' title='bbox 2185 2895 2385 2944; x_wconf 87' lang='lat' dir='ltr'>obtine·</span> 
     </span>
     <span class='ocr_line' id='line_1_48' title="bbox 1361 2974 2381 3039; baseline -0.003 -15"><span class='ocrx_word' id='word_1_281' title='bbox 1361 2974 1478 3024; x_wconf 74' lang='lat' dir='ltr'>bat:</span> <span class='ocrx_word' id='word_1_282' title='bbox 1512 2975 1643 3023; x_wconf 82' lang='lat' dir='ltr'>nulla</span> <span class='ocrx_word' id='word_1_283' title='bbox 1670 2976 1819 3039; x_wconf 77' lang='lat' dir='ltr'>igitur</span> <span class='ocrx_word' id='word_1_284' title='bbox 1841 2990 1981 3022; x_wconf 79' lang='lat' dir='ltr'>eanaa</span> <span class='ocrx_word' id='word_1_285' title='bbox 2010 2975 2126 3033; x_wconf 77' lang='lat' dir='ltr'>fnit,</span> <span class='ocrx_word' id='word_1_286' title='bbox 2155 2990 2244 3022; x_wconf 88' lang='lat' dir='ltr'>cnr</span> <span class='ocrx_word' id='word_1_287' title='bbox 2270 2974 2381 3022; x_wconf 84' lang='lat' dir='ltr'>clo·</span> 
     </span>
     <span class='ocr_line' id='line_1_49' title="bbox 1360 3035 2383 3117; baseline 0 -17"><span class='ocrx_word' id='word_1_288' title='bbox 1360 3052 1493 3100; x_wconf 85' lang='lat' dir='ltr'>dinm</span> <span class='ocrx_word' id='word_1_289' title='bbox 1527 3054 1857 3117; x_wconf 59' lang='lat' dir='ltr'>opprimet-eu</span> <span class='ocrx_word' id='word_1_290' title='bbox 1892 3063 1945 3100; x_wconf 84' lang='lat' dir='ltr'>at</span> <span class='ocrx_word' id='word_1_291' title='bbox 1978 3063 2145 3101; x_wconf 81' lang='lat' dir='ltr'>contra</span> <span class='ocrx_word' id='word_1_292' title='bbox 2179 3035 2383 3101; x_wconf 75' lang='lat' dir='ltr'>Clodiu·</span> 
     </span>
     <span class='ocr_line' id='line_1_50' title="bbox 1359 3131 2389 3189; baseline 0.001 -10"><span class='ocrx_word' id='word_1_293' title='bbox 1359 3131 1595 3179; x_wconf 79' lang='lat' dir='ltr'>aentiebat</span> <span class='ocrx_word' id='word_1_294' title='bbox 1615 3132 1847 3180; x_wconf 76' lang='lat' dir='ltr'>Milonem</span> <span class='ocrx_word' id='word_1_295' title='bbox 1862 3132 2108 3180; x_wconf 70' lang='lat' dir='ltr'>consulem</span> <span class='ocrx_word' id='word_1_296' title='bbox 2129 3132 2233 3179; x_wconf 80' lang='lat' dir='ltr'>fore</span> <span class='ocrx_word' id='word_1_297' title='bbox 2245 3167 2260 3189; x_wconf 87' lang='lat'>‚</span> <span class='ocrx_word' id='word_1_298' title='bbox 2274 3131 2389 3180; x_wconf 76' lang='lat' dir='ltr'>sibi·</span> 
     </span>
     <span class='ocr_line' id='line_1_51' title="bbox 1360 3209 2383 3274; baseline 0 -16"><span class='ocrx_word' id='word_1_299' title='bbox 1360 3225 1457 3273; x_wconf 80' lang='lat' dir='ltr'>que</span> <span class='ocrx_word' id='word_1_300' title='bbox 1473 3210 1661 3257; x_wconf 82' lang='lat' dir='ltr'>nullum</span> <span class='ocrx_word' id='word_1_301' title='bbox 1680 3210 1889 3274; x_wconf 82' lang='lat' dir='ltr'>amplius</span> <span class='ocrx_word' id='word_1_302' title='bbox 1909 3209 2190 3274; x_wconf 71' lang='lat' dir='ltr'>reipublicae</span> <span class='ocrx_word' id='word_1_303' title='bbox 2204 3226 2383 3259; x_wconf 77' lang='lat' dir='ltr'>vexan-</span> 
     </span>
     <span class='ocr_line' id='line_1_52' title="bbox 1361 3288 2383 3354; baseline -0.001 -18"><span class='ocrx_word' id='word_1_304' title='bbox 1361 3288 1438 3336; x_wconf 64' lang='lat' dir='ltr'>da</span> <span class='ocrx_word' id='word_1_305' title='bbox 1474 3289 1640 3336; x_wconf 83' lang='lat' dir='ltr'>locum</span> <span class='ocrx_word' id='word_1_306' title='bbox 1674 3304 1954 3353; x_wconf 58' lang='grc' dir='ltr'>ωροτε-ωας</span> <span class='ocrx_word' id='word_1_307' title='bbox 1988 3289 2056 3336; x_wconf 87' lang='lat' dir='ltr'>ita</span> <span class='ocrx_word' id='word_1_308' title='bbox 2090 3304 2383 3354; x_wconf 77' lang='lat' dir='ltr'>magnopere</span> 
     </span>
     <span class='ocr_line' id='line_1_53' title="bbox 1359 3366 2382 3419; baseline 0.002 -3"><span class='ocrx_word' id='word_1_309' title='bbox 1359 3367 1424 3416; x_wconf 83' lang='lat' dir='ltr'>ad</span> <span class='ocrx_word' id='word_1_310' title='bbox 1445 3383 1558 3416; x_wconf 89' lang='lat' dir='ltr'>enm</span> <span class='ocrx_word' id='word_1_311' title='bbox 1580 3383 1607 3414; x_wconf 92' lang='lat' dir='ltr'>e</span> <span class='ocrx_word' id='word_1_312' title='bbox 1628 3366 1792 3415; x_wconf 83' lang='lat' dir='ltr'>medio</span> <span class='ocrx_word' id='word_1_313' title='bbox 1814 3367 2086 3416; x_wconf 82' lang='lat' dir='ltr'>tollendum</span> <span class='ocrx_word' id='word_1_314' title='bbox 2108 3367 2382 3419; x_wconf 80' lang='lat' dir='ltr'>laborabat.</span> 
     </span>
    </p>

    <p class='ocr_par' dir='ltr' id='par_1_11' title="bbox 1359 3446 2385 3749">
     <span class='ocr_line' id='line_1_54' title="bbox 1431 3446 2385 3512; baseline 0.001 -17"><span class='ocrx_word' id='word_1_315' title='bbox 1431 3448 1480 3495; x_wconf 77' lang='lat'>8.</span> <span class='ocrx_word' id='word_1_316' title='bbox 1505 3446 1712 3495; x_wconf 74' lang='lat' dir='ltr'>Contulit</span> <span class='ocrx_word' id='word_1_317' title='bbox 1727 3462 1795 3496; x_wconf 78' lang='lat' dir='ltr'>se.</span> <span class='ocrx_word' id='word_1_318' title='bbox 1823 3446 1986 3511; x_wconf 77' lang='lat' dir='ltr'>Coepit</span> <span class='ocrx_word' id='word_1_319' title='bbox 2004 3447 2164 3494; x_wconf 78' lang='lat' dir='ltr'>favere</span> <span class='ocrx_word' id='word_1_320' title='bbox 2189 3463 2385 3512; x_wconf 82' lang='lat' dir='ltr'>compe-</span> 
     </span>
     <span class='ocr_line' id='line_1_55' title="bbox 1359 3525 2384 3590; baseline 0.003 -17"><span class='ocrx_word' id='word_1_321' title='bbox 1359 3525 1619 3588; x_wconf 75' lang='lat' dir='ltr'>titoribus,</span> <span class='ocrx_word' id='word_1_322' title='bbox 1671 3526 1724 3574; x_wconf 80' lang='lat' dir='ltr'>h.</span> <span class='ocrx_word' id='word_1_323' title='bbox 1762 3541 1806 3574; x_wconf 92' lang='lat' dir='ltr'>e.</span> <span class='ocrx_word' id='word_1_324' title='bbox 1850 3525 2016 3574; x_wconf 81' lang='lat' dir='ltr'>Plotio</span> <span class='ocrx_word' id='word_1_325' title='bbox 2048 3528 2296 3590; x_wconf 75' lang='lat' dir='ltr'>Hypaaeo,</span> <span class='ocrx_word' id='word_1_326' title='bbox 2332 3538 2384 3576; x_wconf 87' lang='lat' dir='ltr'>et</span> 
     </span>
     <span class='ocr_line' id='line_1_56' title="bbox 1360 3604 2379 3669; baseline 0.001 -17"><span class='ocrx_word' id='word_1_327' title='bbox 1360 3605 1424 3668; x_wconf 90' lang='lat' dir='ltr'>Q.</span> <span class='ocrx_word' id='word_1_328' title='bbox 1447 3605 1652 3655; x_wconf 80' lang='lat' dir='ltr'>Metello</span> <span class='ocrx_word' id='word_1_329' title='bbox 1671 3604 1912 3669; x_wconf 84' lang='lat' dir='ltr'>Scipioni,</span> <span class='ocrx_word' id='word_1_330' title='bbox 1939 3605 2159 3669; x_wconf 81' lang='lat' dir='ltr'>Pompeii</span> <span class='ocrx_word' id='word_1_331' title='bbox 2184 3621 2379 3664; x_wconf 73' lang='lat' dir='ltr'>nocero,</span> 
     </span>
     <span class='ocr_line' id='line_1_57' title="bbox 1359 3684 2362 3749; baseline -0.003 -16"><span class='ocrx_word' id='word_1_332' title='bbox 1359 3686 1447 3749; x_wconf 83' lang='lat' dir='ltr'>qui</span> <span class='ocrx_word' id='word_1_333' title='bbox 1466 3701 1579 3733; x_wconf 81' lang='lat' dir='ltr'>cnm</span> <span class='ocrx_word' id='word_1_334' title='bbox 1592 3685 1782 3734; x_wconf 75' lang='lat' dir='ltr'>Milone</span> <span class='ocrx_word' id='word_1_335' title='bbox 1794 3684 2097 3734; x_wconf 74' lang='lat' dir='ltr'>consulatum</span> <span class='ocrx_word' id='word_1_336' title='bbox 2117 3684 2362 3748; x_wconf 82' lang='lat' dir='ltr'>petebant.</span> 
     </span>
    </p>

    <p class='ocr_par' dir='ltr' id='par_1_12' title="bbox 1361 3760 2384 4219">
     <span class='ocr_line' id='line_1_58' title="bbox 1431 3760 2382 3824; baseline 0 -16"><span class='ocrx_word' id='word_1_337' title='bbox 1431 3778 1481 3824; x_wconf 86' lang='lat'>9.</span> <span class='ocrx_word' id='word_1_338' title='bbox 1530 3762 1753 3809; x_wconf 68' lang='lat' dir='ltr'>Homeris</span> <span class='ocrx_word' id='word_1_339' title='bbox 1787 3763 2059 3810; x_wconf 75' lang='lat' dir='ltr'>sustineret.</span> <span class='ocrx_word' id='word_1_340' title='bbox 2108 3760 2382 3808; x_wconf 72' lang='lat' dir='ltr'>seditione·</span> 
     </span>
     <span class='ocr_line' id='line_1_59' title="bbox 1361 3839 2383 3897; baseline 0.002 -12"><span class='ocrx_word' id='word_1_341' title='bbox 1361 3854 1556 3897; x_wconf 74' lang='lat' dir='ltr'>omnes,</span> <span class='ocrx_word' id='word_1_342' title='bbox 1585 3839 1765 3889; x_wconf 81' lang='lat' dir='ltr'>Clodio</span> <span class='ocrx_word' id='word_1_343' title='bbox 1789 3852 1987 3888; x_wconf 85' lang='lat' dir='ltr'>anctore</span> <span class='ocrx_word' id='word_1_344' title='bbox 2008 3840 2237 3887; x_wconf 76' lang='lat' dir='ltr'>excitatas</span> <span class='ocrx_word' id='word_1_345' title='bbox 2263 3855 2383 3887; x_wconf 83' lang='lat' dir='ltr'>oon-</span> 
     </span>
     <span class='ocr_line' id='line_1_60' title="bbox 1362 3916 2382 3982; baseline 0.001 -17"><span class='ocrx_word' id='word_1_346' title='bbox 1362 3917 1545 3974; x_wconf 84' lang='lat' dir='ltr'>tendit,</span> <span class='ocrx_word' id='word_1_347' title='bbox 1579 3928 1633 3964; x_wconf 88' lang='lat' dir='ltr'>nt</span> <span class='ocrx_word' id='word_1_348' title='bbox 1670 3919 1891 3982; x_wconf 77' lang='lat' dir='ltr'>graviora</span> <span class='ocrx_word' id='word_1_349' title='bbox 1918 3919 1970 3966; x_wconf 90' lang='lat' dir='ltr'>in</span> <span class='ocrx_word' id='word_1_350' title='bbox 1998 3933 2108 3965; x_wconf 86' lang='lat' dir='ltr'>eum</span> <span class='ocrx_word' id='word_1_351' title='bbox 2137 3916 2382 3966; x_wconf 85' lang='lat' dir='ltr'>bonorum</span> 
     </span>
     <span class='ocr_line' id='line_1_61' title="bbox 1361 3996 2384 4061; baseline 0.002 -19"><span class='ocrx_word' id='word_1_352' title='bbox 1361 3996 1539 4043; x_wconf 74' lang='lat' dir='ltr'>civium</span> <span class='ocrx_word' id='word_1_353' title='bbox 1586 3996 1683 4043; x_wconf 82' lang='lat' dir='ltr'>aint</span> <span class='ocrx_word' id='word_1_354' title='bbox 1733 3997 1843 4044; x_wconf 81' lang='lat' dir='ltr'>odia</span> <span class='ocrx_word' id='word_1_355' title='bbox 1867 4030 1882 4055; x_wconf 83' lang='lat'>,</span> <span class='ocrx_word' id='word_1_356' title='bbox 1926 4007 2250 4061; x_wconf 76' lang='lat' dir='ltr'>appareatque</span> <span class='ocrx_word' id='word_1_357' title='bbox 2285 3998 2384 4057; x_wconf 83' lang='lat' dir='ltr'>jam</span> 
     </span>
     <span class='ocr_line' id='line_1_62' title="bbox 1361 4073 2373 4124; baseline 0.002 -2"><span class='ocrx_word' id='word_1_358' title='bbox 1361 4085 1501 4122; x_wconf 86' lang='lat' dir='ltr'>antea</span> <span class='ocrx_word' id='word_1_359' title='bbox 1534 4073 1732 4122; x_wconf 69' lang='lat' dir='ltr'>insidias</span> <span class='ocrx_word' id='word_1_360' title='bbox 1767 4075 1820 4123; x_wconf 85' lang='lat' dir='ltr'>in</span> <span class='ocrx_word' id='word_1_361' title='bbox 1853 4076 2089 4123; x_wconf 74' lang='lat' dir='ltr'>Milonem</span> <span class='ocrx_word' id='word_1_362' title='bbox 2124 4075 2373 4124; x_wconf 66' lang='lat' dir='ltr'>att-uixisse.</span> 
     </span>
     <span class='ocr_line' id='line_1_63' title="bbox 1361 4153 2202 4219; baseline -0.004 -16"><span class='ocrx_word' id='word_1_363' title='bbox 1361 4153 1509 4219; x_wconf 86' lang='lat' dir='ltr'>Quod</span> <span class='ocrx_word' id='word_1_364' title='bbox 1533 4170 1635 4204; x_wconf 90' lang='lat' dir='ltr'>non</span> <span class='ocrx_word' id='word_1_365' title='bbox 1660 4155 1861 4203; x_wconf 84' lang='lat' dir='ltr'>omnino</span> <span class='ocrx_word' id='word_1_366' title='bbox 1886 4154 2060 4203; x_wconf 69' lang='lat' dir='ltr'>falsum</span> <span class='ocrx_word' id='word_1_367' title='bbox 2086 4164 2202 4202; x_wconf 82' lang='lat' dir='ltr'>erat.</span> 
     </span>
    </p>
   </div>
  </div>
 </body>
</html>
