2994 4778
629 380 770 451 318
1261 375 1362 443 Μ.
1413 376 1494 445 T.
1547 328 2154 449 CICERONIS*

628 504 866 574 minus
903 500 1076 571 civis
1112 513 1319 570 esset.
1362 497 1578 570 Multi
1614 500 1832 570 etiam
1873 504 2244 598 superiore
2273 508 2621 577 memoria
2655 507 2762 578 ci-

623 636 746 685 ves
799 609 1080 683 romani
1129 634 1261 680 sua
1303 607 1674 680 voluntate
1695 663 1714 697 ‚
1766 610 2164 684 indemnati
2207 626 2281 685 et
2313 616 2759 706 incolumes,

633 725 745 795 his
778 722 1001 795 rebus
1026 721 1332 806 relictiS,
1369 720 1542 791 alias
1581 722 1763 791 sein
1805 723 2127 795 civitates
2168 726 2670 800 contulerunt.

716 840 874 906 XII.
924 831 1139 923 Quod
1186 831 1247 901 si
1297 831 1437 900 civi
1500 853 1807 901 romano
1857 830 2025 903 licet
2070 856 2224 905 esse
2272 835 2758 921 Gaditanum,

620 948 768 1017 sive
803 943 1086 1027 exsilio,
1127 941 1274 1012 sive
1316 939 1767 1036 postliminio
1792 950 1843 1024 ¹,
1883 941 2035 1012 sive
2063 941 2503 1037 rejectione²
2537 945 2760 1040 hujus

628 1055 931 1126 civitatis
971 1077 985 1119 :
1027 1063 1110 1120 ut
1138 1049 1287 1145 jam
1325 1046 1417 1118 ad
1444 1046 1688 1119 foedus
1720 1050 2004 1120 veniam
2029 1104 2049 1138 ,
2101 1052 2302 1147 quod
2337 1053 2427 1125 ad
2465 1078 2752 1126 causam

623 1164 805 1237 nihil
833 1161 1144 1261 pertinet
1169 1159 1307 1263 (de
1344 1160 1654 1230 civitatis
1690 1158 1883 1230 enim
1907 1160 2072 1255 jure
2096 1214 2114 1247 ,
2154 1187 2305 1234 non
2340 1163 2432 1235 de
2459 1162 2746 1237 foederi·

628 1276 767 1347 bus
825 1270 1377 1400 disceptamus),
1415 1266 1597 1366 quid
1634 1282 1782 1355 est,
1814 1270 2285 1366 quamobrem
2337 1274 2473 1344 civi
2525 1274 2750 1346 Gadi-

626 1402 799 1457 tano
844 1385 917 1454 in
958 1380 1147 1453 hanc
1195 1381 1557 1450 civitatem
1609 1379 1858 1449 venire
1908 1405 2058 1450 non
2103 1381 2365 1452 liceat?
2397 1386 2752 1482 Equidem

624 1497 839 1593 longe
877 1516 1083 1564 secus
1126 1490 1386 1560 sentio.
1432 1493 1617 1560 Nam
1658 1512 1883 1585 quum
1927 1514 2020 1561 ex
2066 1489 2406 1563 omnibus
2442 1496 2751 1566 civitati-

623 1606 762 1677 bus
808 1605 921 1673 via
958 1602 1050 1673 sit
1085 1602 1159 1670 in
1198 1610 1554 1685 nostram,
1586 1622 1970 1696 quumque
2011 1602 2276 1671 nostris
2312 1602 2593 1675 civibus
2622 1630 2750 1703 pa-

616 1729 763 1787 teat
800 1715 937 1783 iter
980 1709 1071 1781 ad
1111 1723 1386 1782 ceteras
1430 1711 1803 1797 civitates;
1854 1723 2014 1779 tum
2055 1734 2268 1798 vero,
2304 1724 2390 1783 ut
2440 1737 2752 1812 quaeque
2817 1735 2822 1739 ’

626 1822 1006 1896 nobiscum
1059 1825 1369 1891 maxime
1425 1823 1798 1904 societate,
1855 1821 2168 1891 amicitia
2183 1816 2240 1906 3,
2310 1826 2703 1919 sponsione
2727 1879 2747 1910 ,

626 1935 993 2056 pactione,
1052 1929 1325 2002 foedere
1396 1929 1786 2023 conjuncta
1847 1944 2004 2014 est;
2063 1931 2163 2001 ita
2218 1932 2396 2003 mihi
2438 1935 2749 2005 maxime

618 2042 1208 2116 communionem
1250 2034 1815 2125 beneficiorum,
1850 2043 2356 2135 praemiorum,
2408 2046 2745 2131 civitatis„

619 2156 992 2226 continere
1036 2151 1340 2223 videtur.
1384 2148 1609 2245 Atqui
1650 2163 1902 2220 ceteroe
1944 2150 2263 2222 civitates
2293 2174 2544 2224 omnes
2587 2174 2743 2223 non

615 2262 1032 2336 dubitarent
1060 2274 1345 2330 nostros
1364 2261 1685 2357 recipere
1735 2258 1816 2327 in·
1839 2266 2002 2328 suas
2031 2260 2348 2331 civitates
2366 2259 2423 2345 ⁴,
2448 2263 2508 2332 si
2544 2261 2744 2335 idem

615 2396 750 2447 uos
780 2374 960 2470 juris
1005 2370 1481 2457 haberemus,
1517 2367 1993 2467 quod-ceteri.
2036 2367 2177 2441 Sed
2212 2396 2349 2443 nos
2385 2397 2541 2444 non
2583 2397 2750 2472 pos-

611 2509 861 2560 sumus
894 2498 966 2554 et
995 2480 1216 2578 hujus
1256 2503 1412 2552 esse
1461 2477 1829 2566 civitatis⁵‚
1873 2494 1948 2552 et
1989 2480 2306 2575 cujusvis
2329 2485 2749 2580 ·praeterea;

1718 2695 2033 2758 sponsionem
2051 2727 2065 2751 ‚
2103 2692 2411 2757 pactionem,
2458 2706 2511 2744 et
2548 2697 2712 2747 faedus
2728 2736 2747 2761 ,

1720 2784 1795 2821 est
1818 2773 1964 2821 etism
2005 2771 2283 2832 diversitas,
2327 2782 2386 2821 ut
2425 2786 2572 2825 notst
2607 2778 2748 2841 Sigo-

679 2705 797 2750 111.
847 2717 892 2749 1.
935 2697 1039 2745 Sive
1075 2693 1392 2759 postliminio.
1437 2694 1633 2742 Paullus

610 2778 858 2831 Manutius
876 2775 1127 2825 adnotavit
1147 2808 1161 2833 ,
1180 2773 1479 2838 postliminio
1499 2773 1633 2820 smit-

609 2874 709 2910 ποη-
726 2857 971 2908 civitatem
989 2854 1087 2902 dici
1103 2890 1119 2916 ,
1145 2856 1230 2917 qui
1251 2852 1449 2900 civitate
1469 2851 1631 2915 aliqua

607 2942 816 2990 donatus
831 2972 846 2995 ,
872 2934 986 2983 inde
1010 2933 1220 2999 priorem
1242 2929 1296 2979 in
1321 2930 1529 2996 patriam
1555 2945 1632 2977 re·

609 3020 826 3068 vertisset
848 3032 861 3064 t
888 3015 941 3062 in
960 3028 1059 3078 quo
1081 3012 1157 3059 vir
1180 3010 1515 3058 disertissimus
1536 3008 1628 3056 fai-

605 3099 740 3148 iimr.
757 3098 885 3146 Nam
899 3091 1202 3160 postliminio
1216 3104 1363 3137 nemo
1381 3088 1628 3136 civitatem

607 3177 810 3232 amittit,
839 3171 924 3222 sed
947 3171 1140 3238 recipit.
1165 3169 1407 3221 Nimirum
1430 3167 1516 3230 qui
1542 3176 1644 3215 snt.

605 3265 822 3321 tempore
841 3251 961 3301 belli
985 3262 1158 3316 eaptus
1181 3248 1241 3297 ab
1265 3245 1488 3296 hostibus
1512 3245 1628 3293 inde

602 3334 731 3381 redit
760 3332 813 3379 in
841 3331 1044 3396 patriam
1061 3365 1076 3390 ‚
1117 3339 1202 3376 ant
1240 3338 1463 3390 tempore
1492 3325 1628 3390 pacis

602 3411 702 3460 aiio
720 3409 962 3472 migravit,
977 3419 1027 3455 et
1040 3407 1109 3455 ibi
1122 3409 1173 3453 in
1192 3406 1435 3452 civitatem
1454 3404 1628 3452 admis-

601 3501 683 3538 sus
706 3497 779 3535 est
793 3522 808 3541 .
830 3501 982 3549 quum
1004 3483 1133 3532 redit
1160 3484 1210 3529 in
1238 3482 1440 3544 patriam
1460 3491 1625 3546 snam,

598 3564 905 3635 postliminio
930 3563 1172 3614 civitatem
1193 3557 1400 3623 patriam
1422 3574 1624 3626 reeupe-

596 3656 672 3695 rat
688 3681 702 3705 ‚
722 3653 771 3693 et
800 3641 1010 3706 priorem
1024 3674 1039 3699 ,
1064 3638 1117 3686 in
1140 3653 1283 3702 qnam
1312 3637 1468 3686 fuerat
1485 3655 1621 3689 reee-

596 3736 728 3790 plns,
747 3719 949 3778 amittit,
970 3718 1055 3766 sed
1073 3733 1174 3765 non
1193 3715 1511 3783 postiiminio.

666 3820 715 3852 ο.
732 3804 922 3851 Manut.
940 3798 1140 3860 conjicit
1155 3797 1416 3848 auctione.
1431 3802 1464 3848 J
1470 3800 1548 3848 Ν.
1563 3801 1617 3847 L.

664 3881 712 3929 3.
746 3879 1016 3936 Societate,
1047 3878 1287 3941 απιίσίεια,
1320 3876 1578 3942 sponsione
1599 3912 1615 3939 ‚

580 3960 840 4053 pqctione,
824 3959 1058 4022 J,oe.dere
1085 3961 1299 4008 Societas
1323 3968 1395 4006 est
1422 3972 1614 4024 συμμα-

587 4038 707 4104 χία,
754 4049 801 4086 et
849 4035 1194 4101 obligationem
1245 4036 1394 4085 habet
1441 4036 1613 4084 anxilii

1721 2852 1832 2899 nius
1861 2849 1950 2900 lib.
1981 2849 2004 2897 1
2033 2851 2094 2898 de
2121 2851 2272 2915 antiq.
2295 2853 2408 2913 jure
2427 2854 2609 2912 ltaliae,
2634 2872 2748 2922 esp.

1727 2933 1892 2980 x.1.iv.
1910 2929 2001 2980 lib.
2020 2931 2458 2981 IX·-Oerienlani
2476 2936 2748 2999 sponsione

1716 3009 1770 3056 in
1790 3008 2048 3057 amicitiam
2067 3010 2256 3073 accepti
2273 3032 2317 3058 ι.
2339 3012 2511 3061 ructio
2531 3025 2580 3061 et
2598 3031 2747 3078 spon·

1717 3089 1791 3136 sio
1828 3086 1975 3136 fiebat
2012 3102 2101 3151 pet
2133 3089 2440 3149 magi-tutus
2466 3093 2744 3155 quoslibet,

1714 3167 1875 3216 foedus
1894 3181 1983 3231 per
2002 3166 2133 3215 solos
2151 3168 2364 3218 feei-ks.

1771 3250 1841 3303 4
1863 3245 2062 3295 Schiitn.
2075 3243 2245 3307 dedit,
2260 3247 2311 3294 in
2327 3264 2468 3296 snam
2479 3247 2738 3301 centana.

1714 3325 1767 3373 J.
1785 3325 1850 3370 V.
1873 3326 1928 3372 L.

1791 3400 1838 3451 5.
1864 3401 2022 3467 Hujus
2045 3419 2145 3454 esse
2163 3405 2383 3455 civitatis.
2408 3405 2737 3457 Praemium

1713 3480 1877 3529 loenm
1890 3515 1904 3540 ,
1922 3482 2007 3530 ubi
2024 3484 2168 3531 toties
2185 3485 2315 3533 idem
2330 3486 2514 3551 repetit,
2524 3496 2572 3533 et
2586 3485 2735 3535 iuna

1712 3577 1773 3609 ex
1810 3562 2034 3610 oratione
2071 3580 2163 3627 pro
2203 3565 2396 3614 Cecina
2412 3600 2428 3625 ,
2480 3581 2583 3630 esp.
2631 3567 2737 3630 39,

1708 3639 1839 3688 idem
1858 3641 2000 3688 etism
2015 3652 2215 3691 testatur
2227 3646 2377 3693 Corn.
2390 3645 2559 3709 Nepos
2569 3647 2620 3694 in
2633 3649 2741 3697 viu

1707 3717 1860 3767 Attici
1890 3719 1951 3768 de
1978 3721 2385 3784 Atheniensibus,
2415 3742 2463 3774 c.
2487 3723 2549 3775 3:
2578 3729 2737 3790 «Quo

1708 3798 1886 3846 factum
1919 3809 1992 3849 est
2011 3835 2025 3859 ,
2063 3810 2119 3848 ut
2155 3801 2272 3850 huie
2313 3818 2482 3851 omnes
2520 3803 2740 3855 honores

1706 3891 1832 3940 qnos
1860 3889 2088 3941 possent,
2125 3879 2319 3944 publice
2357 3881 2595 3930 habers-t
2620 3886 2738 3944 ,ei-

1701 3971 1908 4019 vemque
1934 3959 2091 4006 faeere
2113 3958 2396 4008 studerent:
2415 3977 2522 4024 quo
2546 3961 2739 4010 benefl-

1700 4034 1778 4082 cio
1807 4036 1888 4083 ille
1912 4038 2209 4085 uti-noluit:
2229 4038 2367 4100 qnod
2397 4041 2632 4088 nonnulli
2661 4043 2731 4091 its

586 4118 808 4180 ferendi,
853 4116 1064 4165 amicitia
1113 4131 1213 4164 non
1256 4115 1610 4163 habet.1nter
1697 4116 2094 4180 interpretantur,
2110 4118 2268 4166 amitti
2291 4119 2537 4169 civitatem
2567 4137 2732 4169 roma·
