2994 4778
658 394 754 478 64

1313 388 1410 455 M.
1466 387 1542 452 T.
1583 379 2125 452 CICERONIS

664 540 813 587 non
848 526 1031 584 esset
1063 507 1404 579 attributa
1434 522 1653 603 atque
1689 502 2094 600 descripta?
2133 498 2330 597 quod
2376 523 2610 597 genus
2656 504 2781 569 im-

672 625 890 725 perii,
934 635 1059 692 aut
1097 644 1257 716 quae
1305 616 1675 714 provincia
1692 626 1750 700 9,
1801 636 1962 709 quoe
1998 610 2179 681 ratio
2222 605 2627 679 auferendae
2669 624 2788 679 aut

671 730 1066 807 conflandae
1079 728 1402 828 pecuniae
1426 750 1575 795 non
1601 720 2306 821 reperiebatur?quae
2321 721 2548 816 regio,
2576 743 2788 789 orave

670 862 1023 916 terrarum
1070 853 1221 910 erat
1261 830 1492 921 latior,
1541 836 1613 904 in
1672 857 1814 929 qua
1862 856 2015 903 non
2061 853 2368 927 regnum
2393 838 2458 873 ¹⁰
2495 827 2793 926 aliquod

674 949 1145 1026 statueretur?
1180 948 1357 1042 quis
1408 958 1645 1015 autem
1692 967 1854 1029 rex,
1896 942 2025 1038 qui
2067 939 2192 1010 illo
2237 964 2429 1010 anno
2472 965 2625 1010 non
2671 953 2796 1008 aut

675 1059 1062 1136 emendum
1087 1053 1262 1143 sibi,
1302 1052 1504 1151 quod
1524 1076 1671 1123 non
1705 1048 2057 1139 habebat,
2096 1064 2219 1120 aut
2253 1046 2792 1135 redimendum,

678 1170 874 1271 quod
926 1164 1276 1251 hahebat,
1326 1161 1849 1234 arbitraretur?
1903 1163 2065 1258 quis
2112 1160 2591 1257 provinciam,
2633 1162 2796 1255 quis

680 1279 1101 1383 pecuniam,
1131 1276 1293 1371 quis
1338 1274 1761 1369 legationem
1806 1269 1897 1342 ab
1934 1278 2257 1341 senatu¹1
2291 1267 2622 1366 petebat?
2661 1271 2796 1337 Da·

680 1386 1041 1464 mnatisde
1060 1384 1639 1471 vi¹²,restitutio;
1677 1380 2087 1452 consulatus
2108 1380 2358 1478 petitio
2378 1379 2514 1476 ipsi
2539 1377 2642 1446 illi
2682 1401 2799 1474 po-

682 1499 910 1600 pulari
940 1493 1287 1567 sacerdoti
1307 1489 1368 1534 ¹³
1403 1488 1975 1588 comparabatur.
1993 1493 2158 1585 Haec
2185 1484 2568 1584 gemebant
2595 1483 2800 1565 boni,

682 1606 1068 1707 sperabant
1099 1599 1452 1700 improbi,
1491 1599 1748 1698 agebat
1785 1597 2120 1670 tribunus
2153 1596 2385 1694 plebis
2406 1649 2426 1682 ,
2469 1594 2802 1666 consules

677 1714 1132 1813 adjuvabant.

775 1828 1029 1898 XXXI.
1074 1824 1243 1908 Hic,
1296 1820 1664 1916 aliquanto
1717 1820 1943 1890 serius
1969 1872 1988 1904 ,
2042 1842 2254 1913 quam
2304 1818 2498 1913 ipse¹
2550 1813 2802 1897 vellet,

687 1941 818 2010 Cn.
858 1934 1281 2031 Pompeius,
1312 1930 1748 2001 invitissimis
1779 1930 1902 2015 iis,
1940 1928 2066 2059 (ιυί
2093 1941 2410 2003 mentem
2442 1926 2699 2023 optimi
2725 1948 2806 1994 ac

688 2045 1049 2119 fortissimi
1088 2044 1221 2113 viri
1258 2045 1404 2112 suis
1449 2039 1761 2111 consiliis
1796 2037 2126 2133 fictisque
2173 2035 2570 2107 terroribus
2604 2060 2646 2106 a
2678 2036 2807 2105 de-

686 2156 1010 2227 fensione
1046 2176 1221 2222 meae
1263 2150 1510 2222 salutis
1546 2161 1947 2221 averterant
1968 2200 1987 2234 ‚
2013 2149 2344 2218 excitavit
2380 2146 2575 2217 illam
2603 2170 2806 2215 suam

684 2290 835 2337 non
869 2265 1170 2361 sopitam
1189 2274 1245 2349 ²,
1282 2260 1407 2331 sed
1443 2262 1853 2358 suspicione
1890 2257 2128 2355 aliqua
2163 2256 2595 2327 retardatam
2638 2280 2810 2326 con·

759 2536 808 2584 9.
824 2521 947 2585 Quae
955 2516 1231 2581 provincia.
1244 2520 1317 2565 Its
1331 2533 1497 2566 omnes
1519 2528 1706 2566 eontra·

686 2599 859 2650 hendae
878 2597 1096 2663 pecuniae
1122 2598 1222 2645 vias
1243 2596 1621 2661 pei-vestigabat,
1650 2606 1706 2642 ut

688 2678 965 2744 provincias
995 2693 1149 2725 novas
1176 2677 1378 2734 faceret,
1412 2691 1587 2738 easque
1618 2676 1707 2721 im-

689 2757 859 2822 probis
882 2756 1160 2804 hominibus
1181 2755 1584 2803 administrandas
1601 2769 1707 2818 pre-

690 2837 762 2883 tio
784 2833 1007 2883 traderet.

766 2927 846 2960 xo.
895 2912 1111 2976 Regnum
1162 2910 1389 2976 aliquod.
1442 2913 1514 2959 Ut
1559 2927 1711 2964 novas

693 2990 994 3056 provincias,
1018 2992 1081 3036 ita
1104 3005 1230 3036 nova
1257 3006 1400 3053 regna
1421 2990 1624 3039 Clodius
1648 2991 1713 3038 ad

691 3069 994 3119 conflandam
1024 3069 1280 3134 pecuniam
1300 3070 1554 3119 statuebat.

769 3167 790 3198 1
806 3167 849 3198 1.
880 3151 929 3196 Α
934 3151 962 3198 b
996 3159 1169 3196 senatu
1201 3150 1414 3213 petebat.
1459 3152 1508 3197 A
1538 3149 1714 3199 Clodio

695 3229 924 3293 petebant
950 3245 1116 3276 omnes
1131 3263 1145 3287 ‚
1170 3244 1299 3289 non,
1327 3239 1382 3277 ut
1408 3245 1515 3277 mos
1538 3241 1666 3288 erat,
1686 3245 1714 3277 a

693 3317 862 3355 senatu
890 3320 903 3352 τ
942 3308 1147 3369 pecunia
1187 3309 1315 3354 enim
1361 3318 1410 3355 et
1455 3308 1718 3370 legationes

697 3384 1114 3432 senatusconsulto
1157 3383 1410 3441 dabantur,
1450 3385 1717 3447 provinciae

694 3478 814 3509 vero
837 3462 1046 3526 primum
1068 3461 1515 3519 senatusconsulto,
1543 3463 1717 3512 deinde

693 3541 800 3604 lege
828 3540 1009 3587 curiata
1036 3552 1051 3587 Ξ
1078 3539 1173 3586 nisi
1204 3541 1244 3586 si
1270 3542 1379 3604 quis
1388 3574 1403 3600 ,
1432 3557 1584 3604 quum
1610 3559 1717 3606 per.

694 3619 806 3665 ferri
839 3618 992 3681 legem
1024 3606 1253 3665 curiatam
1289 3635 1393 3667 non
1425 3619 1621 3678 liceret,
1657 3638 1717 3669 eo

694 3698 933 3761 imperio,
971 3696 1107 3759 quod
1138 3707 1328 3745 senatus
1362 3698 1468 3761 lege
1495 3699 1720 3749 Cornelia

697 3775 843 3823 dabat
857 3810 870 3831 ‚
894 3785 1178 3833 contentus,
1202 3793 1291 3824 suo
1315 3789 1515 3843 sumptu
1533 3779 1585 3827 in
1604 3795 1719 3843 pro·

695 3855 903 3902 vinciam
937 3853 1081 3902 vellet
1118 3855 1188 3902 ire
1222 3871 1236 3904 :
1272 3857 1407 3920 quod
1442 3859 1716 3921 paucissimi

693 3933 928 3980 fecerunt.
1549 3933 1558 3938 ⁴

771 4026 849 4058 12.
875 4011 950 4056 De
968 4008 1037 4059 vi.
1066 4010 1168 4059 mis
1186 4028 1329 4077 poena
1351 4025 1452 4063 erat
1465 4015 1710 4074 exsilium,

687 4105 812 4154 quos
853 4088 1101 4137 restituere
1141 4091 1342 4160 Clodius
1376 4094 1642 4157 cogitabat.
1672 4094 1715 4141 li

1793 2526 1949 2563 sutem
1990 2526 2129 2563 erant
2143 2549 2157 2573 ‚
2206 2531 2331 2578 qnos
2373 2515 2547 2565 Cicero
2593 2517 2813 2580 quinque

1792 2595 2012 2646 nominat
2043 2609 2137 2658 pro
2176 2592 2337 2652 Sulla.
2374 2610 2402 2640 a
2423 2629 2438 2651 ‚
2475 2594 2655 2658 aliique
2682 2598 2818 2657 ejus·

1796 2674 1905 2721 dem
1931 2673 2110 2720 sarinae.
2140 2673 2466 2737 Excipiendus
2487 2674 2686 2722 videtur
2712 2678 2818 2722 An·

1795 2753 1990 2809 tonius,
2014 2752 2101 2815 qui
2123 2751 2245 2798 male
2268 2751 2329 2799 de
2348 2751 2524 2800 Clodio
2545 2766 2813 2810 meruerat,

1794 2848 1944 2896 quum
1980 2830 2207 2878 advenas
2237 2830 2494 2878 Catilinam
2527 2844 2820 2897 pugn-esen

1799 2912 1860 2960 de
1878 2926 1981 2975 quo
2001 2909 2113 2957 vide
2131 2912 2398 2958 Excnmum
2419 2909 2481 2958 sd
2500 2911 2657 2959 Flacc.
2678 2914 2766 2960 38.

1877 2991 1954 3037 13.
1981 2988 2215 3052 Populati
2236 2988 2494 3038 sacerdoti.
2522 2991 2576 3039 P.
2606 2990 2819 3051 Clodio,

1801 3069 1887 3134 qui
1898 3104 1912 3126 ,
1925 3079 1982 3116 ut
2001 3068 2285 3115 Plutarchus
2302 3078 2350 3115 et
2367 3068 2448 3115 alii
2468 3068 2794 3132 prodiderunt
2808 3106 2823 3126 ‚

1796 3147 2016 3197 libidinis
2026 3162 2163 3194 causa
2174 3146 2235 3195 sd
2248 3162 2353 3194 sras
2367 3148 2518 3195 Bonae
2530 3149 2663 3208 Dee,
2679 3152 2823 3213 qussi

1801 3226 2022 3276 sacerdos
2041 3236 2164 3273 esset
2177 3259 2191 3284 ‚
2215 3226 2499 3289 penetravit.

1867 3308 2064 3355 xxxl.
2085 3321 2128 3354 1.
2154 3305 2340 3367 Serius,
2361 3322 2511 3370 quam
2532 3306 2634 3370 ipse
2649 3309 2827 3357 vellet.

1802 3387 2010 3433 Excusat
2031 3384 2308 3447 Pompeium
2326 3418 2342 3441 ‚
2367 3385 2502 3448 quod
2520 3402 2547 3433 s
2574 3387 2829 3451 principio

1802 3463 1995 3512 nefariis
2009 3437 2172 3513 Clodii
2192 3462 2408 3510 consiliis
2424 3474 2474 3511 et
2487 3467 2610 3513 acu„
2628 3465 2830 3514 obviam

1804 3557 1905 3589 non
1940 3541 2045 3589 ierit
2074 3558 2087 3591 :
2124 3542 2358 3590 voluisset
2400 3544 2526 3590 enim
2558 3545 2833 3605 obsistere;

1804 3620 1914 3679 sed,
1958 3632 2014 3669 ut
2048 3621 2225 3672 Caesari
2265 3622 2557 3670 satisfaceret
2571 3656 2585 3680 ‚
2618 3639 2834 3672 suorum

1805 3710 2025 3748 actorum
2052 3699 2418 3747 dissolutionem
2447 3700 2679 3748 metuenti
2695 3737 2712 3760 ‚
2736 3703 2836 3751 ho·

1805 3779 1984 3826 minem
2010 3778 2245 3826 nefarium
2263 3777 2421 3825 furere
2441 3780 2493 3826 in
2513 3780 2804 3829 Ciceronem
2820 3816 2836 3836 ,

1805 3867 1949 3920 atque
1984 3859 2036 3905 in
2076 3858 2229 3922 ipsam
2267 3857 2615 3922 rempublicam
2659 3876 2837 3924 pessus

1804 3946 1890 3985 est.

1874 4030 1922 4061 ο.
1941 4017 2055 4063 Non
2067 4015 2290 4080 sopitam.
2309 4018 2426 4066 Non
2438 4032 2598 4080 nsque
2615 4033 2678 4065 eo
2697 4034 2839 4066 suam

1803 4093 2098 4156 diligentiam
2135 4105 2182 4141 et
2219 4094 2518 4156 vigilantiam
2556 4096 2608 4143 in
2651 4099 2841 4146 tuenda
