2994 4778
580 401 717 488 524
977 406 980 409 ’
1214 408 1309 474 Μ.
1362 407 1440 473 Τ.
1494 408 2054 476 CICERONIS

581 526 1000 595 memoriam
1029 524 1395 623 publicam
1429 506 1902 613 recensionis,
1938 523 2193 596 tabulis
2218 521 2530 621 publicis
2564 523 2707 593 irn-

578 656 932 732 pressam,
978 636 1496 734 exstiugueret;
1535 662 1703 708 eum
1755 638 2110 733 denique,
2148 634 2263 705 cui
2304 633 2457 728 jam
2502 634 2710 703 nulla

578 743 691 813 lex
707 758 891 830 erat,
920 744 1196 817 nullum
1221 746 1427 817 civile
1447 746 1593 840 jus,
1616 746 1800 818 nulli
1827 746 2351 844 possessionum
2375 743 2707 829 termini;

578 856 706 950 qui
740 879 902 925 nou·
940 856 1297 927 calumnia
1344 857 1577 927 litium
1601 850 1698 945 ¹3,
1739 882 1890 929 non
1930 853 2214 949 injustis
2255 851 2588 923 vindiciis
2620 876 2709 922 ac

578 966 1038 1036 sacramentis
1098 964 1372 1039 alienos
1437 965 1740 1054 fundos,
1800 965 1927 1038 sed
2001 965 2285 1052 castris,
2347 964 2707 1048 exercitu,

578 1076 800 1171 signis
842 1074 1231 1148 inserendis
1276 1075 1606 1173 petebat3
1643 1078 1771 1173 qui
1814 1100 1961 1146 non
2013 1072 2245 1145 solum
2281 1076 2614 1142 Etruscos
2642 1070 2706 1125 ¹⁴

578 1187 734 1280 (eos
760 1190 953 1256 enim
981 1188 1269 1283 penitus
1294 1187 1892 1284 contempserat),
1921 1183 2046 1256 sed
2066 1183 2261 1254 bunc
2275 1185 2364 1273 Q.
2387 1182 2707 1264 Varium,

582 1294 817 1363 virum
866 1292 1336 1366 fortissimum
1391 1310 1611 1392 atque
1661 1299 2021 1392 optimum
2080 1296 2345 1379 civem,
2387 1289 2700 1387 judicem

583 1417 908 1473 nostrum
928 1458 946 1490 ,
981 1404 1246 1503 pellere
1286 1404 1887 1503 possessionibus,
1916 1403 2130 1474 armis
2162 1403 2555 1497 castrisque
2580 1424 2703 1470 co·

586 1525 794 1583 natus
830 1529 971 1601 est;
1010 1516 1134 1611 qui
1167 1540 1329 1585 cum
1375 1514 1777 1586 architectis
1815 1528 1887 1586 et
1926 1501 2464 1609 decempedis¹⁵
2507 1509 2705 1580 villas

582 1622 977 1694 multorum
1007 1625 1400 1721 hortosque
1441 1625 1899 1724 peragrabam
1930 1625 2054 1722 qui
2084 1621 2409 1693 Janiculo
2434 1635 2506 1693 et
2527 1620 2706 1716 Alpi-

585 1730 722 1802 bus
745 1757 945 1831 spem
970 1736 1501 1831 possessionum
1523 1733 1951 1807 terminabat
1974 1755 2296 1817 suarum;
2326 1732 2456 1827 qui
2477 1753 2703 1827 quum

587 1841 678 1913 ab
705 1846 948 1940 equite
980 1868 1281 1916 romano
1317 1843 1698 1942 splendido
1731 1857 1802 1914 et
1837 1841 2036 1924 forti,
2070 1846 2149 1912 T.
2179 1841 2478 1911 Pacavio
2501 1893 2520 1926 ,
2559 1862 2703 1907 non

589 1952 1065 2050 impetrasset,
1126 1970 1208 2025 ut
1261 1955 1568 2033 insulam
1626 1956 1698 2023 in
1754 1953 1914 2022 lacu
1964 1946 2280 2022 Prelio¹⁶
2330 1946 2705 2031 venderet,

555 2078 889 2158 -repeute
930 2064 1268 2135 lintribus
1304 2068 1375 2134 in
1410 2089 1567 2135 eam
1611 2063 1918 2134 insulam
1962 2062 2370 2143 materiam,
2411 2058 2707 2145 calcem,

591 2188 967 2260 caementa,
1029 2189 1246 2271 atque
1310 2198 1505 2244 arma
1569 2174 1903 2243 convexit
1930 2226 1948 2258 ,
2017 2170 2464 2266 dominoque
2522 2183 2713 2238 trans

591 2280 821 2376 ripam
856 2283 1337 2381 inspectante,
1371 2309 1523 2355 non
1558 2282 1912 2354 dubitavit
1941 2278 2319 2351 aedificium
2349 2292 2712 2348 exstruere

592 2391 667 2460 in
701 2388 972 2478 alieno;
1011 2395 1138 2492 qui
1173 2394 1343 2467 huic
1378 2399 1454 2465 T.
1502 2393 1876 2479 Furfanio,
1912 2393 2029 2465 cui
2060 2391 2262 2461 viro?
2298 2387 2395 2459 dii
2428 2391 2712 2459 immor-

593 2499 799 2572 tales!
846 2502 1067 2600 (quid
1103 2506 1293 2600 enim
1325 2528 1458 2600 ego
1488 2503 1578 2575 de
1608 2501 2028 2575 muliercula
2061 2498 2384 2572 Scantia?
2421 2499 2605 2595 quid
2629 2497 2715 2567 de

588 2608 1040 2684 adolescente
1080 2615 1366 2712 Aponio
1403 2612 1680 2686 dicam?
1725 2636 2039 2710 quorum
2078 2610 2365 2705 utrique
2396 2622 2700 2678 mortem

590 2735 697 2790 est
720 2725 1118 2812 minitatus,
1149 2726 1280 2795 nisi
1310 2721 1444 2795 sibi
1470 2721 1850 2794 hortorum
1882 2721 2325 2819 possessione
2350 2717 2697 2808 cessisset)

591 2831 716 2902 sed
745 2857 960 2904 ausus
984 2847 1088 2905 est
1125 2831 1464 2904 Furfanio
1491 2833 1733 2904 dicere
1753 2889 1772 2922 ,
1803 2835 1865 2903 si
1886 2831 2022 2903 sibi
2049 2831 2457 2927 pecuniam,
2486 2845 2696 2924 quan·

594 2955 739 3012 tam
780 2958 1243 3041 poposcerat,
1279 2966 1425 3015 non
1465 2943 1811 3029 dedisset,
1846 2939 2295 3013 mortuum„
2342 2962 2418 3009 se
2466 2939 2540 3007 in
2578 2936 2702 3005 do·

593 3074 790 3122 mum
833 3053 987 3150 ejus
1030 3053 1435 3142 illaturum,
1471 3078 1615 3151 qua
1659 3051 1923 3124 invidia
1966 3050 2136 3120 huic
2176 3062 2360 3120 esset
2396 3046 2524 3117 tali
2560 3047 2702 3114 viro

593 3162 1225 3259 conflagrandum3
1301 3164 1428 3262 qui
1496 3164 1810 3261 Appium
1868 3156 2264 3244 fratrem¹⁸,
2336 3157 2699 3228 hominem

511 3369 516 3374 .
595 3269 766 3339 mihi
805 3274 1274 3370 conjunctum
1318 3272 1659 3344 fidissima
1700 3272 1958 3367 gratia,
2001 3267 2371 3339 absentem
2410 3265 2506 3336 de
2546 3288 2696 3362 pos-

591 3381 902 3452 sessione
951 3382 1159 3455 fundi
1199 3384 1460 3478 dejecit
1475 3393 1506 3468 ς·
1532 3383 1658 3479 qui
1697 3383 2038 3478 parietem
2090 3381 2191 3449 sic
2229 3402 2358 3474 per
2396 3375 2698 3446 vestibu-

667 3579 748 3626 13.
781 3575 1036 3624 Calmnia
1061 3577 1230 3624 litim.
1258 3577 1508 3625 calumnia
1533 3584 1606 3623 est
1693 3578 1791 3639 Qui
1825 3579 2029 3625 Romam
2068 3574 2197 3622 iuter
2232 3583 2282 3621 et
2314 3572 2593 3620 Viterbiuua
2624 3581 2704 3617 est.

592 3657 827 3706 callidaet
851 3654 1088 3704 malitiosa
1109 3653 1231 3715 iuris
1252 3653 1604 3718 interpretatio.
1770 3672 1848 3715 17·
1879 3656 2143 3703 Hennam.
2183 3650 2409 3701 Hominis
2445 3651 2599 3697 oeci-i
2635 3664 2710 3695 ea·

669 3743 748 3791 14.
782 3737 1020 3783 Benacus.
1054 3736 1235 3782 Eorum
1263 3733 1424 3798 sylvas
1449 3750 1609 3799 popu-
1696 3734 1859 3793 (laver,
1879 3743 1933 3780 ut
1957 3733 2007 3779 iu
2027 3731 2265 3793 judicium
2291 3729 2548 3777 Futfeuius
2574 3743 2708 3774 voce·

590 3814 719 3862 lam·
738 3814 893 3862 fuerat
914 3812 1149 3874 Clodius,
1170 3813 1446 3878 bellumque
1477 3829 1608 3878 quo-
1698 3825 1830 3861 retur
1848 3848 1864 3872 ,
1904 3823 1951 3860 et
1994 3810 2087 3859 hac
2146 3807 2328 3857 ‘nvidis
2372 3824 2474 3855 uon
2523 3806 2709 3854 admisti

594 3892 853 3940 dummodo
876 3892 1134 3941 indixerat.
1700 3893 1913 3940 criminin
1933 3890 2264 3954 conflagraret.

667 3971 748 4017 15.
797 3971 1126 4034 Decea-pedis.
1174 3974 1420 4021 Mensura*
1441 3971 1609 4020 decem
1774 3972 1853 4020 18.
1885 3968 2329 4033 Appo‘umframm.
2359 3964 2575 4030 Appiu-
2599 3963 2708 4011 Clo·

597 4049 803 4112 pedibus
820 4059 1062 4098 comum.
1698 4049 1847 4108 dium,
1865 4049 1948 4111 qui
1970 4049 2134 4124 paullo
2156 4059 2265 4112 post
2292 4062 2462 4094 censor
2488 4045 2578 4092 suit
2604 4056 2709 4089 cun

675 4132 749 4177 16.
777 4129 930 4178 Insetl.
957 4127 1006 4177 ἰη
1043 4129 1151 4179 lacu
1184 4130 1338 4178 Prelio
1364 4129 1609 4180 vendem-
1701 4133 1754 4177 L.
1782 4127 1977 4178 Pisone.
