2994 4778
471 414 758 481 ORAT.
812 414 935 481 DE
983 412 1278 481 PROV.
1332 412 2150 485 CONSULARIBUS.

2255 417 2394 514 269

274 558 435 605 rum
482 535 747 603 civium
800 532 1032 605 facere
1081 535 1396 631 possim?
1436 539 1548 606 An
1594 547 1789 605 non⁷
1827 535 1981 606 Tib.
2020 539 2390 611 Gracchus

279 644 596 740 (patrem
648 643 846 729 dico,
899 644 1105 738 cujus
1149 644 1426 714 utinam
1472 638 1648 713 filii⁸
1700 669 1793 716 ne
1843 646 2392 742 degenerassent

277 778 316 823 a
357 756 701 850 gravitate
759 753 1191 853 paternasl)
1247 769 1518 825 tantam
1564 754 1848 826 laudem
1895 771 2001 826 est
2049 756 2390 856 adeptus,

178 852 184 857 ’
272 862 463 960 quod
496 863 837 936 tribunus
866 863 1095 962 plebis
1124 865 1318 936 solus
1344 891 1432 936 ex
1461 880 1618 937 toto
1644 866 1767 936 illo
1798 866 2099 963 collegio
2137 874 2218 938 L.
2252 874 2391 941 Sci·

269 975 464 1068 pioni
489 982 558 1018 ¹⁰
607 975 873 1046 auxilio
899 975 1033 1046 fuit
1053 1030 1072 1062 ‚
1100 977 1628 1048 inimicissimus
1657 991 1730 1048 et
1765 978 1990 1075 ipsius
2010 1033 2029 1066 ‚
2058 994 2127 1050 et
2156 979 2392 1052 fratris

265 1084 453 1178 ejus,
504 1083 867 1172 Africani,
898 1086 1311 1182 juravitque
1343 1089 1417 1155 in
1452 1088 1837 1171 concione,
1875 1112 1949 1158 se
1978 1092 2053 1157 in
2091 1091 2387 1185 gratiam

263 1221 408 1266 non
451 1196 756 1268 rediisse
779 1205 881 1285 ¹¹3
940 1197 1065 1269 sed
1110 1198 1420 1269 alienum
1460 1197 1594 1269 sibi
1626 1197 1849 1269 videri
1881 1197 2224 1296 dignitate
2263 1202 2392 1270 im-

264 1307 487 1401 perii,
532 1332 683 1404 quo
730 1308 947 1379 duces
994 1323 1235 1379 essent
1282 1307 1706 1395 hostiumn,
1750 1309 2085 1405 Scipione
2146 1314 2393 1380 trium·

261 1416 575 1513 phante‚
613 1417 843 1506 ducti,
875 1417 1137 1490 eodem⁴
1161 1420 1397 1515 ipsum
1433 1416 1637 1504 duci,
1687 1420 1815 1515 qui
1844 1420 2394 1517 triumphasset?

262 1529 434 1617 Quis
491 1529 777 1627 plenior
818 1531 1275 1601 inimicorum
1334 1529 1469 1600 fuit
1518 1535 1598 1601 C.
1658 1528 2014 1602 Max-10¹³?
2055 1536 2128 1603 L.
2185 1539 2391 1606 Cras-

269 1680 370 1731 liari
396 1684 573 1739 mlle.
609 1700 754 1747 quam
790 1682 852 1731 ab
881 1684 1020 1732 hoste
1056 1686 1283 1733 venire».

268 1763 487 1812 Tiberius
519 1765 837 1828 Sempronius
865 1763 1113 1814 Gracchus
1141 1780 1285 1829 gener

266 1846 482 1894 Africani
514 1834 751 1905 secundi,
781 1857 833 1894 et
875 1845 935 1894 de
968 1864 1069 1912 qno
1095 1845 1284 1894 Tullius

266 1926 448 1990 egregie
488 1926 718 1989 loquitur
750 1927 810 1975 de
842 1929 953 1976 Inv.
989 1929 1044 1985 Ι,
1081 1929 1181 1988 3ος
1223 1929 1284 1977 de

266 2010 395 2058 om.
418 2012 447 2057 1
467 2043 484 2068 ‚
506 2026 572 2074 9;
598 2011 739 2057 Brut.
768 2024 848 2056 so.

331 2106 380 2148 7.
433 2089 601 2136 Graev.
647 2088 846 2136 Lallem.
892 2086 1110 2135 delevere
1150 2103 1247 2135 non
1265 2123 1283 2147 ‚

268 2169 393 2233 quod
418 2170 471 2217 in
500 2167 645 2216 nullo
669 2168 854 2230 scripto
887 2177 970 2214 aut
994 2166 1127 2214 edito
1155 2167 1283 2216 libro

271 2261 370 2297 aute
388 2250 682 2298 Lambinum
700 2249 807 2298 fuit.
829 2252 863 2298 J
866 2286 878 2298 .
902 2251 965 2296 V.
989 2252 1047 2297 1..

338 2330 385 2377 8.
434 2329 639 2376 Utinam
661 2328 771 2396 filii
804 2345 867 2377 ne
899 2330 1282 2395 degenerassent.

272 2409 476 2458 Tiberius
494 2421 547 2459 et
569 2410 718 2461 Caius
732 2448 747 2471 ,
770 2409 877 2474 qui,
895 2426 1049 2473 quum
1068 2426 1093 2456 a
1114 2420 1284 2458 senatu

273 2492 579 2553 defecissent,
635 2494 747 2541 facti
785 2494 1043 2558 populares
1085 2494 1282 2559 agrariis

268 2584 314 2622 et
327 2573 597 2638 judiciariis
617 2574 806 2636 legibus
825 2575 1000 2622 multas
1022 2573 1283 2622 seditiones

267 2652 316 2700 iu
337 2654 587 2718 republica
619 2654 956 2711 concitarunt,
998 2663 1282 2717 praematura

267 2744 416 2781 mor-te
456 2741 631 2796 poehas
670 2732 875 2796 inquieti
929 2742 977 2781 et
1040 2732 1284 2781 ambitiosi

265 2810 439 2874 ingenii
470 2811 727 2859 dederunt.

330 2907 381 2953 9.
408 2889 582 2938 Lamb.
608 2889 792 2953 patrt’a.
816 2893 866 2939 J.
889 2894 952 2938 V.
973 2894 1031 2939 L.

338 2986 423 3017 ro.
466 2972 525 3017 L.
563 2968 790 3032 Scipioni.
815 2972 877 3018 D.
908 2972 1111 3018 Brutum
1145 2979 1192 3016 et
1224 2969 1278 3017 L.

264 3049 545 3112 Scipionem
560 3051 783 3100 eonsules
801 3051 1039 3099 Curiatius
1055 3051 1299 3098 tribunusx

260 3127 456 3191 plebis,
486 3130 616 3193 qnod
642 3146 744 3178 nou
770 3131 1047 3193 impetraret
1061 3168 1076 3190 ‚
1104 3142 1160 3177 ut
1186 3128 1281 3176 sibi

262 3205 418 3255 denos
462 3224 584 3272 quos
619 3209 763 3257 vellet
815 3209 989 3257 milites
1025 3209 1280 3263 eximeret,

261 3286 310 3332 iu
336 3303 578 3335 carcerem
615 3288 745 3337 mitti
780 3288 938 3348 jussit.
969 3288 1043 3335 De
1073 3286 1281 3350 Legibus

260 3363 345 3413 lib.
368 3368 475 3422 ΠΙ,
505 3384 614 3433 cap.
633 3384 681 3431 9.

333 3463 355 3493 ι
369 3462 391 3494 1
406 3482 420 3495 .
446 3449 512 3506 ‚Se
528 3447 576 3494 in
590 3446 804 3511 gratiam
824 3462 920 3493 non
939 3445 1149 3494 rediisse.
1177 3445 1282 3493 Eo·

264 3523 367 3573 dem
397 3537 562 3574 tamen
597 3526 677 3575 die
701 3526 752 3573 in
780 3526 978 3588 gratiam
1006 3524 1275 3582 redierunt,

264 3604 506 3669 traditque
520 3606 685 3653 Livius
699 3605 735 3654 l.
751 3605 1031 3653 xxxvm
1044 3615 1277 3652 exeunte:

263 3684 535 3732 «Senatum
574 3700 636 3731 eo
674 3684 797 3734 sorte
831 3683 909 3731 die
947 3683 999 3730 in
1035 3682 1281 3746 Capitolio

264 3773 532 3810 eoenautem
564 3762 922 3810 consurrexisse
941 3795 957 3817 ‚
993 3771 1040 3808 et
1075 3763 1251 3825 petisse
1265 3794 1279 3815 ,

192 3855 197 3859 ·
266 3849 315 3885 ut
335 3840 466 3889 inter
491 3841 657 3905 epulas
681 3841 903 3888 Graccho
925 3838 1072 3888 filiam
1095 3840 1283 3887 Africa-

265 3932 353 3965 nus
409 3918 752 3984 desponderet.
802 3918 994 3982 Quibus
1044 3918 1111 3967 ita
1157 3919 1283 3966 inter

264 3996 516 4058 publicum
567 3997 781 4045 solemne
835 3997 1140 4062 sponsalibus
1192 3997 1284 4044 rite

269 4072 434 4130 iactis,
472 4093 627 4140 quum
670 4093 721 4124 se
758 4075 958 4124 domum
993 4077 1249 4139 recepisset
1267 4107 1284 4132 ‚

269 4149 544 4215 Scipionem
602 4152 805 4201 AEmiliae
861 4153 1007 4202 uxori
1068 4151 1249 4201 dixisse
1268 4184 1284 4211 ,

1371 1682 1521 1731 filiam
1540 1700 1590 1731 se
1606 1686 1842 1732 minorem
1867 1684 2199 1749 despondisse.
2226 1690 2391 1750 Quum

1372 1766 1450 1814 illa
1474 1766 1773 1815 muliebriter
1796 1765 2161 1830 indignabunda
2181 1769 2304 1817 nibil
2330 1770 2392 1818 de

1371 1848 1617 1895 communi
1635 1845 1735 1895 filia
1752 1862 1915 1894 seeum
1933 1848 2284 1905 consultatum,
2308 1848 2395 1897 ad-

1365 1927 1559 1987 jecisset
1582 1961 1597 1985 ,
1646 1943 1747 1975 nou
1769 1961 1784 1983 ‚
1824 1927 1864 1974 si
1913 1927 2111 1976 Tiberio
2164 1928 2390 1977 Graccho

1370 2005 1533 2062 daret,
1555 2016 1802 2070 expertem
1833 2006 2024 2054 consilii
2047 2006 2267 2055 debuisse
2285 2025 2391 2057 ma-

1370 2095 1491 2133 trem
1546 2102 1683 2145 esse;
1724 2096 1916 2149 patrum
1968 2088 2247 2151 Scipionem
2292 2097 2388 2134 tam

1369 2167 1609 2216 concordi
1644 2167 1833 2229 iudicio
1872 2166 1966 2231 ipsi
2001 2166 2286 2231 desponsam
2315 2184 2390 2216 re-

1369 2256 1625 2321 spondisse
1647 2279 1691 2305 ι.

1447 2351 1528 2384 12.
1559 2339 1665 2401 Quo
1691 2337 1834 2384 duces
1861 2348 2023 2385 essene
2046 2336 2270 2384 hostium.
2303 2337 2392 2386 Ci-

1370 2418 1500 2464 cero'
1534 2417 1722 2465 Verrin.
1767 2420 1864 2465 VII
1892 2433 1905 2466 ε
1953 2441 1979 2461 α
1999 2420 2067 2466 At
2113 2417 2255 2466 etiam
2301 2418 2388 2479 qui

1369 2495 1702 2559 triumphant,
1747 2512 1903 2560 eoque
1945 2497 2127 2546 diutius
2170 2496 2388 2544 bostium

1369 2574 1517 2623 duces
1545 2586 1766 2634 servant,
1793 2587 1850 2623 ut
1872 2575 1950 2623 his
1973 2593 2061 2640 per
2088 2574 2388 2638 triumphum

1370 2653 1530 2702 ductis
1552 2654 1928 2719 pulcherrimum
1951 2655 2275 2719 spectaculum
2293 2655 2392 2701 fru-

1370 2743 1597 2797 ctumque
1647 2734 1866 2783 victoriae
1904 2734 2117 2798 populus
2162 2749 2391 2781 romanus

1367 2814 1618 2877 percipere
1640 2814 1825 2877 possit;
1847 2825 2005 2862 tamen
2025 2829 2174 2877 quum
2198 2812 2258 2860 de
2277 2813 2389 2861 foro

1366 2892 1418 2939 in
1464 2895 1761 2957 Capitolium
1806 2911 1999 2943 currum
2043 2893 2235 2942 flectere
2271 2894 2393 2940 inci-

1366 2971 1511 3034 piunt
1523 3008 1537 3030 ,
1551 2973 1665 3021 illos
1687 2973 1866 3021 ducere
1878 2975 1928 3021 in
1948 2989 2185 3021 carcerem
2200 2971 2396 3033 jubent,

1365 3047 1595 3113 idemque
1631 3051 1732 3099 dies
1775 3063 1824 3099 et
1868 3052 2138 3100 victoribus
2178 3051 2395 3115 imperii,

1368 3139 1417 3176 et
1433 3129 1576 3175 victis
1594 3129 1707 3176 vitae
1724 3128 1870 3176 finem
1896 3130 2011 3177 facit
2030 3152 2074 3178 ιο.

1445 3203 1529 3254 13.
1568 3206 1619 3255 C.
1649 3207 1828 3254 Mario.
1866 3209 1924 3256 C.
1957 3208 2144 3256 Marius
2177 3207 2389 3257 obscuro

1367 3283 1508 3338 loco,
1548 3300 1609 3331 ex
1643 3285 1880 3347 Arpinate
1914 3285 2181 3347 municipio
2215 3297 2384 3343 natus,

1368 3362 1608 3426 Quintum
1633 3363 1889 3412 Metellum
1910 3364 2226 3413 Numidicum
2248 3382 2394 3414 aceu-

1367 3443 1490 3490 savit
1521 3442 1613 3505 (ut
1637 3442 1814 3492 dicitur
1840 3442 2067 3507 Officiis)
2096 3445 2233 3506 cujus
2258 3446 2388 3510 lega·

1367 3532 1446 3570 tus
1472 3533 1605 3580 erat,
1636 3538 1875 3571 summum
1913 3524 2070 3572 virum
2114 3535 2161 3572 et
2201 3526 2388 3584 civem;

1368 3618 1519 3666 quum
1549 3599 1610 3649 ab
1648 3617 1707 3650 eo
1737 3602 2028 3667 imperatore
2054 3619 2145 3651 suo
2184 3603 2390 3652 Romam

1367 3681 1541 3728 missus
1561 3690 1685 3728 esset
1697 3717 1712 3742 ‚
1728 3681 1861 3744 apud
1878 3681 2115 3746 populum
2138 3698 2389 3730 romanum

1370 3761 1651 3808 criminatus
1699 3770 1772 3807 est
1825 3759 2006 3808 bellum
2052 3758 2177 3807 illud
2220 3771 2390 3808 contra

1369 3839 1661 3901 Jugunham
1686 3839 1889 3899 ducere;
1907 3838 1993 3887 sed
2009 3837 2051 3885 si
2070 3855 2118 3885 se
2142 3838 2391 3886 consulem

1372 3917 1633 3976 fecissent,
1673 3916 1811 3964 brevi
1849 3927 2065 3983 tempore
2107 3926 2190 3963 aut
2225 3918 2391 3964 vivum

1371 4005 1456 4043 aut
1491 4005 1735 4042 mortuum
1770 3994 2061 4059 ,Iugurtham
2098 3995 2226 4061 sein
2255 4004 2397 4058 pote-

1372 4083 1542 4121 statem
1595 4071 1770 4138 populi
1839 4073 2163 4121 redacturum.
2226 4074 2396 4133 Itaque

1372 4150 1529 4199 sactus
1559 4162 1634 4199 est
1666 4151 1750 4200 ille
1778 4152 1978 4216 quidem
2008 4149 2180 4199 consul
2197 4183 2213 4207 ,
2245 4146 2330 4197 sed
2365 4166 2394 4196 a
