2994 4778
658 411 1051 481 ORATIO
1100 411 1310 479 PRO
1364 410 1441 477 P.
1493 409 1920 481 sExT10.'
2270 413 2352 484 ³3

227 529 420 606 mum
467 557 616 604 vox
670 532 827 602 haec
887 531 1191 619 serviat,
1248 552 1563 628 quorum
1617 553 1835 627 opera
1885 546 1958 604 et
2010 533 2231 620 mihi,
2282 551 2356 607 et

230 643 467 731 vobis»,
511 657 588 713 et
633 641 914 739 populo
958 660 1261 712 romano
1294 640 1625 711 restituta
1660 653 1793 710 est.

313 758 406 824 11.
453 756 583 839 Et,
624 774 1065 849 quamquam
1104 774 1144 821 a
1180 752 1270 842 Q.
1307 750 1733 833 Hortensio,
1779 750 2165 850 elatissimo
2200 755 2358 825 viro

224 877 441 960 atque
492 862 1124 959 eloquentissimo,
1172 881 1383 930 causa
1430 874 1541 931 est
1589 862 1666 929 P.
1703 860 1927 930 Sextii
1963 873 2359 957 perorata¹‚

224 973 558 1070 nihilque
602 971 694 1044 ab
740 996 829 1042 eo
872 971 1430 1069 praetermissum
1468 985 1577 1042 est
1599 1021 1620 1058 ‚
1659 970 1861 1067 quod
1908 985 2034 1042 aut
2075 995 2208 1068 pro
2243 996 2358 1043 re·-
2425 1028 2434 1038 .

223 1082 525 1180 publica
582 1080 1179 1179 conquerendum
1234 1078 1408 1167 suit,
1454 1093 1582 1150 aut
1636 1103 1775 1178 pro
1821 1105 1950 1153 reo
1992 1080 2361 1180 disputan-

225 1191 451 1279 dum3
508 1206 754 1262 tamen
808 1190 1178 1288 aggrediar
1229 1188 1317 1261 ad
1370 1189 1800 1278 dicendum,
1853 1214 1948 1261 ne
1992 1214 2154 1263 mea
2201 1214 2364 1290 pro·

228 1303 582 1400 pugnatio
615 1302 684 1372 ei
720 1302 1170 1400 potissimum
1219 1297 1532 1372 defuisse
1577 1298 1928 1388 videatur,
1968 1322 2101 1399 per
2139 1325 2362 1398 quem

228 1426 330 1482 est
368 1409 824 1509 perfectum,
865 1431 961 1480 ne
1003 1410 1260 1480 ceteris
1299 1408 1576 1481 civibus
1614 1408 1907 1481 deesset.
1954 1414 2192 1509 Atque
2222 1432 2361 1509 ego

230 1523 325 1591 sic
376 1535 664 1602 statu0,
709 1519 1022 1614 judices»,
1065 1542 1106 1589 a
1148 1543 1267 1590 me
1322 1524 1401 1590 in
1458 1519 1594 1591 hac
1650 1543 1895 1605 causa,
1952 1535 2173 1618 atque
2220 1520 2363 1593 hoc

233 1646 560 1702 extremo
598 1627 885 1700 dicendi
921 1630 1081 1700 loco
1101 1637 1156 1716 ²,
1208 1630 1492 1727 pietatis
1528 1629 1807 1727 potius,
1848 1650 2067 1726 quam
2111 1630 2363 1703 defen·-

230 1743 490 1826 sionis;
549 1738 907 1837 querelae,
956 1762 1174 1835 quam
1229 1739 1710 1835 eloquentiae3
1769 1738 2081 1828 doloris»,
2142 1764 2362 1840 quam

231 1852 499 1949 ingenii
550 1865 791 1949 partes
848 1873 1000 1921 esse
1049 1864 1436 1946 susceptas.
1493 1852 1786 1945 Itaque,
1841 1851 1903 1921 si
1954 1864 2079 1921 aut
2131 1852 2365 1924 acrius

235 1984 496 2058 egem,
560 1973 685 2030 aut
750 1957 1087 2046 liberius,
1136 1976 1356 2056 quam
1410 1960 1542 2055 qui
1589 1974 1757 2032 ante
1808 1983 1924 2030 me
1973 1958 2362 2052 dixerunt,

237 2084 403 2168 peto
454 2092 500 2138 a
549 2067 799 2154 vobis,
854 2083 936 2138 ut
983 2083 1264 2138 tantum
1316 2069 1625 2138 orationi
1682 2093 1858 2140 meae
1916 2069 2366 2160 concedatis,

239 2194 590 2275 quantum
629 2193 700 2249 et
737 2178 861 2276 pio
900 2176 1171 2266 dolori,
1211 2192 1283 2252 et
1314 2180 1523 2274 justae.
1558 2180 1945 2252 iracundioe
1977 2181 2369 2255 conceden-

242 2289 407 2359 dum
460 2289 757 2387 putetis.
816 2290 1075 2384 Neque
1130 2289 1321 2359 enirn
1370 2288 1614 2360 officio
1662 2288 2119 2383 conjunctior
2159 2288 2369 2363 dolor

243 2400 448 2469 ullius
483 2423 640 2469 esse
673 2413 949 2497 potest,
991 2422 1207 2496 quam
1253 2398 1372 2470 hic
1415 2423 1660 2487 meus,
1705 2414 2080 2499 susceptus
2115 2426 2202 2471 ex
2240 2399 2372 2470 ho-

245 2510 484 2595 minis,
535 2509 630 2580 de
684 2533 802 2581 me
854 2511 1129 2607 optime
1182 2511 1419 2580 meriti
1447 2561 1469 2597 ‚
1533 2511 1896 2608 pericu103
1944 2534 2185 2606 neque
2230 2510 2369 2582 ira·

245 2619 501 2690 cundia
551 2620 781 2717 magis
823 2618 967 2690 ulla
1018 2617 1417 2705 laudanda,
1462 2641 1681 2717 quarn
1732 2643 1851 2706 ea,
1893 2643 2055 2715 quae
2095 2641 2215 2689 me
2259 2620 2371 2687 in·

246 2728 551 2799 flammat
620 2753 874 2799 eorum
935 2728 1239 2816 scelere,
1299 2730 1427 2826 qui
1487 2752 1656 2799 cum
1721 2725 2063 2800 omnibus
2124 2727 2371 2800 salutis

244 2862 414 2909 meae
450 2837 956 2912 defensoribus
993 2838 1266 2910 bellum
1301 2861 1457 2911 esse
1494 2837 1632 2911 sibi
1667 2838 2062 2936 gerendum
2093 2837 2370 2934 judica·

246 2959 521 3020 verunt.

336 3055 517 3145 Sed,
557 3060 903 3154 quoniam
942 3057 1239 3156 singulis
1273 3057 1697 3132 criminibus
1725 3061 1946 3130 ceteri
1973 3054 2370 3155 responde·

245 3183 455 3256 runt,
493 3166 722 3240 dicam
769 3194 903 3268 ego
951 3169 1042 3240 de
1092 3173 1293 3239 omni
1329 3184 1519 3240 statu
1552 3174 1628 3238 P.
1665 3166 1921 3251 Sextii,
1970 3164 2063 3234 de
2107 3187 2375 3261 genere

245 3279 444 3366 vitae,
491 3277 582 3350 de
632 3293 926 3367 natura,
978 3278 1068 3353 de
1116 3277 1482 3376 mqribus‚
1539 3278 1630 3351 de
1678 3272 2079 3348 incredibili
2130 3298 2374 3346 amore

246 3390 317 3458 in
365 3388 650 3476 bonos,
697 3389 790 3462 de
836 3390 1081 3462 studio
1130 3390 1640 3463 conservandae
1680 3387 1931 3461 salutis
1964 3388 2373 3459 communis

312 3582 374 3628 n.
411 3596 457 3630 ι.
500 3582 754 3629 Feror-ata.
795 3579 1011 3630 Pei-fecte
1045 3593 1180 3630 orata
1211 3593 1263 3631 et
1348 3582 1556 3631 concedi
1593 3580 1789 3629 uelitum
1818 3595 1845 3627 ι
1872 3580 2046 3627 ceteris
2072 3573 2268 3626 dicendi
2299 3578 2378 3626 10·

250 3667 344 3706 neu
363 3661 637 3724 diligenter.
661 3662 738 3709 Sic
760 3677 854 3727 pro
877 3660 1036 3711 Coelio
1053 3696 1067 3720 ‚
1090 3678 1133 3709 e.
1162 3663 1260 3711 23:

254 3757 278 3777 ι
293 3741 453 3802 Inque
503 3738 636 3786 iil-tn
683 3752 872 3804 panem
917 3756 1074 3789 eamn
1121 3741 1261 3790 facile

257 3819 399 3879 patior
423 3821 633 3882 graviter
655 3832 705 3868 et
738 3832 909 3869 ornate
934 3836 961 3868 a
987 3823 1059 3871 Μ.
1086 3823 1260 3870 (zu-mo

260 3911 509 3957 peroratam
529 3923 574 3951 n.
1028 3947 1037 3961 ,

325 3988 373 4020 2.
392 3978 441 4024 Ia
459 3979 555 4028 hac
569 3995 746 4039 cama,
767 3989 917 4044 aeque
935 3979 1025 4028 hoc
1045 3991 1262 4029 extremo

256 4051 442 4103 dez-ende·
470 4058 591 4110 loeo.
636 4062 808 4122 Quum
847 4059 1011 4124 plnres
1047 4060 1263 4108 eamdem

257 4146 430 4183 monn
463 4152 695 4203 agerent,
734 4150 1007 4190 extremum
1046 4139 1139 4188 sibi
1165 4141 1263 4189 fere

1346 3678 1484 3721 eum,
1507 3663 1612 3727 ipse
1632 3662 1686 3708 in
1711 3662 1918 3708 Ornoi-e
1938 3667 2141 3706 tetum
2165 3655 2243 3704 hi·
2265 3671 2376 3703 ver·

1345 3741 1422 3789 bin
1450 3756 1463 3789 :
1509 3761 1536 3782 α
1563 3738 1698 3803 Quid
1738 3754 1831 3803 ego
1874 3738 1936 3785 de
1979 3734 2375 3784 mssoennonffbns

1346 3817 1743 3884 loqnanquibns
1765 3835 1856 3884 ego
1879 3833 1984 3865 snm
2003 3829 2117 3864 nam
2136 3814 2377 3879 plumba,

1348 3899 1514 3964 qnod,
1542 3901 1688 3946 etiam
1715 3898 1755 3946 si
1785 3899 1947 3962 plnres
1977 3894 2259 3943 dieebmns
2285 3901 2376 3956 per

1350 3982 1620 4028 orationem
1641 4015 1656 4041 ,
1694 3979 1813 4027 mihi
1851 3983 2009 4024 tamen
2035 3983 2205 4022 omne·
2230 3971 2379 4019 relin-

1351 4059 1564 4123 quob-nt
1588 4069 1604 4104 2
1633 4059 1685 4106 in
1708 4074 1808 4122 quo
1827 4068 1884 4105 ut
1907 4055 2099 4102 videret
2115 4049 2374 4102 excellere·

1354 4155 1455 4188 non
1474 4139 1674 4203 ingenio
1686 4171 1701 4196 ‚
1735 4136 1818 4186 ned
1841 4134 2013 4184 dolore
2028 4126 2315 4193 nunqu-bar
2333 4146 2380 4174 ¹·-
