2994 4778
721 360 1112 431 ORATIO
1163 365 1363 431 PRO
1412 365 1486 431 P.
1539 364 1942 432 SEXTIO.
2257 366 2391 436 103

250 480 501 569 batur,
541 505 781 554 nemo
833 482 972 554 sibi
1010 506 1144 555 nec
1195 482 1607 555 valitudinis
1650 470 2213 573 excusationem,
2261 513 2398 560 nec

266 592 702 681 senectutiS,
761 595 929 663 satis
969 594 1238 691 justam
1283 593 1605 691 putavit3
1650 617 1869 665 nemo
1927 593 2099 683 fuit,
2133 599 2265 695 qui
2318 624 2395 669 se

271 727 407 772 non
439 698 983 798 rempublicam
1024 727 1302 774 mecum
1345 702 1558 773 simul
1590 727 1929 775 revocare
1970 704 2043 774 in
2087 731 2248 779 suas
2279 732 2392 780 se-

271 811 384 883 des
418 810 935 884 arbitraretur.

347 925 538 992 LIII.
602 920 996 994 Videamus
1037 946 1233 994 nunc
1278 923 1567 995 comitia
1612 925 2179 1019 magistratuum.
2234 928 2394 998 Fuit

261 1030 653 1127 collegium
685 1043 957 1129 nuper¹
1002 1032 1496 1121 tribunitium,
1528 1033 1607 1105 in
1635 1057 1787 1128 quo
1828 1045 1972 1105 tres
1998 1042 2027 1076 ¹
2067 1034 2396 1122 minime,

261 1139 738 1213 vehementer
781 1140 974 1213 duo-²·
1016 1143 1398 1241 populares
1433 1140 2050 1216 existimabantur.
2097 1148 2202 1214 Ex
2245 1142 2392 1231 his,

266 1254 385 1346 qui
429 1250 832 1348 populares
867 1275 1022 1329 nou
1049 1251 1533 1340 habebantur,
1568 1250 1836 1350 quibus
1862 1253 1937 1322 in
1976 1252 2113 1323 illo⁴
2135 1276 2399 1350 genere

265 1358 794 1432 conductarum
814 1363 1246 1435 concionum
1267 1362 1702 1435 consistendi
1722 1375 2033 1459 potestas
2052 1387 2201 1433 non
2222 1377 2399 1447 erat,

264 1467 493 1541 duos⁴
528 1495 574 1540 a
619 1471 893 1568 populo
928 1496 1232 1543 romano
1282 1487 1625 1569 praetores
1674 1470 1885 1542 video
1927 1493 2079 1542 esse
2119 1469 2392 1542 factos:

262 1592 369 1666 et,
395 1593 758 1676 quantum
783 1580 1239 1652 sermonibus
1265 1581 1459 1677 vulgi
1487 1594 1560 1652 et
1601 1577 1956 1677 suffragiis
1992 1578 2393 1675 intelligere

262 1687 518 1784 potui,'
543 1712 694 1786 prae
723 1712 800 1761 se
835 1688 1151 1787 populus
1186 1713 1530 1761 romanus
1566 1687 1874 1775 ferebat,
1904 1684 2041 1759 sibi
2080 1686 2279 1758 illum
2320 1688 2396 1757 in

260 1795 642 1868 tribunatu
682 1800 814 1869 Cn.
852 1799 1150 1869 Domitii
1181 1800 1503 1869 animum
1541 1793 2039 1868 constantem⁵
2074 1810 2147 1866 et
2189 1820 2394 1892 egre-

263 1907 508 2005 gium,
549 1920 625 1981 et
664 1909 753 1996 Q.
783 1906 1120 1979 Ancharii
1155 1905 1371 1979 fidem
1402 1930 1486 1978 ac
1532 1904 2032 1977 fortitudinem
2057 1959 2077 1991 ,
2120 1907 2392 1981 etiamsi

263 2015 448 2086 nihil
479 2039 689 2111 agere
708 2013 743 2062 ⁶
768 2018 1173 2114 potuissent
1195 2069 1215 2104 ,
1250 2031 1493 2087 tamen
1521 2014 1889 2086 voluntate
1927 2015 2082 2111 ipsa
2110 2028 2392 2111 gratum

263 2126 509 2200 fuisse.
548 2134 704 2201 Iam
754 2129 845 2202 de
890 2132 967 2201 C.
1015 2130 1287 2201 Fannio
1335 2152 1497 2227 quae
1545 2131 1638 2201 sit
1684 2128 2153 2216 existimatio,
2202 2125 2395 2199 vide·

264 2261 425 2309 mus
472 2265 493 2307 ε
537 2237 739 2334 quod
779 2238 1171 2334 judicium⁷
1230 2238 1484 2336 populi
1537 2238 1816 2308 romani
1867 2240 1938 2307 in
1989 2235 2393 2308 honoribus

265 2346 416 2443 ejus
453 2344 788 2420 futurum
825 2350 946 2435 sit,
1001 2350 1272 2422 nemini
1311 2347 1616 2420 dubium
1667 2371 1818 2420 esse
1862 2345 2099 2419 debet.
2144 2346 2388 2437 Quid?

263 2457 656 2554 populares
682 2458 783 2529 illi
819 2458 969 2530 duo
996 2458 1170 2556 quid
1208 2457 1558 2556 egerunt?
1591 2456 1790 2528 Alter
1815 2511 1833 2544 ‚
1872 2459 2000 2553 qui
2034 2470 2274 2531 tamen
2313 2479 2389 2526 se

259 2570 758 2657 continuerat,
799 2570 1060 2642 tulerat
1095 2569 1315 2655 nihi13
1351 2581 1671 2638 senserat
1712 2580 1998 2636 tantum
2031 2565 2122 2636 de
2164 2588 2386 2661 repu-

258 2673 452 2748 blica
482 2676 709 2766 aliud,
742 2692 959 2775 atque
978 2678 1308 2749 homines
1336 2673 1883 2774 exspectabant,
1901 2676 2010 2745 vir
2032 2688 2106 2744 et
2126 2672 2388 2758 bonus,

256 2799 333 2856 et
371 2788 768 2874 innocens,
818 2803 892 2859 et
935 2787 1147 2859 bonis
1192 2789 1363 2858 viris
1408 2809 1695 2883 semper
1741 2781 2094 2882 probatus
2128 2810 2145 2853 ε
2187 2780 2391 2879 quod

253 2918 521 2992 parum
546 2894 876 2967 videlicet
905 2896 1254 2968 intellexit
1292 2898 1366 2967 in
1402 2895 1806 2978 tribunatu,
1843 2892 2019 2991 quid
2057 2887 2228 2964 vero
2263 2916 2389 2989 po-

249 3001 445 3099 pulo
482 3003 940 3100 probaretur,
985 3021 1058 3077 et
1082 3004 1283 3104 quod
1323 3006 1529 3080 illum
1568 3028 1718 3075 esse
1764 3002 2116 3101 populum
2144 3027 2383 3073 roma-

247 3135 448 3182 num
470 3166 492 3199 ‚
532 3115 652 3210 qui
686 3116 764 3188 in
808 3117 1154 3187 concione
1184 3129 1374 3202 erat,
1410 3113 1916 3200 arbitrabatur,
1965 3136 2116 3182 non
2152 3115 2386 3182 tenuit

250 3245 430 3296 eum
480 3220 753 3314 locum,
798 3226 875 3294 in
910 3249 1165 3323 quem,
1213 3225 1349 3296 nisi
1384 3222 1757 3322 popularis
1803 3244 1956 3292 esse
1997 3219 2383 3310 voluisset,

321 3440 460 3488 Im.
487 3456 536 3491 r.
567 3442 754 3508 Nuper.
782 3445 986 3494 Biennio
1007 3457 1144 3506 ante,
1170 3446 1277 3496 (3οὲ-
1434 3443 1488 3493 6.
1512 3442 1652 3492 Nihil
1665 3458 1828 3508 agere.
1849 3431 1974 3506 Quia
1991 3441 2211 3506 quamvin
2229 3440 2385 3506 auspi-

250 3534 357 3566 are
374 3530 426 3568 et
443 3519 627 3570 Bibulo
649 3538 778 3571 eoos.
1363 3523 1436 3571 eia
1463 3538 1652 3588 semper
1677 3521 1795 3570 lava
1823 3521 2136 3579 inducerent,
2159 3520 2384 3567 Vatinius

321 3612 374 3644 ι.
407 3599 472 3646 la
508 3617 607 3664 quo
640 3611 755 3650 em.
780 3603 873 3652 Cn.
902 3602 1178 3664 Domitius,
1212 3603 1276 3666 Q.
1363 3612 1520 3650 tamen
1548 3602 1759 3667 neglecto
1783 3602 2089 3665 haruspicum
2116 3599 2349 3662 religione
2372 3635 2387 3658 ,

255 3676 553 3741 Anthedus,
580 3681 640 3731 C.
673 3671 898 3729 Fannius.
1363 3679 1537 3728 multas
1563 3680 1692 3745 leges
1719 3680 1997 3745 reipublice
2019 3678 2245 3726 exitiosas
2267 3692 2385 3742 pro·

329 3755 379 3803 3.
416 3758 546 3809 Duo.
588 3761 843 3821 Vatinius,
880 3770 930 3808 et
964 3760 1125 3808 nescio
1162 3760 1271 3825 qnia
1362 3757 1492 3807 tulit.

260 3827 378 3879 ⁸¹⁸2
1435 3852 1483 3896 7.
1513 3834 1661 3900 Quod
1666 3834 1924 3901 judicium.
1952 3836 2085 3884 Dicit
2107 3850 2205 3883 non
2233 3834 2382 3882 dubi-

334 3916 382 3966 ⁴-
402 3916 546 3965 Duos.
569 3916 847 3966 Domitium
868 3927 919 3965 et
938 3917 1246 3966 Ancharium.
1362 3916 1562 3964 tandum
1588 3932 1688 3964 esne
1701 3949 1718 3975 ,
1743 3916 1861 3980 quin
1885 3916 2098 3981 populus
2121 3930 2349 3964 romanus
2370 3946 2385 3970 ,

338 3994 386 4041 5.
423 3996 764 4045 Constantem.
803 3998 861 4044 ln
897 3996 1073 4046 tuenda
1105 4008 1272 4047 eontra
1361 4010 1446 4045 eos
1485 3996 1543 4045 C.
1590 3997 1774 4044 Fannio
1817 3998 2119 4061 magistratus
2160 3995 2383 4043 conserat

255 4075 494 4125 vatinium
513 4085 714 4126 senatus
737 4090 899 4123 muna.
1360 4089 1485 4139 quos
1505 4084 1578 4122 est
1593 4073 1848 4140 petiturus.
