<?xml version="1.0" encoding="UTF-8"?>
<!DOCTYPE html PUBLIC "-//W3C//DTD XHTML 1.0 Transitional//EN"
    "http://www.w3.org/TR/xhtml1/DTD/xhtml1-transitional.dtd">
<html xmlns="http://www.w3.org/1999/xhtml" xml:lang="en" lang="en">
 <head>
  <title>
</title>
<meta http-equiv="Content-Type" content="text/html;charset=utf-8" />
  <meta name='ocr-system' content='tesseract 3.04.00' />
  <meta name='ocr-capabilities' content='ocr_page ocr_carea ocr_par ocr_line ocrx_word'/>
</head>
<body>
  <div class='ocr_page' id='page_1' title='image "./mtciceronisquae06lemagoog_0311.png"; bbox 0 0 2994 4778; ppageno 0'>
   <div class='ocr_carea' id='block_1_1' title="bbox 654 428 2351 502">
    <p class='ocr_par' dir='ltr' id='par_1_1' title="bbox 654 428 2351 502">
     <span class='ocr_line' id='line_1_1' title="bbox 654 428 2351 502; baseline 0.004 -7"><span class='ocrx_word' id='word_1_1' title='bbox 654 428 1049 497; x_wconf 88' lang='lat' dir='ltr'><strong>ORATIO</strong></span> <span class='ocrx_word' id='word_1_2' title='bbox 1102 429 1313 497; x_wconf 87' lang='lat' dir='ltr'>PRO</span> <span class='ocrx_word' id='word_1_3' title='bbox 1363 429 1441 495; x_wconf 91' lang='lat' dir='ltr'>L.</span> <span class='ocrx_word' id='word_1_4' title='bbox 1473 429 1553 497; x_wconf 91' lang='lat' dir='ltr'>C.</span> <span class='ocrx_word' id='word_1_5' title='bbox 1588 430 1947 499; x_wconf 86' lang='lat' dir='ltr'><strong>BALBO.</strong></span> <span class='ocrx_word' id='word_1_6' title='bbox 2224 431 2351 502; x_wconf 76' lang='lat'>301</span> 
     </span>
    </p>
   </div>
   <div class='ocr_carea' id='block_1_2' title="bbox 222 549 2361 3619">
    <p class='ocr_par' dir='ltr' id='par_1_2' title="bbox 228 549 2361 1637">
     <span class='ocr_line' id='line_1_2' title="bbox 238 549 2361 646; baseline 0.001 -23"><span class='ocrx_word' id='word_1_7' title='bbox 238 566 445 638; x_wconf 89' lang='lat' dir='ltr'>tem,</span> <span class='ocrx_word' id='word_1_8' title='bbox 478 552 531 621; x_wconf 87' lang='lat' dir='ltr'>si</span> <span class='ocrx_word' id='word_1_9' title='bbox 586 549 774 622; x_wconf 84' lang='lat' dir='ltr'>hanc</span> <span class='ocrx_word' id='word_1_10' title='bbox 834 574 1118 622; x_wconf 84' lang='lat' dir='ltr'>causam</span> <span class='ocrx_word' id='word_1_11' title='bbox 1181 564 1462 646; x_wconf 84' lang='lat' dir='ltr'>ageret,</span> <span class='ocrx_word' id='word_1_12' title='bbox 1523 550 1755 646; x_wconf 88' lang='lat' dir='ltr'>major</span> <span class='ocrx_word' id='word_1_13' title='bbox 1811 575 1961 623; x_wconf 86' lang='lat' dir='ltr'>esse</span> <span class='ocrx_word' id='word_1_14' title='bbox 2031 553 2321 627; x_wconf 84' lang='lat' dir='ltr'>ubertas</span> <span class='ocrx_word' id='word_1_15' title='bbox 2343 611 2361 637; x_wconf 89' lang='lat'>.,</span> 
     </span>
     <span class='ocr_line' id='line_1_3' title="bbox 234 659 2355 762; baseline 0.004 -34"><span class='ocrx_word' id='word_1_16' title='bbox 234 662 580 748; x_wconf 78' lang='lat' dir='ltr'>varietas,</span> <span class='ocrx_word' id='word_1_17' title='bbox 626 662 864 758; x_wconf 89' lang='lat' dir='ltr'>copia,</span> <span class='ocrx_word' id='word_1_18' title='bbox 904 686 1119 757; x_wconf 89' lang='lat' dir='ltr'>quam</span> <span class='ocrx_word' id='word_1_19' title='bbox 1161 659 1295 731; x_wconf 86' lang='lat' dir='ltr'>fuit</span> <span class='ocrx_word' id='word_1_20' title='bbox 1335 663 1412 729; x_wconf 90' lang='lat' dir='ltr'>in</span> <span class='ocrx_word' id='word_1_21' title='bbox 1453 685 1581 746; x_wconf 87' lang='lat' dir='ltr'>eo,</span> <span class='ocrx_word' id='word_1_22' title='bbox 1617 664 1741 757; x_wconf 91' lang='lat' dir='ltr'>qni</span> <span class='ocrx_word' id='word_1_23' title='bbox 1797 675 2073 732; x_wconf 80' lang='lat' dir='ltr'>tantum</span> <span class='ocrx_word' id='word_1_24' title='bbox 2121 669 2355 762; x_wconf 89' lang='lat' dir='ltr'>potuit</span> 
     </span>
     <span class='ocr_line' id='line_1_4' title="bbox 228 769 2356 872; baseline 0.004 -33"><span class='ocrx_word' id='word_1_25' title='bbox 228 771 607 868; x_wconf 84' lang='lat' dir='ltr'>impertire</span> <span class='ocrx_word' id='word_1_26' title='bbox 644 771 816 841; x_wconf 84' lang='lat' dir='ltr'>huic</span> <span class='ocrx_word' id='word_1_27' title='bbox 857 769 1094 840; x_wconf 88' lang='lat' dir='ltr'>studio</span> <span class='ocrx_word' id='word_1_28' title='bbox 1130 771 1509 867; x_wconf 81' lang='lat' dir='ltr'>temporis,</span> <span class='ocrx_word' id='word_1_29' title='bbox 1546 786 1901 866; x_wconf 84' lang='lat' dir='ltr'>quantum</span> <span class='ocrx_word' id='word_1_30' title='bbox 1928 774 2081 870; x_wconf 90' lang='lat' dir='ltr'>ipse</span> <span class='ocrx_word' id='word_1_31' title='bbox 2114 799 2154 844; x_wconf 85' lang='lat' dir='ltr'>a</span> <span class='ocrx_word' id='word_1_32' title='bbox 2180 801 2356 872; x_wconf 86' lang='lat' dir='ltr'>pue-</span> 
     </span>
     <span class='ocr_line' id='line_1_5' title="bbox 228 879 2355 978; baseline 0.003 -29"><span class='ocrx_word' id='word_1_33' title='bbox 228 882 403 951; x_wconf 85' lang='lat' dir='ltr'>ritia</span> <span class='ocrx_word' id='word_1_34' title='bbox 452 905 677 978; x_wconf 87' lang='lat' dir='ltr'>usque</span> <span class='ocrx_word' id='word_1_35' title='bbox 720 879 809 950; x_wconf 90' lang='lat' dir='ltr'>ad</span> <span class='ocrx_word' id='word_1_36' title='bbox 844 879 1031 950; x_wconf 86' lang='lat' dir='ltr'>hanc</span> <span class='ocrx_word' id='word_1_37' title='bbox 1080 894 1358 951; x_wconf 82' lang='lat' dir='ltr'>aetatem</span> <span class='ocrx_word' id='word_1_38' title='bbox 1394 904 1437 950; x_wconf 89' lang='lat' dir='ltr'>a</span> <span class='ocrx_word' id='word_1_39' title='bbox 1475 883 1841 951; x_wconf 90' lang='lat' dir='ltr'>continuis</span> <span class='ocrx_word' id='word_1_40' title='bbox 1884 881 2090 955; x_wconf 80' lang='lat' dir='ltr'>bellis</span> <span class='ocrx_word' id='word_1_41' title='bbox 2133 899 2207 955; x_wconf 89' lang='lat' dir='ltr'>et</span> <span class='ocrx_word' id='word_1_42' title='bbox 2247 888 2355 955; x_wconf 86' lang='lat' dir='ltr'>vi·—</span> 
     </span>
     <span class='ocr_line' id='line_1_6' title="bbox 233 988 2357 1089; baseline 0.001 -28"><span class='ocrx_word' id='word_1_43' title='bbox 233 990 983 1089; x_wconf 79' lang='lat' dir='ltr'>ctoriisconquievit?</span> <span class='ocrx_word' id='word_1_44' title='bbox 1008 992 1174 1080; x_wconf 88' lang='lat' dir='ltr'>Quo</span> <span class='ocrx_word' id='word_1_45' title='bbox 1220 988 1397 1059; x_wconf 90' lang='lat' dir='ltr'>mihi</span> <span class='ocrx_word' id='word_1_46' title='bbox 1436 988 1796 1060; x_wconf 87' lang='lat' dir='ltr'>difficilior</span> <span class='ocrx_word' id='word_1_47' title='bbox 1838 1005 1943 1061; x_wconf 89' lang='lat' dir='ltr'>est</span> <span class='ocrx_word' id='word_1_48' title='bbox 1979 992 2098 1063; x_wconf 90' lang='lat' dir='ltr'>hic</span> <span class='ocrx_word' id='word_1_49' title='bbox 2128 1008 2357 1064; x_wconf 85' lang='lat' dir='ltr'>extre·</span> 
     </span>
     <span class='ocr_line' id='line_1_7' title="bbox 233 1098 2352 1200; baseline 0.002 -32"><span class='ocrx_word' id='word_1_50' title='bbox 233 1124 394 1171; x_wconf 88' lang='lat' dir='ltr'>mus</span> <span class='ocrx_word' id='word_1_51' title='bbox 430 1100 813 1199; x_wconf 89' lang='lat' dir='ltr'>perorandi</span> <span class='ocrx_word' id='word_1_52' title='bbox 833 1100 1056 1171; x_wconf 80' lang='lat' dir='ltr'>locus,</span> <span class='ocrx_word' id='word_1_53' title='bbox 1081 1100 1367 1170; x_wconf 85' lang='lat' dir='ltr'><strong>Etenim</strong></span> <span class='ocrx_word' id='word_1_54' title='bbox 1388 1100 1452 1169; x_wconf 92' lang='lat' dir='ltr'>ei</span> <span class='ocrx_word' id='word_1_55' title='bbox 1481 1098 1791 1171; x_wconf 87' lang='lat' dir='ltr'>succedo</span> <span class='ocrx_word' id='word_1_56' title='bbox 1817 1104 2156 1190; x_wconf 85' lang='lat' dir='ltr'>orationi,</span> <span class='ocrx_word' id='word_1_57' title='bbox 2189 1128 2352 1200; x_wconf 82' lang='lat' dir='ltr'>quae</span> 
     </span>
     <span class='ocr_line' id='line_1_8' title="bbox 230 1210 2358 1309; baseline 0.001 -29"><span class='ocrx_word' id='word_1_58' title='bbox 230 1235 383 1281; x_wconf 89' lang='lat' dir='ltr'>non</span> <span class='ocrx_word' id='word_1_59' title='bbox 440 1224 896 1309; x_wconf 71' lang='lat' dir='ltr'>praetervecta</span> <span class='ocrx_word' id='word_1_60' title='bbox 951 1211 1083 1279; x_wconf 91' lang='lat' dir='ltr'>sit¹</span> <span class='ocrx_word' id='word_1_61' title='bbox 1097 1219 1118 1251; x_wconf 88' lang='lat'><em>¹</em></span> <span class='ocrx_word' id='word_1_62' title='bbox 1175 1232 1379 1279; x_wconf 87' lang='lat' dir='ltr'>aures</span> <span class='ocrx_word' id='word_1_63' title='bbox 1434 1224 1740 1295; x_wconf 83' lang='lat' dir='ltr'>vestraS‚</span> <span class='ocrx_word' id='word_1_64' title='bbox 1791 1210 1916 1281; x_wconf 92' lang='lat' dir='ltr'>sed</span> <span class='ocrx_word' id='word_1_65' title='bbox 1973 1213 2046 1281; x_wconf 84' lang='lat' dir='ltr'>in</span> <span class='ocrx_word' id='word_1_66' title='bbox 2100 1214 2358 1284; x_wconf 87' lang='lat' dir='ltr'>animis</span> 
     </span>
     <span class='ocr_line' id='line_1_9' title="bbox 230 1317 2353 1419; baseline 0.001 -29"><span class='ocrx_word' id='word_1_67' title='bbox 230 1322 562 1392; x_wconf 87' lang='lat' dir='ltr'>omnium</span> <span class='ocrx_word' id='word_1_68' title='bbox 598 1322 887 1419; x_wconf 90' lang='lat' dir='ltr'>penitus</span> <span class='ocrx_word' id='word_1_69' title='bbox 931 1317 1317 1390; x_wconf 88' lang='lat' dir='ltr'><strong>insederit:</strong></span> <span class='ocrx_word' id='word_1_70' title='bbox 1354 1333 1434 1389; x_wconf 89' lang='lat' dir='ltr'>ut</span> <span class='ocrx_word' id='word_1_71' title='bbox 1472 1319 1637 1417; x_wconf 90' lang='lat' dir='ltr'>plus</span> <span class='ocrx_word' id='word_1_72' title='bbox 1678 1320 2066 1418; x_wconf 87' lang='lat' dir='ltr'>voluptatis</span> <span class='ocrx_word' id='word_1_73' title='bbox 2111 1347 2198 1393; x_wconf 86' lang='lat' dir='ltr'>ex</span> <span class='ocrx_word' id='word_1_74' title='bbox 2240 1348 2353 1393; x_wconf 89' lang='lat' dir='ltr'>re·</span> 
     </span>
     <span class='ocr_line' id='line_1_10' title="bbox 230 1429 2347 1524; baseline 0.002 -24"><span class='ocrx_word' id='word_1_75' title='bbox 230 1430 652 1501; x_wconf 81' lang='lat' dir='ltr'>cordatione</span> <span class='ocrx_word' id='word_1_76' title='bbox 687 1430 877 1501; x_wconf 90' lang='lat' dir='ltr'>illius</span> <span class='ocrx_word' id='word_1_77' title='bbox 914 1429 1292 1513; x_wconf 89' lang='lat' dir='ltr'>orationis,</span> <span class='ocrx_word' id='word_1_78' title='bbox 1329 1453 1547 1524; x_wconf 87' lang='lat' dir='ltr'>quarn</span> <span class='ocrx_word' id='word_1_79' title='bbox 1585 1454 1735 1499; x_wconf 94' lang='lat' dir='ltr'>non</span> <span class='ocrx_word' id='word_1_80' title='bbox 1777 1432 1997 1502; x_wconf 91' lang='lat' dir='ltr'>modo</span> <span class='ocrx_word' id='word_1_81' title='bbox 2023 1458 2110 1503; x_wconf 83' lang='lat' dir='ltr'>ex</span> <span class='ocrx_word' id='word_1_82' title='bbox 2151 1457 2347 1521; x_wconf 85' lang='lat' dir='ltr'>mea,</span> 
     </span>
     <span class='ocr_line' id='line_1_11' title="bbox 230 1539 1819 1637; baseline 0.001 -27"><span class='ocrx_word' id='word_1_83' title='bbox 230 1539 361 1610; x_wconf 85' lang='lat' dir='ltr'>sed</span> <span class='ocrx_word' id='word_1_84' title='bbox 406 1542 830 1637; x_wconf 87' lang='lat' dir='ltr'>cujusquam</span> <span class='ocrx_word' id='word_1_85' title='bbox 864 1541 1189 1610; x_wconf 86' lang='lat' dir='ltr'>oratione</span> <span class='ocrx_word' id='word_1_86' title='bbox 1225 1562 1479 1636; x_wconf 81' lang='lat' dir='ltr'>capere</span> <span class='ocrx_word' id='word_1_87' title='bbox 1515 1543 1819 1637; x_wconf 87' lang='lat' dir='ltr'>possitis.</span> 
     </span>
    </p>

    <p class='ocr_par' dir='ltr' id='par_1_3' title="bbox 233 1649 2350 2289">
     <span class='ocr_line' id='line_1_12' title="bbox 332 1649 2350 1748; baseline 0.002 -28"><span class='ocrx_word' id='word_1_88' title='bbox 332 1655 428 1720; x_wconf 82' lang='lat'>11.</span> <span class='ocrx_word' id='word_1_89' title='bbox 462 1652 601 1722; x_wconf 87' lang='lat' dir='ltr'>Sed</span> <span class='ocrx_word' id='word_1_90' title='bbox 634 1675 790 1721; x_wconf 88' lang='lat' dir='ltr'>mos</span> <span class='ocrx_word' id='word_1_91' title='bbox 818 1664 924 1721; x_wconf 88' lang='lat' dir='ltr'>est</span> <span class='ocrx_word' id='word_1_92' title='bbox 951 1649 1308 1748; x_wconf 86' lang='lat' dir='ltr'>gerendus</span> <span class='ocrx_word' id='word_1_93' title='bbox 1343 1673 1492 1719; x_wconf 93' lang='lat' dir='ltr'>non</span> <span class='ocrx_word' id='word_1_94' title='bbox 1517 1649 1734 1720; x_wconf 89' lang='lat' dir='ltr'>modo</span> <span class='ocrx_word' id='word_1_95' title='bbox 1764 1651 2350 1748; x_wconf 85' lang='lat' dir='ltr'>Corne1i0‚-cujus</span> 
     </span>
     <span class='ocr_line' id='line_1_13' title="bbox 235 1759 2347 1857; baseline 0.002 -26"><span class='ocrx_word' id='word_1_96' title='bbox 235 1785 375 1857; x_wconf 87' lang='lat' dir='ltr'>ego</span> <span class='ocrx_word' id='word_1_97' title='bbox 431 1762 782 1832; x_wconf 86' lang='lat' dir='ltr'>voluntati</span> <span class='ocrx_word' id='word_1_98' title='bbox 839 1761 911 1829; x_wconf 91' lang='lat' dir='ltr'>in</span> <span class='ocrx_word' id='word_1_99' title='bbox 970 1760 1126 1855; x_wconf 89' lang='lat' dir='ltr'>ejus</span> <span class='ocrx_word' id='word_1_100' title='bbox 1183 1759 1518 1857; x_wconf 87' lang='lat' dir='ltr'>periculis</span> <span class='ocrx_word' id='word_1_101' title='bbox 1565 1759 1770 1830; x_wconf 90' lang='lat' dir='ltr'>nullo</span> <span class='ocrx_word' id='word_1_102' title='bbox 1822 1760 2042 1832; x_wconf 89' lang='lat' dir='ltr'>modo</span> <span class='ocrx_word' id='word_1_103' title='bbox 2102 1761 2347 1836; x_wconf 82' lang='lat' dir='ltr'>deesse</span> 
     </span>
     <span class='ocr_line' id='line_1_14' title="bbox 235 1869 2349 1968; baseline 0 -24"><span class='ocrx_word' id='word_1_104' title='bbox 235 1895 570 1968; x_wconf 79' lang='lat' dir='ltr'>possum,</span> <span class='ocrx_word' id='word_1_105' title='bbox 630 1870 755 1942; x_wconf 89' lang='lat' dir='ltr'>sed</span> <span class='ocrx_word' id='word_1_106' title='bbox 803 1872 1012 1941; x_wconf 89' lang='lat' dir='ltr'>etiam</span> <span class='ocrx_word' id='word_1_107' title='bbox 1068 1872 1197 1940; x_wconf 93' lang='lat' dir='ltr'>Cn.</span> <span class='ocrx_word' id='word_1_108' title='bbox 1256 1872 1635 1968; x_wconf 89' lang='lat' dir='ltr'>Pompei0‚</span> <span class='ocrx_word' id='word_1_109' title='bbox 1674 1871 1801 1966; x_wconf 90' lang='lat' dir='ltr'>qui</span> <span class='ocrx_word' id='word_1_110' title='bbox 1851 1876 1963 1942; x_wconf 89' lang='lat' dir='ltr'>sui</span> <span class='ocrx_word' id='word_1_111' title='bbox 2010 1869 2212 1961; x_wconf 84' lang='lat' dir='ltr'>sacti,</span> <span class='ocrx_word' id='word_1_112' title='bbox 2240 1880 2349 1945; x_wconf 91' lang='lat' dir='ltr'>sui</span> 
     </span>
     <span class='ocr_line' id='line_1_15' title="bbox 233 1977 2348 2079; baseline 0.001 -27"><span class='ocrx_word' id='word_1_113' title='bbox 233 1980 477 2074; x_wconf 84' lang='lat' dir='ltr'>judicii</span> <span class='ocrx_word' id='word_1_114' title='bbox 499 2037 520 2066; x_wconf 94' lang='lat'>‚</span> <span class='ocrx_word' id='word_1_115' title='bbox 545 1985 654 2053; x_wconf 89' lang='lat' dir='ltr'>sui</span> <span class='ocrx_word' id='word_1_116' title='bbox 687 1977 1024 2051; x_wconf 87' lang='lat' dir='ltr'>beneficii</span> <span class='ocrx_word' id='word_1_117' title='bbox 1049 2034 1067 2060; x_wconf 89' lang='grc'>.,</span> <span class='ocrx_word' id='word_1_118' title='bbox 1105 1980 1333 2049; x_wconf 84' lang='lat' dir='ltr'>voluit</span> <span class='ocrx_word' id='word_1_119' title='bbox 1358 2003 1474 2049; x_wconf 89' lang='lat' dir='ltr'>me</span> <span class='ocrx_word' id='word_1_120' title='bbox 1510 2003 1689 2066; x_wconf 88' lang='lat' dir='ltr'>esse,</span> <span class='ocrx_word' id='word_1_121' title='bbox 1721 1993 1803 2050; x_wconf 91' lang='lat' dir='ltr'>ut</span> <span class='ocrx_word' id='word_1_122' title='bbox 1838 1980 2032 2079; x_wconf 87' lang='lat' dir='ltr'>apud</span> <span class='ocrx_word' id='word_1_123' title='bbox 2060 1983 2348 2054; x_wconf 87' lang='lat' dir='ltr'>eosdem</span> 
     </span>
     <span class='ocr_line' id='line_1_16' title="bbox 237 2087 2341 2188; baseline 0.003 -30"><span class='ocrx_word' id='word_1_124' title='bbox 237 2115 397 2178; x_wconf 79' lang='lat' dir='ltr'>vos,</span> <span class='ocrx_word' id='word_1_125' title='bbox 434 2091 748 2187; x_wconf 80' lang='lat' dir='ltr'>judiceS‚</span> <span class='ocrx_word' id='word_1_126' title='bbox 785 2113 1022 2186; x_wconf 81' lang='lat' dir='ltr'>nuper</span> <span class='ocrx_word' id='word_1_127' title='bbox 1046 2093 1121 2158; x_wconf 87' lang='lat' dir='ltr'>in</span> <span class='ocrx_word' id='word_1_128' title='bbox 1155 2088 1287 2159; x_wconf 87' lang='lat' dir='ltr'>alia</span> <span class='ocrx_word' id='word_1_129' title='bbox 1319 2111 1531 2160; x_wconf 86' lang='lat' dir='ltr'>causa</span> <span class='ocrx_word' id='word_1_130' title='bbox 1558 2087 1854 2177; x_wconf 86' lang='lat' dir='ltr'>fuerim,</span> <span class='ocrx_word' id='word_1_131' title='bbox 1897 2104 1969 2161; x_wconf 90' lang='lat' dir='ltr'>et</span> <span class='ocrx_word' id='word_1_132' title='bbox 2003 2091 2341 2188; x_wconf 83' lang='lat' dir='ltr'>praedica-</span> 
     </span>
     <span class='ocr_line' id='line_1_17' title="bbox 238 2210 1090 2289; baseline -0.006 -17"><span class='ocrx_word' id='word_1_133' title='bbox 238 2214 499 2289; x_wconf 86' lang='lat' dir='ltr'>torem,</span> <span class='ocrx_word' id='word_1_134' title='bbox 543 2216 617 2272; x_wconf 87' lang='lat' dir='ltr'>et</span> <span class='ocrx_word' id='word_1_135' title='bbox 654 2210 1090 2272; x_wconf 89' lang='lat' dir='ltr'>auctorem¹.</span> 
     </span>
    </p>

    <p class='ocr_par' dir='ltr' id='par_1_4' title="bbox 222 2307 2354 3619">
     <span class='ocr_line' id='line_1_18' title="bbox 340 2307 2354 2410; baseline 0.001 -27"><span class='ocrx_word' id='word_1_136' title='bbox 340 2318 430 2383; x_wconf 75' lang='lat' dir='ltr'>Ac</span> <span class='ocrx_word' id='word_1_137' title='bbox 456 2311 634 2382; x_wconf 90' lang='lat' dir='ltr'>mihi</span> <span class='ocrx_word' id='word_1_138' title='bbox 672 2310 1137 2410; x_wconf 88' lang='lat' dir='ltr'>quidemhoc</span> <span class='ocrx_word' id='word_1_139' title='bbox 1172 2307 1471 2407; x_wconf 86' lang='lat' dir='ltr'>dignum</span> <span class='ocrx_word' id='word_1_140' title='bbox 1508 2308 1613 2379; x_wconf 91' lang='lat' dir='ltr'>rei</span> <span class='ocrx_word' id='word_1_141' title='bbox 1640 2320 1667 2352; x_wconf 82' lang='lat'>²</span> <span class='ocrx_word' id='word_1_142' title='bbox 1709 2307 2012 2397; x_wconf 83' lang='lat' dir='ltr'>videtur,</span> <span class='ocrx_word' id='word_1_143' title='bbox 2051 2310 2192 2384; x_wconf 91' lang='lat' dir='ltr'>hoc</span> <span class='ocrx_word' id='word_1_144' title='bbox 2235 2313 2354 2386; x_wconf 92' lang='lat' dir='ltr'>de-</span> 
     </span>
     <span class='ocr_line' id='line_1_19' title="bbox 238 2419 2349 2518; baseline 0.003 -28"><span class='ocrx_word' id='word_1_145' title='bbox 238 2419 399 2492; x_wconf 88' lang='lat' dir='ltr'>beri</span> <span class='ocrx_word' id='word_1_146' title='bbox 430 2421 641 2516; x_wconf 84' lang='lat' dir='ltr'>hujus</span> <span class='ocrx_word' id='word_1_147' title='bbox 666 2421 1082 2493; x_wconf 83' lang='lat' dir='ltr'>excellentis</span> <span class='ocrx_word' id='word_1_148' title='bbox 1110 2421 1242 2490; x_wconf 84' lang='lat' dir='ltr'>viri</span> <span class='ocrx_word' id='word_1_149' title='bbox 1273 2420 1868 2517; x_wconf 75' lang='lat' dir='ltr'>praestantissimae</span> <span class='ocrx_word' id='word_1_150' title='bbox 1896 2421 2140 2518; x_wconf 85' lang='lat' dir='ltr'>gloriae</span> <span class='ocrx_word' id='word_1_151' title='bbox 2163 2478 2182 2511; x_wconf 93' lang='lat'>‚</span> <span class='ocrx_word' id='word_1_152' title='bbox 2206 2423 2349 2496; x_wconf 89' lang='lat' dir='ltr'>hoc</span> 
     </span>
     <span class='ocr_line' id='line_1_20' title="bbox 236 2527 2349 2629; baseline 0.001 -28"><span class='ocrx_word' id='word_1_153' title='bbox 236 2535 605 2629; x_wconf 90' lang='lat' dir='ltr'>proprium</span> <span class='ocrx_word' id='word_1_154' title='bbox 642 2556 799 2603; x_wconf 89' lang='lat' dir='ltr'>esse</span> <span class='ocrx_word' id='word_1_155' title='bbox 839 2533 1052 2602; x_wconf 82' lang='lat' dir='ltr'>vestri</span> <span class='ocrx_word' id='word_1_156' title='bbox 1081 2527 1335 2616; x_wconf 86' lang='lat' dir='ltr'>officii,</span> <span class='ocrx_word' id='word_1_157' title='bbox 1368 2528 1511 2600; x_wconf 88' lang='lat' dir='ltr'>hoc</span> <span class='ocrx_word' id='word_1_158' title='bbox 1544 2529 1711 2599; x_wconf 88' lang='lat' dir='ltr'>satis</span> <span class='ocrx_word' id='word_1_159' title='bbox 1739 2551 1894 2600; x_wconf 88' lang='lat' dir='ltr'>esse</span> <span class='ocrx_word' id='word_1_160' title='bbox 1934 2555 2195 2620; x_wconf 84' lang='lat' dir='ltr'>causae,</span> <span class='ocrx_word' id='word_1_161' title='bbox 2236 2549 2349 2620; x_wconf 88' lang='lat' dir='ltr'>ut,</span> 
     </span>
     <span class='ocr_line' id='line_1_21' title="bbox 232 2641 2349 2741; baseline 0.001 -26"><span class='ocrx_word' id='word_1_162' title='bbox 232 2645 427 2741; x_wconf 85' lang='lat' dir='ltr'>quod</span> <span class='ocrx_word' id='word_1_163' title='bbox 465 2643 719 2718; x_wconf 87' lang='lat' dir='ltr'>fecisse</span> <span class='ocrx_word' id='word_1_164' title='bbox 755 2650 887 2716; x_wconf 90' lang='lat' dir='ltr'>Cn.</span> <span class='ocrx_word' id='word_1_165' title='bbox 929 2645 1357 2741; x_wconf 89' lang='lat' dir='ltr'>Pompeium</span> <span class='ocrx_word' id='word_1_166' title='bbox 1398 2657 1714 2730; x_wconf 87' lang='lat' dir='ltr'>constet,</span> <span class='ocrx_word' id='word_1_167' title='bbox 1750 2641 1828 2712; x_wconf 89' lang='lat' dir='ltr'>id</span> <span class='ocrx_word' id='word_1_168' title='bbox 1861 2667 2115 2715; x_wconf 88' lang='lat' dir='ltr'>omnes</span> <span class='ocrx_word' id='word_1_169' title='bbox 2153 2660 2225 2717; x_wconf 91' lang='lat' dir='ltr'>et</span> <span class='ocrx_word' id='word_1_170' title='bbox 2268 2647 2349 2717; x_wconf 87' lang='lat' dir='ltr'>li-</span> 
     </span>
     <span class='ocr_line' id='line_1_22' title="bbox 232 2751 2351 2852; baseline 0.001 -26"><span class='ocrx_word' id='word_1_171' title='bbox 232 2757 457 2827; x_wconf 86' lang='lat' dir='ltr'>cuisse</span> <span class='ocrx_word' id='word_1_172' title='bbox 480 2752 511 2798; x_wconf 80' lang='lat'>³</span> <span class='ocrx_word' id='word_1_173' title='bbox 548 2755 965 2828; x_wconf 88' lang='lat' dir='ltr'>concedant.</span> <span class='ocrx_word' id='word_1_174' title='bbox 1006 2757 1189 2824; x_wconf 88' lang='lat' dir='ltr'>Nam</span> <span class='ocrx_word' id='word_1_175' title='bbox 1232 2754 1466 2824; x_wconf 83' lang='lat' dir='ltr'>verius</span> <span class='ocrx_word' id='word_1_176' title='bbox 1493 2751 1674 2823; x_wconf 89' lang='lat' dir='ltr'>nihil</span> <span class='ocrx_word' id='word_1_177' title='bbox 1708 2767 1857 2841; x_wconf 91' lang='lat' dir='ltr'>est,</span> <span class='ocrx_word' id='word_1_178' title='bbox 1893 2777 2111 2850; x_wconf 88' lang='lat' dir='ltr'>quam</span> <span class='ocrx_word' id='word_1_179' title='bbox 2150 2758 2351 2852; x_wconf 90' lang='lat' dir='ltr'>quod</span> 
     </span>
     <span class='ocr_line' id='line_1_23' title="bbox 230 2861 2353 2962; baseline 0 -26"><span class='ocrx_word' id='word_1_180' title='bbox 230 2865 572 2939; x_wconf 88' lang='lat' dir='ltr'>hesterno</span> <span class='ocrx_word' id='word_1_181' title='bbox 601 2866 719 2939; x_wconf 89' lang='lat' dir='ltr'>die</span> <span class='ocrx_word' id='word_1_182' title='bbox 751 2865 934 2936; x_wconf 84' lang='lat' dir='ltr'>dixit</span> <span class='ocrx_word' id='word_1_183' title='bbox 973 2865 1127 2962; x_wconf 91' lang='lat' dir='ltr'>ipse</span> <span class='ocrx_word' id='word_1_184' title='bbox 1154 2918 1174 2950; x_wconf 92' lang='lat'>‚</span> <span class='ocrx_word' id='word_1_185' title='bbox 1219 2864 1313 2934; x_wconf 86' lang='lat' dir='ltr'>ita</span> <span class='ocrx_word' id='word_1_186' title='bbox 1359 2866 1436 2931; x_wconf 92' lang='lat' dir='ltr'>L.</span> <span class='ocrx_word' id='word_1_187' title='bbox 1474 2861 1892 2933; x_wconf 88' lang='lat' dir='ltr'>Cornelium</span> <span class='ocrx_word' id='word_1_188' title='bbox 1921 2861 2013 2935; x_wconf 92' lang='lat' dir='ltr'>de</span> <span class='ocrx_word' id='word_1_189' title='bbox 2040 2862 2353 2938; x_wconf 87' lang='lat' dir='ltr'>fortunis</span> 
     </span>
     <span class='ocr_line' id='line_1_24' title="bbox 227 2971 2350 3058; baseline 0.001 -13"><span class='ocrx_word' id='word_1_190' title='bbox 227 2974 567 3047; x_wconf 87' lang='lat' dir='ltr'>omnibus</span> <span class='ocrx_word' id='word_1_191' title='bbox 604 2975 941 3046; x_wconf 82' lang='lat' dir='ltr'>dimicare</span> <span class='ocrx_word' id='word_1_192' title='bbox 963 3028 983 3058; x_wconf 88' lang='lat'>‚</span> <span class='ocrx_word' id='word_1_193' title='bbox 1019 2988 1103 3044; x_wconf 90' lang='lat' dir='ltr'>ut</span> <span class='ocrx_word' id='word_1_194' title='bbox 1137 2973 1404 3044; x_wconf 89' lang='lat' dir='ltr'>nullius</span> <span class='ocrx_word' id='word_1_195' title='bbox 1439 2975 1512 3042; x_wconf 92' lang='lat' dir='ltr'>in</span> <span class='ocrx_word' id='word_1_196' title='bbox 1558 2971 1797 3042; x_wconf 89' lang='lat' dir='ltr'>delicti</span> <span class='ocrx_word' id='word_1_197' title='bbox 1827 2973 2098 3047; x_wconf 80' lang='lat' dir='ltr'>crimen</span> <span class='ocrx_word' id='word_1_198' title='bbox 2145 3000 2350 3048; x_wconf 82' lang='lat' dir='ltr'>voca-</span> 
     </span>
     <span class='ocr_line' id='line_1_25' title="bbox 222 3083 2346 3181; baseline 0.001 -24"><span class='ocrx_word' id='word_1_199' title='bbox 222 3101 458 3157; x_wconf 83' lang='lat' dir='ltr'>retur.</span> <span class='ocrx_word' id='word_1_200' title='bbox 500 3090 656 3156; x_wconf 87' lang='lat' dir='ltr'>Non</span> <span class='ocrx_word' id='word_1_201' title='bbox 709 3088 900 3156; x_wconf 88' lang='lat' dir='ltr'>enirn</span> <span class='ocrx_word' id='word_1_202' title='bbox 941 3083 1220 3156; x_wconf 84' lang='lat' dir='ltr'>furatus</span> <span class='ocrx_word' id='word_1_203' title='bbox 1265 3107 1418 3154; x_wconf 91' lang='lat' dir='ltr'>esse</span> <span class='ocrx_word' id='word_1_204' title='bbox 1470 3083 1870 3168; x_wconf 82' lang='lat' dir='ltr'>civitatem,</span> <span class='ocrx_word' id='word_1_205' title='bbox 1913 3108 2065 3153; x_wconf 92' lang='lat' dir='ltr'>non</span> <span class='ocrx_word' id='word_1_206' title='bbox 2117 3110 2346 3181; x_wconf 88' lang='lat' dir='ltr'>genus</span> 
     </span>
     <span class='ocr_line' id='line_1_26' title="bbox 224 3189 2343 3288; baseline -0 -21"><span class='ocrx_word' id='word_1_207' title='bbox 224 3220 439 3267; x_wconf 86' lang='lat' dir='ltr'>suum</span> <span class='ocrx_word' id='word_1_208' title='bbox 470 3201 858 3268; x_wconf 82' lang='lat' dir='ltr'>ementitus</span> <span class='ocrx_word' id='word_1_209' title='bbox 875 3193 931 3281; x_wconf 76' lang='lat'>⁴,</span> <span class='ocrx_word' id='word_1_210' title='bbox 967 3219 1116 3264; x_wconf 93' lang='lat' dir='ltr'>non</span> <span class='ocrx_word' id='word_1_211' title='bbox 1160 3196 1229 3262; x_wconf 91' lang='lat' dir='ltr'>in</span> <span class='ocrx_word' id='word_1_212' title='bbox 1259 3193 1505 3288; x_wconf 86' lang='lat' dir='ltr'>aliquo</span> <span class='ocrx_word' id='word_1_213' title='bbox 1532 3189 1939 3287; x_wconf 87' lang='lat' dir='ltr'>impudenti</span> <span class='ocrx_word' id='word_1_214' title='bbox 1967 3194 2343 3267; x_wconf 90' lang='lat' dir='ltr'>mendacio</span> 
     </span>
     <span class='ocr_line' id='line_1_27' title="bbox 224 3297 2342 3402; baseline 0.002 -27"><span class='ocrx_word' id='word_1_215' title='bbox 224 3304 631 3391; x_wconf 84' lang='lat' dir='ltr'>delituisse,</span> <span class='ocrx_word' id='word_1_216' title='bbox 684 3331 831 3376; x_wconf 91' lang='lat' dir='ltr'>non</span> <span class='ocrx_word' id='word_1_217' title='bbox 886 3307 1257 3402; x_wconf 86' lang='lat' dir='ltr'>irrepsisse</span> <span class='ocrx_word' id='word_1_218' title='bbox 1294 3303 1368 3372; x_wconf 90' lang='lat' dir='ltr'>in</span> <span class='ocrx_word' id='word_1_219' title='bbox 1416 3325 1710 3371; x_wconf 88' lang='lat' dir='ltr'>censum</span> <span class='ocrx_word' id='word_1_220' title='bbox 1758 3297 2068 3371; x_wconf 88' lang='lat' dir='ltr'>dicitur:</span> <span class='ocrx_word' id='word_1_221' title='bbox 2115 3329 2342 3379; x_wconf 86' lang='lat' dir='ltr'>unum</span> 
     </span>
     <span class='ocr_line' id='line_1_28' title="bbox 223 3408 2341 3510; baseline 0.002 -26"><span class='ocrx_word' id='word_1_222' title='bbox 223 3413 589 3510; x_wconf 85' lang='lat' dir='ltr'>objicitur,</span> <span class='ocrx_word' id='word_1_223' title='bbox 637 3429 883 3485; x_wconf 88' lang='lat' dir='ltr'>natum</span> <span class='ocrx_word' id='word_1_224' title='bbox 931 3438 1085 3485; x_wconf 92' lang='lat' dir='ltr'>esse</span> <span class='ocrx_word' id='word_1_225' title='bbox 1141 3410 1520 3494; x_wconf 84' lang='lat' dir='ltr'>Gadibus;</span> <span class='ocrx_word' id='word_1_226' title='bbox 1567 3408 1770 3508; x_wconf 87' lang='lat' dir='ltr'>quod</span> <span class='ocrx_word' id='word_1_227' title='bbox 1831 3425 2045 3508; x_wconf 83' lang='lat' dir='ltr'>negat</span> <span class='ocrx_word' id='word_1_228' title='bbox 2104 3438 2341 3488; x_wconf 86' lang='lat' dir='ltr'>nemo.</span> 
     </span>
     <span class='ocr_line' id='line_1_29' title="bbox 222 3521 2340 3619; baseline -0.006 -24"><span class='ocrx_word' id='word_1_229' title='bbox 222 3528 558 3596; x_wconf 86' lang='lat' dir='ltr'>Ceterum</span> <span class='ocrx_word' id='word_1_230' title='bbox 578 3523 607 3569; x_wconf 83' lang='lat'><strong>⁵</strong></span> <span class='ocrx_word' id='word_1_231' title='bbox 635 3539 1005 3596; x_wconf 89' lang='lat' dir='ltr'>accusator</span> <span class='ocrx_word' id='word_1_232' title='bbox 1036 3521 1322 3606; x_wconf 80' lang='lat' dir='ltr'>fatetur,</span> <span class='ocrx_word' id='word_1_233' title='bbox 1343 3521 1551 3592; x_wconf 84' lang='lat' dir='ltr'>hunc</span> <span class='ocrx_word' id='word_1_234' title='bbox 1585 3522 1658 3590; x_wconf 94' lang='lat' dir='ltr'>in</span> <span class='ocrx_word' id='word_1_235' title='bbox 1698 3521 2075 3619; x_wconf 88' lang='lat' dir='ltr'>Hispania,</span> <span class='ocrx_word' id='word_1_236' title='bbox 2114 3523 2340 3600; x_wconf 88' lang='lat' dir='ltr'>duris-</span> 
     </span>
    </p>
   </div>
   <div class='ocr_carea' id='block_1_3' title="bbox 216 3686 2346 4143">
    <p class='ocr_par' dir='ltr' id='par_1_5' title="bbox 216 3686 2344 3993">
     <span class='ocr_line' id='line_1_30' title="bbox 299 3686 2342 3754; baseline -0.001 -17"><span class='ocrx_word' id='word_1_237' title='bbox 299 3706 319 3737; x_wconf 81' lang='lat' dir='ltr'>r</span> <span class='ocrx_word' id='word_1_238' title='bbox 334 3707 380 3740; x_wconf 79' lang='lat' dir='ltr'>r.</span> <span class='ocrx_word' id='word_1_239' title='bbox 410 3694 728 3740; x_wconf 69' lang='lat' dir='ltr'>Proemmea</span> <span class='ocrx_word' id='word_1_240' title='bbox 744 3690 817 3739; x_wconf 73' lang='lat' dir='ltr'>sie.</span> <span class='ocrx_word' id='word_1_241' title='bbox 836 3691 959 3754; x_wconf 77' lang='lat' dir='ltr'>Quae</span> <span class='ocrx_word' id='word_1_242' title='bbox 979 3704 1080 3736; x_wconf 84' lang='lat' dir='ltr'>non</span> <span class='ocrx_word' id='word_1_243' title='bbox 1100 3703 1236 3736; x_wconf 69' lang='lat' dir='ltr'>aures</span> <span class='ocrx_word' id='word_1_244' title='bbox 1397 3696 1445 3744; x_wconf 72' lang='grc'>4.</span> <span class='ocrx_word' id='word_1_245' title='bbox 1487 3686 1653 3734; x_wconf 62' lang='lat' dir='ltr'>Genus</span> <span class='ocrx_word' id='word_1_246' title='bbox 1689 3702 1827 3733; x_wconf 75' lang='lat' dir='ltr'>suum</span> <span class='ocrx_word' id='word_1_247' title='bbox 1859 3686 2132 3739; x_wconf 66' lang='lat' dir='ltr'>ementitur.</span> <span class='ocrx_word' id='word_1_248' title='bbox 2161 3692 2342 3741; x_wconf 75' lang='lat' dir='ltr'>Eorum</span> 
     </span>
     <span class='ocr_line' id='line_1_31' title="bbox 217 3767 2338 3833; baseline 0.002 -17"><span class='ocrx_word' id='word_1_249' title='bbox 217 3781 403 3818; x_wconf 71' lang='lat' dir='ltr'>venne</span> <span class='ocrx_word' id='word_1_250' title='bbox 424 3771 563 3818; x_wconf 70' lang='lat' dir='ltr'>inani</span> <span class='ocrx_word' id='word_1_251' title='bbox 584 3770 845 3819; x_wconf 76' lang='lat' dir='ltr'>verborum</span> <span class='ocrx_word' id='word_1_252' title='bbox 872 3784 996 3818; x_wconf 69' lang='lat' dir='ltr'>sono</span> <span class='ocrx_word' id='word_1_253' title='bbox 1031 3767 1235 3833; x_wconf 82' lang='lat' dir='ltr'>impule-</span> <span class='ocrx_word' id='word_1_254' title='bbox 1324 3770 1410 3830; x_wconf 81' lang='lat' dir='ltr'>qni</span> <span class='ocrx_word' id='word_1_255' title='bbox 1446 3783 1599 3831; x_wconf 72' lang='lat' dir='ltr'>genus</span> <span class='ocrx_word' id='word_1_256' title='bbox 1628 3783 1769 3814; x_wconf 73' lang='lat' dir='ltr'>suum</span> <span class='ocrx_word' id='word_1_257' title='bbox 1801 3768 2021 3817; x_wconf 83' lang='lat' dir='ltr'>ementiti</span> <span class='ocrx_word' id='word_1_258' title='bbox 2060 3770 2112 3817; x_wconf 83' lang='lat' dir='ltr'>in</span> <span class='ocrx_word' id='word_1_259' title='bbox 2140 3787 2338 3821; x_wconf 71' lang='lat' dir='ltr'>censum</span> 
     </span>
     <span class='ocr_line' id='line_1_32' title="bbox 216 3843 2339 3915; baseline -0.002 -18"><span class='ocrx_word' id='word_1_260' title='bbox 216 3850 286 3897; x_wconf 71' lang='lat' dir='ltr'>rit</span> <span class='ocrx_word' id='word_1_261' title='bbox 302 3885 319 3909; x_wconf 85' lang='lat'>‚</span> <span class='ocrx_word' id='word_1_262' title='bbox 348 3851 434 3898; x_wconf 67' lang='lat' dir='ltr'>ned</span> <span class='ocrx_word' id='word_1_263' title='bbox 453 3850 650 3915; x_wconf 78' lang='lat' dir='ltr'>penitus</span> <span class='ocrx_word' id='word_1_264' title='bbox 665 3849 897 3898; x_wconf 72' lang='lat' dir='ltr'>insederit</span> <span class='ocrx_word' id='word_1_265' title='bbox 912 3849 1107 3904; x_wconf 74' lang='lat' dir='ltr'>animia,</span> <span class='ocrx_word' id='word_1_266' title='bbox 1128 3862 1238 3894; x_wconf 80' lang='lat' dir='ltr'>cnm</span> <span class='ocrx_word' id='word_1_267' title='bbox 1327 3856 1374 3892; x_wconf 86' lang='lat' dir='ltr'>et</span> <span class='ocrx_word' id='word_1_268' title='bbox 1392 3845 1637 3892; x_wconf 70' lang='lat' dir='ltr'>civitatem</span> <span class='ocrx_word' id='word_1_269' title='bbox 1664 3843 1986 3907; x_wconf 72' lang='lat' dir='ltr'>obrepserant</span> <span class='ocrx_word' id='word_1_270' title='bbox 2001 3879 2015 3902; x_wconf 89' lang='lat'>‚</span> <span class='ocrx_word' id='word_1_271' title='bbox 2043 3846 2195 3896; x_wconf 72' lang='lat' dir='ltr'>multa</span> <span class='ocrx_word' id='word_1_272' title='bbox 2224 3862 2339 3898; x_wconf 73' lang='lat' dir='ltr'>sum</span> 
     </span>
     <span class='ocr_line' id='line_1_33' title="bbox 217 3920 2344 3993; baseline 0 -18"><span class='ocrx_word' id='word_1_273' title='bbox 217 3928 391 3993; x_wconf 70' lang='lat' dir='ltr'>aliquo</span> <span class='ocrx_word' id='word_1_274' title='bbox 414 3928 680 3993; x_wconf 71' lang='lat' dir='ltr'>voluptati·</span> <span class='ocrx_word' id='word_1_275' title='bbox 705 3944 863 3976; x_wconf 72' lang='lat' dir='ltr'>oenm.</span> <span class='ocrx_word' id='word_1_276' title='bbox 1328 3921 1573 3985; x_wconf 49' lang='lat' dir='ltr'>exemplu</span> <span class='ocrx_word' id='word_1_277' title='bbox 1601 3930 1658 3968; x_wconf 72' lang='lat' dir='ltr'>ut</span> <span class='ocrx_word' id='word_1_278' title='bbox 1684 3920 1858 3982; x_wconf 83' lang='lat' dir='ltr'>Quinti</span> <span class='ocrx_word' id='word_1_279' title='bbox 1885 3920 2040 3981; x_wconf 68' lang='lat' dir='ltr'>illins,</span> <span class='ocrx_word' id='word_1_280' title='bbox 2065 3925 2166 3973; x_wconf 70' lang='lat' dir='ltr'>aive</span> <span class='ocrx_word' id='word_1_281' title='bbox 2192 3929 2344 3991; x_wconf 80' lang='lat' dir='ltr'>Equi-</span> 
     </span>
    </p>

    <p class='ocr_par' dir='ltr' id='par_1_6' title="bbox 289 4000 2346 4064">
     <span class='ocr_line' id='line_1_34' title="bbox 289 4000 2346 4064; baseline -0.001 -7"><span class='ocrx_word' id='word_1_282' title='bbox 289 4011 360 4057; x_wconf 88' lang='lat'>11.</span> <span class='ocrx_word' id='word_1_283' title='bbox 397 4025 442 4056; x_wconf 86' lang='lat'>1.</span> <span class='ocrx_word' id='word_1_284' title='bbox 472 4008 804 4057; x_wconf 76' lang='lat' dir='ltr'>ALaceor-em.</span> <span class='ocrx_word' id='word_1_285' title='bbox 1333 4000 1419 4061; x_wconf 71' lang='lat' dir='ltr'>tii,</span> <span class='ocrx_word' id='word_1_286' title='bbox 1455 4015 1600 4063; x_wconf 86' lang='lat' dir='ltr'>quem</span> <span class='ocrx_word' id='word_1_287' title='bbox 1639 4010 1803 4046; x_wconf 76' lang='lat' dir='ltr'>noster</span> <span class='ocrx_word' id='word_1_288' title='bbox 1825 4016 1919 4064; x_wconf 76' lang='lat' dir='ltr'>pro</span> <span class='ocrx_word' id='word_1_289' title='bbox 1952 4002 2154 4064; x_wconf 79' lang='lat' dir='ltr'>Sextio,</span> <span class='ocrx_word' id='word_1_290' title='bbox 2190 4006 2346 4055; x_wconf 79' lang='lat' dir='ltr'>insiti-</span> 
     </span>
    </p>

    <p class='ocr_par' dir='ltr' id='par_1_7' title="bbox 293 4075 1998 4143">
     <span class='ocr_line' id='line_1_35' title="bbox 293 4075 1998 4143; baseline -0.004 -12"><span class='ocrx_word' id='word_1_291' title='bbox 293 4104 348 4136; x_wconf 60' lang='grc' dir='ltr'>ιι.</span> <span class='ocrx_word' id='word_1_292' title='bbox 370 4088 450 4137; x_wconf 65' lang='grc' dir='ltr'>ΑΙ,</span> <span class='ocrx_word' id='word_1_293' title='bbox 475 4104 573 4136; x_wconf 73' lang='lat' dir='ltr'>reo.</span> <span class='ocrx_word' id='word_1_294' title='bbox 1333 4095 1439 4127; x_wconf 77' lang='lat' dir='ltr'>vum</span> <span class='ocrx_word' id='word_1_295' title='bbox 1471 4075 1744 4126; x_wconf 71' lang='lat' dir='ltr'>Gracchum</span> <span class='ocrx_word' id='word_1_296' title='bbox 1771 4078 1998 4143; x_wconf 76' lang='lat' dir='ltr'>appellat.</span> 
     </span>
    </p>
   </div>
   <div class='ocr_carea' id='block_1_4' title="bbox 298 4158 2020 4215">
    <p class='ocr_par' dir='ltr' id='par_1_8' title="bbox 298 4158 2020 4215">
     <span class='ocr_line' id='line_1_36' title="bbox 298 4158 2020 4215; baseline -0.006 0"><span class='ocrx_word' id='word_1_297' title='bbox 298 4169 353 4215; x_wconf 79' lang='lat'>3.</span> <span class='ocrx_word' id='word_1_298' title='bbox 378 4169 441 4214; x_wconf 71' lang='lat' dir='ltr'>Be</span> <span class='ocrx_word' id='word_1_299' title='bbox 467 4166 669 4215; x_wconf 69' lang='lat' dir='ltr'>limine.</span> <span class='ocrx_word' id='word_1_300' title='bbox 694 4164 861 4213; x_wconf 69' lang='lat' dir='ltr'>Plures</span> <span class='ocrx_word' id='word_1_301' title='bbox 888 4163 934 4210; x_wconf 77' lang='lat' dir='ltr'>ei</span> <span class='ocrx_word' id='word_1_302' title='bbox 955 4162 1159 4212; x_wconf 67' lang='lat' dir='ltr'>chisxe.</span> <span class='ocrx_word' id='word_1_303' title='bbox 1406 4161 1457 4209; x_wconf 82' lang='lat'>5.</span> <span class='ocrx_word' id='word_1_304' title='bbox 1483 4159 1715 4208; x_wconf 74' lang='lat' dir='ltr'>ceterum.</span> <span class='ocrx_word' id='word_1_305' title='bbox 1743 4158 1820 4205; x_wconf 74' lang='lat' dir='ltr'>Al.</span> <span class='ocrx_word' id='word_1_306' title='bbox 1850 4169 2020 4205; x_wconf 77' lang='lat' dir='ltr'>cetera.</span> 
     </span>
    </p>
   </div>
  </div>
 </body>
</html>
