2994 4778
693 393 1076 462 ORATIO
1124 390 1321 459 PRO
1370 392 1445 458 P.
1497 392 1898 462 SEXTIO.
2258 399 2346 470 33

246 513 582 599 fuissent3
627 512 902 581 venisse
948 524 1233 607 tempus
1273 512 1395 597 iis,
1441 511 1570 606 qui
1625 514 1699 581 in
1749 515 2001 586 timore
2051 514 2346 609 filissent

250 624 706 718 (conjuratos
738 619 1067 690 videlicet
1098 618 1376 691 dicebat
1402 627 1467 713 ),
1501 619 1888 692 ulciscendi
1918 650 2010 699 se.
2038 630 2106 697 Si
2138 628 2349 701 dixis..

246 747 340 803 set
395 732 544 801 hoc
601 729 868 815 solum,
917 730 1117 798 omni
1170 727 1524 825 supplicio
1578 742 1762 799 esset
1822 729 2125 826 dignus:
2177 762 2343 808 nam

240 842 465 911 oratio
523 843 680 935 ipsa
734 836 1046 908 consulis
1097 837 1492 933 perniciosa
1545 849 1782 932 potest
1832 840 2345 936 rempublicam

237 947 689 1019 labefactare.
744 944 938 1035 Quid
994 943 1274 1032 fecerit,
1337 944 1592 1015 videte.
1650 949 1726 1014 L.
1783 949 2137 1035 Lamiam,
2184 956 2344 1047 qui,

238 1083 469 1154 quum
503 1081 625 1127 me
670 1057 904 1151 ipsum
951 1078 1085 1150 pro
1118 1077 1390 1123 summa
1426 1051 1891 1125 familiaritate
1915 1109 1936 1143 ,
1980 1080 2140 1151 quae
2172 1061 2349 1131 mihi

237 1191 401 1237 cum
456 1163 726 1249 fratre,
777 1187 939 1233 cum
991 1177 1193 1260 patre
1249 1161 1403 1255 ejus
1454 1176 1643 1247 erat,
1698 1164 1906 1234 unice
1968 1164 2348 1262 diligebat,

222 1290 385 1359 ,tum
422 1298 565 1371 pro
606 1272 967 1369 republica
1001 1271 1115 1342 vel
1160 1285 1462 1341 mortem
1505 1284 1844 1368 oppetere
1880 1273 2245 1370 cupiebat,
2273 1278 2345 1347 iu

234 1385 589 1461 concione
652 1380 1033 1478 relegavit3
1093 1379 1491 1476 edixitque,
1551 1393 1632 1448 ut
1684 1378 1774 1449 ab
1828 1379 2010 1452 urbe
2070 1382 2351 1456 abesset

228 1493 449 1563 millia
486 1514 829 1587 passuum
871 1487 1212 1573 ducenta,
1257 1485 1454 1583 quod
1495 1501 1678 1558 esset
1712 1512 1927 1558 ausus
1968 1503 2144 1587 pro⁷
2183 1495 2345 1580 civi,

231 1624 358 1695 pro
400 1598 598 1671 bene
638 1597 893 1667 merito
930 1597 1104 1682 civi,
1138 1619 1273 1692 pro
1312 1598 1583 1683 amico,
1636 1619 1768 1693 pro
1816 1597 2183 1695 republica
2223 1602 2342 1675 de-

229 1708 533 1804 precari.

317 1820 514 1886 XIII.
588 1815 784 1907 Quid
841 1814 979 1886 hoc
1035 1813 1329 1884 homine
1389 1812 1693 1885 facias¹P
1737 1830 1862 1886 aut
1909 1841 2056 1912 quo
2107 1820 2333 1892 civem

226 1926 726 2021 importunum
749 1935 804 2010 ²,
841 1938 964 1994 aut
992 1948 1141 2019 quo
1168 1925 1406 2020 potius
1440 1923 1720 1994 hostem
1750 1939 1892 1995 tam
1921 1926 2339 2000 sceleratum

225 2033 588 2104 reserves?
635 2035 807 2129 qui,
851 2048 935 2103 ut
978 2034 1299 2102 omittam
1348 2046 1625 2115 cetera,
1675 2057 1835 2128 quae
1869 2050 2039 2105 sunt
2072 2038 2135 2107 ei
2173 2062 2337 2109 cum

222 2141 487 2239 collega
524 2142 820 2211 immani
863 2143 1291 2238 impuroque
1336 2141 1719 2234 conjuncta
1768 2155 1984 2237 atque
2022 2167 2337 2217 commu·

226 2253 377 2337 nia,
440 2251 590 2321 hoc
658 2274 886 2320 unum
950 2249 1167 2320 habet
1227 2250 1642 2346 proprium,
1713 2265 1794 2319 ut
1849 2252 2202 2348 expulerit
2248 2280 2337 2328 ex

228 2359 446 2448 urbe,
504 2360 875 2457 relegarit,
922 2384 1071 2430 uon
1126 2358 1287 2430 dico
1345 2359 1659 2454 equitem
1715 2383 2127 2447 romanum,
2184 2389 2337 2437 non

224 2474 751 2542 ornatissimum
811 2484 1025 2566 atque
1077 2469 1428 2566 optimum
1479 2469 1748 2551 virum,
1803 2493 1951 2538 non
1999 2473 2336 2542 amicissi-

228 2602 419 2648 mum
468 2577 886 2675 reipublicae
937 2579 1203 2664 civem,
1251 2601 1398 2646 nou
1448 2576 1574 2645 illo
1621 2577 1778 2672 ipso
1827 2590 2149 2674 tempore
2189 2606 2336 2652 una

223 2710 377 2756 cum
416 2701 667 2757 senatu
688 2741 707 2774 ,
741 2702 813 2756 et
845 2710 1009 2756 cum
1046 2684 1257 2756 bonis
1289 2685 1659 2772 omnibus,
1696 2709 1936 2755 casum
1966 2688 2172 2759 amici
2200 2694 2333 2761 rei-

220 2821 353 2892 que
389 2796 703 2894 publicae
738 2796 1144 2892 lugentem3
1175 2795 1299 2865 sed
1327 2795 1553 2865 civem
1589 2819 1964 2865 romanum
1995 2799 2147 2868 sine
2177 2799 2327 2872 ullo

214 2905 524 2999 judicio,
581 2920 705 2975 aut
759 2903 1030 2988 edicte,
1081 2927 1166 2973 ex
1218 2906 1440 3002 patria
1489 2903 1741 2975 consul
1783 2905 2092 2999 ejecerit.
2131 2909 2327 2994 Nihil

220 3015 541 3086 acerbius
579 3015 749 3086 socii
789 3015 1018 3083 Latini
1056 3012 1241 3084 ferre
1269 3003 1455 3084 soliti
1481 3027 1690 3099 sunt,
1730 3037 1946 3109 quam
1971 3068 1990 3099 ,
2024 3013 2092 3084 id
2126 3018 2326 3110 quod

223 3147 517 3221 perraro
564 3121 820 3193 accidit
837 3117 892 3209 3,
936 3147 1025 3193 ex
1063 3120 1247 3192 urbe
1298 3124 1489 3192 exire
1531 3146 1571 3192 a
1615 3119 2030 3192 consulibus
2061 3122 2323 3215 juberi.

289 3306 334 3348 7.
388 3290 486 3334 Pru
512 3285 622 3334 civi.
660 3285 765 3333 Cim‘
790 3285 903 3348 legit
925 3285 1220 3342 Priscianus,
1312 3285 1471 3349 primo
1493 3283 1843 3332 accusationis:
1864 3306 1888 3324 ιι
1905 3283 2036 3347 Quid
2060 3284 2155 3333 boc
2171 3287 2323 3338 homi.

220 3367 446 3425 mmm,
481 3377 532 3413 et
556 3380 649 3428 pro
673 3363 901 3412 Plancio:
939 3363 1117 3426 «Quid
1148 3362 1224 3411 di·
1312 3381 1374 3412 ne
1406 3364 1623 3416 faciatis?
1656 3375 1737 3411 aut
1774 3379 1915 3426 quam
1953 3363 2016 3411 ad
2052 3381 2184 3428 spem
2224 3378 2318 3417 tam

220 3464 315 3494 cam
334 3448 394 3496 cle
416 3446 505 3495 tali
530 3446 654 3505 civi,
677 3456 727 3493 et
749 3446 891 3492 viro?
906 3465 928 3486 ι
956 3446 1016 3491 Et
1037 3443 1122 3502 lib.
1152 3446 1224 3490 IV
1309 3442 1651 3508 perfidiosum,
1672 3452 1768 3490 tam
1794 3444 2121 3507 importunum
2143 3446 2318 3496 animal

220 3524 266 3572 iu
284 3530 473 3574 Verrem
498 3540 514 3575 :
540 3547 567 3566 ιι
586 3524 733 3587 Quod
755 3523 944 3571 Siculus
969 3538 995 3569 a
1024 3521 1122 3569 civi
1142 3537 1220 3569 ro-
1310 3523 1591 3574 reaervetis?
1609 3543 1631 3564 ι

221 3618 350 3652 mano
382 3627 427 3652 a.
462 3603 688 3652 Ibidem:
726 3601 919 3664 «Quod
954 3600 1071 3647 civia
1108 3616 1217 3648 cum
1377 3617 1426 3648 a.
1480 3603 1830 3665 Impar-cunum.
1886 3601 2177 3663 Crudelem,
2229 3608 2312 3667 qui

225 3683 534 3746 eitingen-et».
1304 3680 1452 3727 instar
1470 3680 1662 3744 tyranni
1686 3691 1769 3728 aut
1784 3679 1983 3727 latronis
2001 3680 2225 3730 omuibus
2241 3694 2314 3730 est

292 3761 419 3808 1111.
450 3775 498 3808 1.
536 3757 675 3824 Quid
694 3757 786 3804 hoc
806 3753 1216 3820 homine-facias?
1303 3758 1520 3806 infestus.
2113 3821 2118 3826 ἡ

226 3838 418 3900 Antiqua
462 3838 685 3894 locutio,
729 3835 847 3883 huic
894 3846 1060 3882 nostro
1103 3837 1216 3883 satia
1244 3873 1271 3906 ο
1373 3838 1422 3885 3.
1473 3837 1542 3884 Id
1580 3835 1715 3900 quod
1740 3851 1945 3900 perraro
1990 3836 2181 3884 accidit.
2230 3841 2309 3888 Bis

226 3915 567 3980 usitatazquam
592 3927 643 3963 et
669 3931 697 3962 a
720 3915 920 3962 comicis
943 3925 1214 3978 usurpatam
1302 3913 1505 3960 omuino
1545 3929 1558 3961 ι
1605 3914 1841 3977 primum,
1890 3913 2051 3962 edicto
2110 3916 2306 3965 Proculi

220 3994 470 4043 invenimus
504 4013 517 4044 :
578 3993 833 4043 subaudiri
884 3992 1074 4042 videtur
1120 3993 1215 4049 de,·
1303 3991 1512 4054 Virgiuii
1547 3993 1780 4051 consulis,
1805 4009 1955 4055 quum
1981 3994 2064 4058 Sp.
2092 3995 2305 4044 Cassium

218 4070 327 4118 huic
346 4084 491 4122 autem
518 4076 638 4122 loco
660 4071 943 4119 simillimus.
961 4083 1033 4119 est
1053 4071 1134 4119 ille
1154 4089 1215 4119 ex
1302 4070 1612 4120 Viscelliuum
1649 4071 1879 4133 collegam
1916 4071 2145 4132 haberet,
2177 4088 2307 4120 auno

354 4163 433 4229 V.
485 4179 583 4228 Cic.
601 4192 723 4242 pars
745 4174 964 4225 secunda.
2079 4156 2119 4224 3
