<?xml version="1.0" encoding="UTF-8"?>
<!DOCTYPE html PUBLIC "-//W3C//DTD XHTML 1.0 Transitional//EN"
    "http://www.w3.org/TR/xhtml1/DTD/xhtml1-transitional.dtd">
<html xmlns="http://www.w3.org/1999/xhtml" xml:lang="en" lang="en">
 <head>
  <title>
</title>
<meta http-equiv="Content-Type" content="text/html;charset=utf-8" />
  <meta name='ocr-system' content='tesseract 3.04.00' />
  <meta name='ocr-capabilities' content='ocr_page ocr_carea ocr_par ocr_line ocrx_word'/>
</head>
<body>
  <div class='ocr_page' id='page_1' title='image "./mtciceronisquae06lemagoog_0177.png"; bbox 0 0 2994 4778; ppageno 0'>
   <div class='ocr_carea' id='block_1_1' title="bbox 238 520 2335 547">
    <p class='ocr_par' dir='ltr' id='par_1_1' title="bbox 238 520 2335 547">
     <span class='ocr_line' id='line_1_1' title="bbox 238 520 2335 547; baseline 0.003 -6"><span class='ocrx_word' id='word_1_1' title='bbox 238 521 621 542; x_wconf 61' lang='lat' dir='ltr'>mmm</span> <span class='ocrx_word' id='word_1_2' title='bbox 634 520 1358 542; x_wconf 47' lang='lat' dir='ltr'>mmzquQQm</span> <span class='ocrx_word' id='word_1_3' title='bbox 1367 524 2335 547; x_wconf 45' lang='lat' dir='ltr'>mmmmmmmssmuQ</span> 
     </span>
    </p>
   </div>
   <div class='ocr_carea' id='block_1_2' title="bbox 706 654 1827 831">
    <p class='ocr_par' dir='ltr' id='par_1_2' title="bbox 706 654 1827 831">
     <span class='ocr_line' id='line_1_2' title="bbox 706 654 1827 831; baseline -0.001 -2"><span class='ocrx_word' id='word_1_4' title='bbox 706 654 1827 831; x_wconf 55' lang='lat' dir='ltr'>ARGUMENTuMss</span> 
     </span>
    </p>
   </div>
   <div class='ocr_carea' id='block_1_3' title="bbox 236 986 2354 4279">
    <p class='ocr_par' dir='ltr' id='par_1_3' title="bbox 236 986 2334 1368">
     <span class='ocr_line' id='line_1_3' title="bbox 236 986 2330 1078; baseline 0 -19"><span class='ocrx_word' id='word_1_5' title='bbox 236 1007 521 1078; x_wconf 80' lang='lat' dir='ltr'>Antequam</span> <span class='ocrx_word' id='word_1_6' title='bbox 565 986 966 1077; x_wconf 76' lang='lat' dir='ltr'>argumentum</span> <span class='ocrx_word' id='word_1_7' title='bbox 1011 997 1183 1076; x_wconf 87' lang='lat' dir='ltr'>hujus</span> <span class='ocrx_word' id='word_1_8' title='bbox 1228 999 1507 1057; x_wconf 87' lang='lat' dir='ltr'>orationis</span> <span class='ocrx_word' id='word_1_9' title='bbox 1540 1019 1934 1078; x_wconf 79' lang='lat' dir='ltr'>exponamus,</span> <span class='ocrx_word' id='word_1_10' title='bbox 1973 1001 2330 1077; x_wconf 71' lang='lat' dir='ltr'>praemitten-</span> 
     </span>
     <span class='ocr_line' id='line_1_4' title="bbox 295 1093 2331 1156; baseline 0 -1"><span class='ocrx_word' id='word_1_11' title='bbox 295 1093 413 1155; x_wconf 83' lang='lat' dir='ltr'>dam</span> <span class='ocrx_word' id='word_1_12' title='bbox 450 1095 728 1154; x_wconf 80' lang='lat' dir='ltr'>duximus</span> <span class='ocrx_word' id='word_1_13' title='bbox 758 1107 1085 1153; x_wconf 83' lang='lat' dir='ltr'>accuratam</span> <span class='ocrx_word' id='word_1_14' title='bbox 1128 1099 1191 1153; x_wconf 86' lang='lat' dir='ltr'>P.</span> <span class='ocrx_word' id='word_1_15' title='bbox 1226 1094 1472 1153; x_wconf 84' lang='lat' dir='ltr'>Manutii</span> <span class='ocrx_word' id='word_1_16' title='bbox 1505 1095 1578 1153; x_wconf 94' lang='lat' dir='ltr'>de</span> <span class='ocrx_word' id='word_1_17' title='bbox 1604 1095 1720 1152; x_wconf 77' lang='lat' dir='ltr'>vita</span> <span class='ocrx_word' id='word_1_18' title='bbox 1747 1095 1912 1154; x_wconf 89' lang='lat' dir='ltr'>Coelii</span> <span class='ocrx_word' id='word_1_19' title='bbox 1942 1097 2331 1156; x_wconf 74' lang='lat' dir='ltr'><strong>narrationem</strong></span> 
     </span>
     <span class='ocr_line' id='line_1_5' title="bbox 296 1191 2334 1270; baseline 0 -19"><span class='ocrx_word' id='word_1_20' title='bbox 296 1193 434 1251; x_wconf 88' lang='lat' dir='ltr'>libro</span> <span class='ocrx_word' id='word_1_21' title='bbox 462 1205 673 1250; x_wconf 83' lang='lat' dir='ltr'>octavo</span> <span class='ocrx_word' id='word_1_22' title='bbox 702 1192 1094 1270; x_wconf 86' lang='lat' dir='ltr'>Epistolarum</span> <span class='ocrx_word' id='word_1_23' title='bbox 1123 1191 1305 1250; x_wconf 80' lang='lat' dir='ltr'>Cicer.</span> <span class='ocrx_word' id='word_1_24' title='bbox 1336 1211 1451 1268; x_wconf 87' lang='lat' dir='ltr'>qua</span> <span class='ocrx_word' id='word_1_25' title='bbox 1477 1191 1642 1251; x_wconf 88' lang='lat' dir='ltr'>Coelii</span> <span class='ocrx_word' id='word_1_26' title='bbox 1668 1192 1929 1270; x_wconf 68' lang='lat' dir='ltr'>epistolae</span> <span class='ocrx_word' id='word_1_27' title='bbox 1961 1194 2334 1252; x_wconf 89' lang='lat' dir='ltr'>continentur</span> 
     </span>
     <span class='ocr_line' id='line_1_6' title="bbox 296 1289 672 1368; baseline -0.005 -21"><span class='ocrx_word' id='word_1_28' title='bbox 296 1289 672 1368; x_wconf 84' lang='lat' dir='ltr'>praepositam.</span> 
     </span>
    </p>

    <p class='ocr_par' dir='ltr' id='par_1_4' title="bbox 282 1384 2354 4279">
     <span class='ocr_line' id='line_1_7' title="bbox 363 1384 2334 1465; baseline 0.001 -21"><span class='ocrx_word' id='word_1_29' title='bbox 363 1392 479 1444; x_wconf 77' lang='lat' dir='ltr'>«M.</span> <span class='ocrx_word' id='word_1_30' title='bbox 523 1386 740 1445; x_wconf 85' lang='lat' dir='ltr'>Coelius</span> <span class='ocrx_word' id='word_1_31' title='bbox 784 1385 1008 1459; x_wconf 86' lang='lat' dir='ltr'>Rufus,</span> <span class='ocrx_word' id='word_1_32' title='bbox 1059 1384 1271 1464; x_wconf 87' lang='lat' dir='ltr'>plebeii</span> <span class='ocrx_word' id='word_1_33' title='bbox 1315 1385 1574 1464; x_wconf 86' lang='lat' dir='ltr'>generis,</span> <span class='ocrx_word' id='word_1_34' title='bbox 1617 1398 1786 1465; x_wconf 88' lang='lat' dir='ltr'>patre</span> <span class='ocrx_word' id='word_1_35' title='bbox 1819 1386 2013 1464; x_wconf 88' lang='lat' dir='ltr'>equite</span> <span class='ocrx_word' id='word_1_36' title='bbox 2054 1407 2334 1459; x_wconf 88' lang='lat' dir='ltr'>roman0,</span> 
     </span>
     <span class='ocr_line' id='line_1_8' title="bbox 290 1481 2335 1561; baseline 0.001 -21"><span class='ocrx_word' id='word_1_37' title='bbox 290 1482 531 1540; x_wconf 81' lang='lat' dir='ltr'><strong>Puteolis</strong></span> <span class='ocrx_word' id='word_1_38' title='bbox 561 1496 760 1555; x_wconf 76' lang='lat' dir='ltr'>natuS,</span> <span class='ocrx_word' id='word_1_39' title='bbox 786 1495 1012 1559; x_wconf 86' lang='lat' dir='ltr'>sumpta</span> <span class='ocrx_word' id='word_1_40' title='bbox 1038 1481 1193 1539; x_wconf 79' lang='lat' dir='ltr'>virili</span> <span class='ocrx_word' id='word_1_41' title='bbox 1232 1495 1396 1560; x_wconf 83' lang='lat' dir='ltr'>toga,</span> <span class='ocrx_word' id='word_1_42' title='bbox 1451 1483 1491 1540; x_wconf 92' lang='lat' dir='ltr'>i.</span> <span class='ocrx_word' id='word_1_43' title='bbox 1531 1503 1580 1540; x_wconf 94' lang='lat' dir='ltr'>e.</span> <span class='ocrx_word' id='word_1_44' title='bbox 1615 1502 1828 1540; x_wconf 85' lang='lat' dir='ltr'>annum</span> <span class='ocrx_word' id='word_1_45' title='bbox 1863 1484 2151 1561; x_wconf 83' lang='lat' dir='ltr'>ingressus</span> <span class='ocrx_word' id='word_1_46' title='bbox 2173 1504 2296 1542; x_wconf 82' lang='lat' dir='ltr'>xvu</span> <span class='ocrx_word' id='word_1_47' title='bbox 2317 1526 2335 1554; x_wconf 90' lang='lat'>‚</span> 
     </span>
     <span class='ocr_line' id='line_1_9' title="bbox 293 1577 2332 1659; baseline 0.002 -24"><span class='ocrx_word' id='word_1_48' title='bbox 293 1598 325 1635; x_wconf 84' lang='lat' dir='ltr'>a</span> <span class='ocrx_word' id='word_1_49' title='bbox 348 1593 503 1656; x_wconf 84' lang='lat' dir='ltr'>patre</span> <span class='ocrx_word' id='word_1_50' title='bbox 544 1579 826 1636; x_wconf 89' lang='lat' dir='ltr'>continuo</span> <span class='ocrx_word' id='word_1_51' title='bbox 869 1577 940 1636; x_wconf 91' lang='lat' dir='ltr'>ad</span> <span class='ocrx_word' id='word_1_52' title='bbox 978 1579 1314 1638; x_wconf 79' lang='lat' dir='ltr'>Ciceronem</span> <span class='ocrx_word' id='word_1_53' title='bbox 1346 1577 1627 1637; x_wconf 86' lang='lat' dir='ltr'>deductus</span> <span class='ocrx_word' id='word_1_54' title='bbox 1655 1594 1772 1651; x_wconf 89' lang='lat' dir='ltr'>est,</span> <span class='ocrx_word' id='word_1_55' title='bbox 1812 1581 2072 1639; x_wconf 90' lang='lat' dir='ltr'>nondum</span> <span class='ocrx_word' id='word_1_56' title='bbox 2117 1595 2332 1659; x_wconf 84' lang='lat' dir='ltr'>praeto-</span> 
     </span>
     <span class='ocr_line' id='line_1_10' title="bbox 293 1674 2334 1758; baseline 0.002 -27"><span class='ocrx_word' id='word_1_57' title='bbox 293 1675 460 1743; x_wconf 86' lang='lat' dir='ltr'>rium,</span> <span class='ocrx_word' id='word_1_58' title='bbox 486 1675 589 1732; x_wconf 88' lang='lat' dir='ltr'>sed</span> <span class='ocrx_word' id='word_1_59' title='bbox 615 1675 945 1758; x_wconf 82' lang='lat' dir='ltr'>eloquentia</span> <span class='ocrx_word' id='word_1_60' title='bbox 973 1676 1092 1753; x_wconf 89' lang='lat' dir='ltr'>jam</span> <span class='ocrx_word' id='word_1_61' title='bbox 1123 1688 1181 1733; x_wconf 90' lang='lat' dir='ltr'>et</span> <span class='ocrx_word' id='word_1_62' title='bbox 1208 1674 1515 1754; x_wconf 78' lang='lat' dir='ltr'>probitatis</span> <span class='ocrx_word' id='word_1_63' title='bbox 1552 1677 1826 1755; x_wconf 91' lang='lat' dir='ltr'>opinione</span> <span class='ocrx_word' id='word_1_64' title='bbox 1854 1679 2104 1750; x_wconf 85' lang='lat' dir='ltr'>clarum,</span> <span class='ocrx_word' id='word_1_65' title='bbox 2139 1698 2172 1735; x_wconf 89' lang='lat' dir='ltr'>a</span> <span class='ocrx_word' id='word_1_66' title='bbox 2214 1698 2334 1754; x_wconf 89' lang='lat' dir='ltr'>quo</span> 
     </span>
     <span class='ocr_line' id='line_1_11' title="bbox 293 1773 2331 1852; baseline 0.002 -24"><span class='ocrx_word' id='word_1_67' title='bbox 293 1773 450 1830; x_wconf 87' lang='lat' dir='ltr'>etiam</span> <span class='ocrx_word' id='word_1_68' title='bbox 477 1775 817 1830; x_wconf 82' lang='lat' dir='ltr'>lectissimus</span> <span class='ocrx_word' id='word_1_69' title='bbox 840 1776 1169 1830; x_wconf 82' lang='lat' dir='ltr'><em>adolescens</em></span> <span class='ocrx_word' id='word_1_70' title='bbox 1197 1774 1518 1852; x_wconf 83' lang='lat' dir='ltr'>appellatus</span> <span class='ocrx_word' id='word_1_71' title='bbox 1547 1787 1632 1832; x_wconf 87' lang='lat' dir='ltr'>est</span> <span class='ocrx_word' id='word_1_72' title='bbox 1657 1778 1823 1833; x_wconf 83' lang='lat' dir='ltr'>Verr.</span> <span class='ocrx_word' id='word_1_73' title='bbox 1858 1780 1960 1846; x_wconf 86' lang='lat' dir='ltr'>IV,</span> <span class='ocrx_word' id='word_1_74' title='bbox 1997 1796 2086 1848; x_wconf 83' lang='lat'>¹7·</span> <span class='ocrx_word' id='word_1_75' title='bbox 2123 1780 2192 1832; x_wconf 90' lang='lat' dir='ltr'>In</span> <span class='ocrx_word' id='word_1_76' title='bbox 2226 1776 2331 1833; x_wconf 87' lang='lat' dir='ltr'>illo</span> 
     </span>
     <span class='ocr_line' id='line_1_12' title="bbox 293 1870 2332 1948; baseline 0.002 -21"><span class='ocrx_word' id='word_1_77' title='bbox 293 1870 460 1928; x_wconf 82' lang='lat' dir='ltr'>aetatis</span> <span class='ocrx_word' id='word_1_78' title='bbox 502 1873 649 1929; x_wconf 88' lang='lat' dir='ltr'>flore</span> <span class='ocrx_word' id='word_1_79' title='bbox 688 1892 867 1948; x_wconf 85' lang='lat' dir='ltr'>quum</span> <span class='ocrx_word' id='word_1_80' title='bbox 914 1871 1134 1930; x_wconf 84' lang='lat' dir='ltr'>artibus</span> <span class='ocrx_word' id='word_1_81' title='bbox 1174 1872 1584 1931; x_wconf 82' lang='lat' dir='ltr'>honestissimis</span> <span class='ocrx_word' id='word_1_82' title='bbox 1628 1873 1982 1946; x_wconf 90' lang='lat' dir='ltr'>erudiretur,</span> <span class='ocrx_word' id='word_1_83' title='bbox 2023 1878 2107 1931; x_wconf 87' lang='grc' dir='ltr'>Μ.</span> <span class='ocrx_word' id='word_1_84' title='bbox 2143 1875 2332 1932; x_wconf 81' lang='lat' dir='ltr'>Crassi</span> 
     </span>
     <span class='ocr_line' id='line_1_13' title="bbox 292 1968 2332 2050; baseline 0.001 -25"><span class='ocrx_word' id='word_1_85' title='bbox 292 1968 514 2027; x_wconf 87' lang='lat' dir='ltr'>domum</span> <span class='ocrx_word' id='word_1_86' title='bbox 556 1970 960 2046; x_wconf 79' lang='lat' dir='ltr'>frequentavit.</span> <span class='ocrx_word' id='word_1_87' title='bbox 1004 1973 1204 2027; x_wconf 83' lang='lat' dir='ltr'><strong>Postea</strong></span> <span class='ocrx_word' id='word_1_88' title='bbox 1252 1971 1360 2028; x_wconf 84' lang='lat' dir='ltr'>fuit</span> <span class='ocrx_word' id='word_1_89' title='bbox 1397 1971 1657 2028; x_wconf 86' lang='lat' dir='ltr'>assiduus</span> <span class='ocrx_word' id='word_1_90' title='bbox 1692 1991 1823 2029; x_wconf 87' lang='lat' dir='ltr'>cum</span> <span class='ocrx_word' id='word_1_91' title='bbox 1858 1972 2140 2030; x_wconf 87' lang='lat' dir='ltr'>Cicerone</span> <span class='ocrx_word' id='word_1_92' title='bbox 2181 1992 2332 2050; x_wconf 83' lang='lat' dir='ltr'>prae-</span> 
     </span>
     <span class='ocr_line' id='line_1_14' title="bbox 291 2065 2335 2147; baseline 0.001 -24"><span class='ocrx_word' id='word_1_93' title='bbox 291 2080 432 2137; x_wconf 83' lang='lat' dir='ltr'>tore3</span> <span class='ocrx_word' id='word_1_94' title='bbox 457 2065 945 2143; x_wconf 83' lang='lat' dir='ltr'>candidatumqne</span> <span class='ocrx_word' id='word_1_95' title='bbox 974 2080 1279 2124; x_wconf 82' lang='lat' dir='ltr'>assectatus</span> <span class='ocrx_word' id='word_1_96' title='bbox 1309 2081 1394 2125; x_wconf 91' lang='lat' dir='ltr'>est</span> <span class='ocrx_word' id='word_1_97' title='bbox 1415 2068 1473 2126; x_wconf 92' lang='lat' dir='ltr'>in</span> <span class='ocrx_word' id='word_1_98' title='bbox 1504 2068 1781 2147; x_wconf 88' lang='lat' dir='ltr'>petitione</span> <span class='ocrx_word' id='word_1_99' title='bbox 1801 2069 2147 2126; x_wconf 82' lang='lat' dir='ltr'>consulatus.</span> <span class='ocrx_word' id='word_1_100' title='bbox 2164 2072 2335 2126; x_wconf 82' lang='lat' dir='ltr'>Anno</span> 
     </span>
     <span class='ocr_line' id='line_1_15' title="bbox 290 2164 2331 2242; baseline 0.001 -22"><span class='ocrx_word' id='word_1_101' title='bbox 290 2164 539 2240; x_wconf 79' lang='lat' dir='ltr'>sequenti</span> <span class='ocrx_word' id='word_1_102' title='bbox 564 2164 772 2221; x_wconf 86' lang='lat' dir='ltr'>iterum</span> <span class='ocrx_word' id='word_1_103' title='bbox 792 2164 1011 2242; x_wconf 86' lang='lat' dir='ltr'>petenti</span> <span class='ocrx_word' id='word_1_104' title='bbox 1036 2165 1397 2221; x_wconf 91' lang='lat' dir='ltr'>consulatum</span> <span class='ocrx_word' id='word_1_105' title='bbox 1422 2165 1679 2223; x_wconf 86' lang='lat' dir='ltr'>Catilinae</span> <span class='ocrx_word' id='word_1_106' title='bbox 1704 2164 2331 2223; x_wconf 85' lang='lat' dir='ltr'>studuit.Tribunatum</span> 
     </span>
     <span class='ocr_line' id='line_1_16' title="bbox 291 2261 2334 2342; baseline 0.001 -24"><span class='ocrx_word' id='word_1_107' title='bbox 291 2261 461 2337; x_wconf 82' lang='lat' dir='ltr'>plebis</span> <span class='ocrx_word' id='word_1_108' title='bbox 493 2263 671 2339; x_wconf 82' lang='lat' dir='ltr'>gessit</span> <span class='ocrx_word' id='word_1_109' title='bbox 695 2262 1232 2339; x_wconf 12' lang='lat' dir='ltr'>Pompeioqtertinm</span> <span class='ocrx_word' id='word_1_110' title='bbox 1262 2265 1495 2320; x_wconf 84' lang='lat' dir='ltr'>consule</span> <span class='ocrx_word' id='word_1_111' title='bbox 1516 2307 1532 2334; x_wconf 91' lang='lat'>,</span> <span class='ocrx_word' id='word_1_112' title='bbox 1559 2283 1710 2342; x_wconf 83' lang='lat' dir='ltr'>anno</span> <span class='ocrx_word' id='word_1_113' title='bbox 1737 2262 1884 2325; x_wconf 86' lang='lat' dir='ltr'>Urb.</span> <span class='ocrx_word' id='word_1_114' title='bbox 1918 2284 2023 2336; x_wconf 87' lang='lat'>701</span> <span class='ocrx_word' id='word_1_115' title='bbox 2057 2263 2334 2342; x_wconf 82' lang='lat' dir='ltr'>(quaestor</span> 
     </span>
     <span class='ocr_line' id='line_1_17' title="bbox 299 2357 2334 2437; baseline 0.002 -23"><span class='ocrx_word' id='word_1_116' title='bbox 299 2357 464 2416; x_wconf 79' lang='lat' dir='ltr'>luerat</span> <span class='ocrx_word' id='word_1_117' title='bbox 505 2379 663 2417; x_wconf 88' lang='lat' dir='ltr'>anno</span> <span class='ocrx_word' id='word_1_118' title='bbox 710 2363 784 2419; x_wconf 92' lang='lat' dir='ltr'>U.</span> <span class='ocrx_word' id='word_1_119' title='bbox 822 2357 994 2436; x_wconf 84' lang='lat'>696),</span> <span class='ocrx_word' id='word_1_120' title='bbox 1028 2360 1423 2437; x_wconf 86' lang='lat' dir='ltr'>Milonemquc</span> <span class='ocrx_word' id='word_1_121' title='bbox 1466 2359 1543 2418; x_wconf 90' lang='lat' dir='ltr'>ob</span> <span class='ocrx_word' id='word_1_122' title='bbox 1585 2377 1788 2418; x_wconf 83' lang='lat' dir='ltr'>necem</span> <span class='ocrx_word' id='word_1_123' title='bbox 1833 2364 1894 2419; x_wconf 88' lang='lat' dir='ltr'>P.</span> <span class='ocrx_word' id='word_1_124' title='bbox 1930 2359 2115 2419; x_wconf 81' lang='lat' dir='ltr'>Clodii</span> <span class='ocrx_word' id='word_1_125' title='bbox 2159 2360 2230 2419; x_wconf 85' lang='lat' dir='ltr'>de</span> <span class='ocrx_word' id='word_1_126' title='bbox 2275 2362 2334 2419; x_wconf 78' lang='lat' dir='ltr'>vi</span> 
     </span>
     <span class='ocr_line' id='line_1_18' title="bbox 298 2454 2333 2535; baseline 0.001 -24"><span class='ocrx_word' id='word_1_127' title='bbox 298 2474 471 2527; x_wconf 85' lang='lat' dir='ltr'>reum,</span> <span class='ocrx_word' id='word_1_128' title='bbox 503 2456 923 2513; x_wconf 82' lang='lat' dir='ltr'>studiosissime</span> <span class='ocrx_word' id='word_1_129' title='bbox 953 2455 1230 2513; x_wconf 82' lang='lat' dir='ltr'>defendit.</span> <span class='ocrx_word' id='word_1_130' title='bbox 1279 2462 1409 2529; x_wconf 88' lang='lat' dir='ltr'>Qua</span> <span class='ocrx_word' id='word_1_131' title='bbox 1448 2454 1521 2513; x_wconf 87' lang='lat' dir='ltr'>de</span> <span class='ocrx_word' id='word_1_132' title='bbox 1551 2478 1612 2513; x_wconf 89' lang='lat' dir='ltr'>re</span> <span class='ocrx_word' id='word_1_133' title='bbox 1646 2457 1797 2514; x_wconf 83' lang='lat' dir='ltr'>conf.</span> <span class='ocrx_word' id='word_1_134' title='bbox 1833 2458 2016 2515; x_wconf 90' lang='lat' dir='ltr'>Cicer.</span> <span class='ocrx_word' id='word_1_135' title='bbox 2047 2471 2192 2514; x_wconf 89' lang='lat' dir='ltr'>orat.</span> <span class='ocrx_word' id='word_1_136' title='bbox 2222 2477 2333 2535; x_wconf 88' lang='lat' dir='ltr'>pro</span> 
     </span>
     <span class='ocr_line' id='line_1_19' title="bbox 294 2554 2332 2635; baseline 0 -26"><span class='ocrx_word' id='word_1_137' title='bbox 294 2554 506 2624; x_wconf 73' lang='lat' dir='ltr'>Milone,</span> <span class='ocrx_word' id='word_1_138' title='bbox 527 2574 657 2632; x_wconf 86' lang='lat' dir='ltr'>cap.</span> <span class='ocrx_word' id='word_1_139' title='bbox 685 2554 785 2624; x_wconf 80' lang='lat'>333</span> <span class='ocrx_word' id='word_1_140' title='bbox 808 2558 965 2612; x_wconf 87' lang='lat' dir='ltr'>Brut.</span> <span class='ocrx_word' id='word_1_141' title='bbox 994 2575 1119 2631; x_wconf 88' lang='lat' dir='ltr'>cap.</span> <span class='ocrx_word' id='word_1_142' title='bbox 1149 2576 1241 2631; x_wconf 86' lang='lat'>79.</span> <span class='ocrx_word' id='word_1_143' title='bbox 1266 2559 1584 2613; x_wconf 84' lang='lat' dir='ltr'>Nominant</span> <span class='ocrx_word' id='word_1_144' title='bbox 1607 2569 1663 2613; x_wconf 91' lang='lat' dir='ltr'>ct</span> <span class='ocrx_word' id='word_1_145' title='bbox 1690 2554 1988 2633; x_wconf 85' lang='lat' dir='ltr'>Appianus</span> <span class='ocrx_word' id='word_1_146' title='bbox 2020 2556 2179 2635; x_wconf 88' lang='lat' dir='ltr'>(Bell.</span> <span class='ocrx_word' id='word_1_147' title='bbox 2206 2557 2332 2613; x_wconf 88' lang='lat' dir='ltr'>Civ.</span> 
     </span>
     <span class='ocr_line' id='line_1_20' title="bbox 293 2649 2331 2729; baseline 0 -22"><span class='ocrx_word' id='word_1_148' title='bbox 293 2652 367 2721; x_wconf 86' lang='lat'>11,</span> <span class='ocrx_word' id='word_1_149' title='bbox 397 2651 496 2729; x_wconf 79' lang='lat'>22)</span> <span class='ocrx_word' id='word_1_150' title='bbox 526 2662 587 2707; x_wconf 90' lang='lat' dir='ltr'>et</span> <span class='ocrx_word' id='word_1_151' title='bbox 614 2650 729 2707; x_wconf 90' lang='lat' dir='ltr'>Dio</span> <span class='ocrx_word' id='word_1_152' title='bbox 761 2649 982 2729; x_wconf 82' lang='lat' dir='ltr'>(XLII,</span> <span class='ocrx_word' id='word_1_153' title='bbox 1028 2650 1126 2728; x_wconf 75' lang='lat'>45)</span> <span class='ocrx_word' id='word_1_154' title='bbox 1167 2649 1460 2708; x_wconf 89' lang='lat' dir='ltr'>tribunum</span> <span class='ocrx_word' id='word_1_155' title='bbox 1506 2650 1692 2728; x_wconf 85' lang='lat' dir='ltr'>plebis</span> <span class='ocrx_word' id='word_1_156' title='bbox 1716 2694 1731 2722; x_wconf 96' lang='lat'>,</span> <span class='ocrx_word' id='word_1_157' title='bbox 1781 2668 2131 2728; x_wconf 71' lang='lat' dir='ltr'>quamquam</span> <span class='ocrx_word' id='word_1_158' title='bbox 2177 2650 2331 2727; x_wconf 86' lang='lat' dir='ltr'>apud</span> 
     </span>
     <span class='ocr_line' id='line_1_21' title="bbox 290 2746 2334 2825; baseline 0 -23"><span class='ocrx_word' id='word_1_159' title='bbox 290 2760 589 2824; x_wconf 89' lang='lat' dir='ltr'>utrumque</span> <span class='ocrx_word' id='word_1_160' title='bbox 628 2746 901 2804; x_wconf 82' lang='lat' dir='ltr'>mendose</span> <span class='ocrx_word' id='word_1_161' title='bbox 937 2746 1149 2823; x_wconf 81' lang='lat' dir='ltr'>legitur</span> <span class='ocrx_word' id='word_1_162' title='bbox 1187 2748 1447 2805; x_wconf 88' lang='lat' dir='ltr'>Caecilius</span> <span class='ocrx_word' id='word_1_163' title='bbox 1481 2747 1672 2825; x_wconf 86' lang='lat' dir='ltr'>(quod</span> <span class='ocrx_word' id='word_1_164' title='bbox 1712 2747 1915 2805; x_wconf 87' lang='lat' dir='ltr'>vitium</span> <span class='ocrx_word' id='word_1_165' title='bbox 1955 2747 2013 2804; x_wconf 90' lang='lat' dir='ltr'>in</span> <span class='ocrx_word' id='word_1_166' title='bbox 2052 2747 2334 2804; x_wconf 88' lang='lat' dir='ltr'>recentio-</span> 
     </span>
     <span class='ocr_line' id='line_1_22' title="bbox 288 2844 2333 2925; baseline 0 -24"><span class='ocrx_word' id='word_1_167' title='bbox 288 2844 437 2902; x_wconf 82' lang='lat' dir='ltr'>ribus</span> <span class='ocrx_word' id='word_1_168' title='bbox 463 2844 599 2902; x_wconf 88' lang='lat' dir='ltr'>edd.</span> <span class='ocrx_word' id='word_1_169' title='bbox 634 2857 956 2902; x_wconf 85' lang='lat' dir='ltr'>correctum</span> <span class='ocrx_word' id='word_1_170' title='bbox 997 2857 1118 2915; x_wconf 88' lang='lat' dir='ltr'>est;</span> <span class='ocrx_word' id='word_1_171' title='bbox 1169 2844 1351 2903; x_wconf 86' lang='lat' dir='ltr'>aedilis</span> <span class='ocrx_word' id='word_1_172' title='bbox 1392 2846 1608 2904; x_wconf 85' lang='lat' dir='ltr'>curulis</span> <span class='ocrx_word' id='word_1_173' title='bbox 1643 2846 1750 2903; x_wconf 83' lang='lat' dir='ltr'>suit</span> <span class='ocrx_word' id='word_1_174' title='bbox 1792 2844 1966 2922; x_wconf 87' lang='lat' dir='ltr'>(anno</span> <span class='ocrx_word' id='word_1_175' title='bbox 2005 2849 2078 2904; x_wconf 89' lang='lat' dir='ltr'>U.</span> <span class='ocrx_word' id='word_1_176' title='bbox 2111 2849 2174 2903; x_wconf 94' lang='lat' dir='ltr'>C.</span> <span class='ocrx_word' id='word_1_177' title='bbox 2200 2844 2333 2925; x_wconf 86' lang='lat'><strong>703)</strong></span> 
     </span>
     <span class='ocr_line' id='line_1_23' title="bbox 284 2922 2339 3019; baseline -0 -20"><span class='ocrx_word' id='word_1_178' title='bbox 284 2945 347 2999; x_wconf 89' lang='lat' dir='ltr'>L.</span> <span class='ocrx_word' id='word_1_179' title='bbox 371 2922 577 2999; x_wconf 79' lang='lat' dir='ltr'>Paullo</span> <span class='ocrx_word' id='word_1_180' title='bbox 607 2954 666 2998; x_wconf 88' lang='lat' dir='ltr'>et</span> <span class='ocrx_word' id='word_1_181' title='bbox 689 2944 756 2999; x_wconf 92' lang='lat' dir='ltr'>C.</span> <span class='ocrx_word' id='word_1_182' title='bbox 787 2941 1064 2998; x_wconf 86' lang='lat' dir='ltr'>Marcello</span> <span class='ocrx_word' id='word_1_183' title='bbox 1095 2961 1241 2998; x_wconf 89' lang='lat' dir='ltr'>coss.</span> <span class='ocrx_word' id='word_1_184' title='bbox 1274 2941 1446 3019; x_wconf 82' lang='lat' dir='ltr'>(anno</span> <span class='ocrx_word' id='word_1_185' title='bbox 1474 2946 1547 3002; x_wconf 90' lang='lat' dir='ltr'>U.</span> <span class='ocrx_word' id='word_1_186' title='bbox 1581 2950 1688 3014; x_wconf 69' lang='lat'>704</span> <span class='ocrx_word' id='word_1_187' title='bbox 1714 2985 1729 3013; x_wconf 98' lang='lat'>,</span> <span class='ocrx_word' id='word_1_188' title='bbox 1761 2963 1892 3000; x_wconf 90' lang='lat' dir='ltr'>cum</span> <span class='ocrx_word' id='word_1_189' title='bbox 1926 2946 2009 2999; x_wconf 90' lang='lat' dir='ltr'>M.</span> <span class='ocrx_word' id='word_1_190' title='bbox 2039 2942 2297 3000; x_wconf 80' lang='lat' dir='ltr'>Antonio</span> <span class='ocrx_word' id='word_1_191' title='bbox 2323 2984 2339 3012; x_wconf 92' lang='lat'>,</span> 
     </span>
     <span class='ocr_line' id='line_1_24' title="bbox 286 3022 2335 3116; baseline -0.002 -18"><span class='ocrx_word' id='word_1_192' title='bbox 286 3044 356 3113; x_wconf 90' lang='lat' dir='ltr'>Q.</span> <span class='ocrx_word' id='word_1_193' title='bbox 385 3039 584 3098; x_wconf 81' lang='lat' dir='ltr'>Cassio</span> <span class='ocrx_word' id='word_1_194' title='bbox 619 3052 676 3096; x_wconf 88' lang='lat' dir='ltr'>et</span> <span class='ocrx_word' id='word_1_195' title='bbox 708 3042 770 3098; x_wconf 92' lang='lat' dir='ltr'>C.</span> <span class='ocrx_word' id='word_1_196' title='bbox 799 3040 1051 3097; x_wconf 76' lang='lat' dir='ltr'>Curione</span> <span class='ocrx_word' id='word_1_197' title='bbox 1096 3037 1168 3096; x_wconf 86' lang='lat' dir='ltr'>ad</span> <span class='ocrx_word' id='word_1_198' title='bbox 1219 3045 1495 3096; x_wconf 63' lang='lat' dir='ltr'>Caesarem</span> <span class='ocrx_word' id='word_1_199' title='bbox 1528 3022 1587 3096; x_wconf 86' lang='lat' dir='ltr'>in</span> <span class='ocrx_word' id='word_1_200' title='bbox 1628 3052 1814 3097; x_wconf 88' lang='lat' dir='ltr'>castra</span> <span class='ocrx_word' id='word_1_201' title='bbox 1843 3041 2133 3115; x_wconf 77' lang='lat' dir='ltr'>confugit,</span> <span class='ocrx_word' id='word_1_202' title='bbox 2160 3058 2335 3116; x_wconf 80' lang='lat' dir='ltr'>quem</span> 
     </span>
     <span class='ocr_line' id='line_1_25' title="bbox 286 3135 2341 3213; baseline -0 -20"><span class='ocrx_word' id='word_1_203' title='bbox 286 3135 497 3194; x_wconf 90' lang='lat' dir='ltr'>deinde</span> <span class='ocrx_word' id='word_1_204' title='bbox 541 3148 817 3213; x_wconf 88' lang='lat' dir='ltr'>sequutus</span> <span class='ocrx_word' id='word_1_205' title='bbox 866 3148 950 3193; x_wconf 89' lang='lat' dir='ltr'>est</span> <span class='ocrx_word' id='word_1_206' title='bbox 1001 3136 1059 3192; x_wconf 90' lang='lat' dir='ltr'>in</span> <span class='ocrx_word' id='word_1_207' title='bbox 1097 3135 1496 3212; x_wconf 80' lang='lat' dir='ltr'>Hispaniam),</span> <span class='ocrx_word' id='word_1_208' title='bbox 1544 3148 1759 3212; x_wconf 84' lang='lat' dir='ltr'>praetor</span> <span class='ocrx_word' id='word_1_209' title='bbox 1803 3141 1868 3195; x_wconf 96' lang='lat' dir='ltr'>C.</span> <span class='ocrx_word' id='word_1_210' title='bbox 1914 3139 2141 3193; x_wconf 83' lang='lat' dir='ltr'>Caesare</span> <span class='ocrx_word' id='word_1_211' title='bbox 2181 3141 2240 3192; x_wconf 90' lang='grc' dir='ltr'>ΙΙ</span> <span class='ocrx_word' id='word_1_212' title='bbox 2283 3149 2341 3193; x_wconf 88' lang='lat' dir='ltr'>et</span> 
     </span>
     <span class='ocr_line' id='line_1_26' title="bbox 282 3230 2334 3309; baseline -0 -20"><span class='ocrx_word' id='word_1_213' title='bbox 282 3237 343 3289; x_wconf 89' lang='lat' dir='ltr'>P.</span> <span class='ocrx_word' id='word_1_214' title='bbox 374 3233 619 3291; x_wconf 87' lang='lat' dir='ltr'>Servilio</span> <span class='ocrx_word' id='word_1_215' title='bbox 649 3251 792 3289; x_wconf 80' lang='lat' dir='ltr'>eosS.</span> <span class='ocrx_word' id='word_1_216' title='bbox 821 3232 997 3308; x_wconf 85' lang='lat' dir='ltr'>(anno</span> <span class='ocrx_word' id='word_1_217' title='bbox 1027 3235 1101 3290; x_wconf 93' lang='lat' dir='ltr'>U.</span> <span class='ocrx_word' id='word_1_218' title='bbox 1139 3230 1292 3307; x_wconf 90' lang='lat'><strong>705).</strong></span> <span class='ocrx_word' id='word_1_219' title='bbox 1331 3230 1690 3306; x_wconf 81' lang='lat' dir='ltr'>Eloquentiae</span> <span class='ocrx_word' id='word_1_220' title='bbox 1737 3230 1796 3286; x_wconf 90' lang='lat' dir='ltr'>in</span> <span class='ocrx_word' id='word_1_221' title='bbox 1849 3230 2049 3308; x_wconf 88' lang='lat' dir='ltr'>primis</span> <span class='ocrx_word' id='word_1_222' title='bbox 2099 3250 2334 3309; x_wconf 84' lang='lat' dir='ltr'>operam</span> 
     </span>
     <span class='ocr_line' id='line_1_27' title="bbox 287 3328 2338 3406; baseline 0 -21"><span class='ocrx_word' id='word_1_223' title='bbox 287 3328 466 3400; x_wconf 88' lang='lat' dir='ltr'>dedit,</span> <span class='ocrx_word' id='word_1_224' title='bbox 485 3330 793 3406; x_wconf 89' lang='lat' dir='ltr'>locumque</span> <span class='ocrx_word' id='word_1_225' title='bbox 822 3328 972 3385; x_wconf 88' lang='lat' dir='ltr'>inter</span> <span class='ocrx_word' id='word_1_226' title='bbox 1001 3347 1253 3385; x_wconf 89' lang='lat' dir='ltr'>summos</span> <span class='ocrx_word' id='word_1_227' title='bbox 1283 3339 1547 3384; x_wconf 85' lang='lat' dir='ltr'>oratores</span> <span class='ocrx_word' id='word_1_228' title='bbox 1580 3340 1972 3404; x_wconf 86' lang='lat' dir='ltr'>consequutus</span> <span class='ocrx_word' id='word_1_229' title='bbox 2004 3339 2106 3384; x_wconf 80' lang='lat' dir='ltr'>cst.</span> <span class='ocrx_word' id='word_1_230' title='bbox 2135 3332 2338 3404; x_wconf 87' lang='lat' dir='ltr'>Itaque</span> 
     </span>
     <span class='ocr_line' id='line_1_28' title="bbox 285 3422 2339 3498; baseline 0 -16"><span class='ocrx_word' id='word_1_231' title='bbox 285 3440 335 3483; x_wconf 91' lang='lat' dir='ltr'>et</span> <span class='ocrx_word' id='word_1_232' title='bbox 362 3440 571 3483; x_wconf 86' lang='lat' dir='ltr'>auctor</span> <span class='ocrx_word' id='word_1_233' title='bbox 592 3425 728 3482; x_wconf 86' lang='lat' dir='ltr'>dial.</span> <span class='ocrx_word' id='word_1_234' title='bbox 755 3424 827 3481; x_wconf 87' lang='lat' dir='ltr'>de</span> <span class='ocrx_word' id='word_1_235' title='bbox 855 3422 1201 3482; x_wconf 85' lang='lat' dir='ltr'>Oratoribus</span> <span class='ocrx_word' id='word_1_236' title='bbox 1228 3436 1285 3481; x_wconf 89' lang='lat' dir='ltr'>et</span> <span class='ocrx_word' id='word_1_237' title='bbox 1317 3424 1707 3496; x_wconf 85' lang='lat' dir='ltr'>Quintilianus</span> <span class='ocrx_word' id='word_1_238' title='bbox 1735 3424 1887 3481; x_wconf 88' lang='lat' dir='ltr'>inter</span> <span class='ocrx_word' id='word_1_239' title='bbox 1919 3444 2017 3481; x_wconf 88' lang='lat' dir='ltr'>eos</span> <span class='ocrx_word' id='word_1_240' title='bbox 2044 3437 2304 3483; x_wconf 80' lang='lat' dir='ltr'>oratores</span> <span class='ocrx_word' id='word_1_241' title='bbox 2322 3469 2339 3498; x_wconf 93' lang='lat'>,</span> 
     </span>
     <span class='ocr_line' id='line_1_29' title="bbox 286 3520 2340 3601; baseline 0 -22"><span class='ocrx_word' id='word_1_242' title='bbox 286 3523 375 3599; x_wconf 88' lang='lat' dir='ltr'>qui</span> <span class='ocrx_word' id='word_1_243' title='bbox 410 3521 740 3579; x_wconf 81' lang='lat' dir='ltr'>novissimis</span> <span class='ocrx_word' id='word_1_244' title='bbox 775 3522 913 3601; x_wconf 90' lang='lat' dir='ltr'>reip.</span> <span class='ocrx_word' id='word_1_245' title='bbox 948 3520 1306 3598; x_wconf 84' lang='lat' dir='ltr'>temporibus</span> <span class='ocrx_word' id='word_1_246' title='bbox 1337 3522 1587 3579; x_wconf 89' lang='lat' dir='ltr'>maxime</span> <span class='ocrx_word' id='word_1_247' title='bbox 1619 3521 1926 3579; x_wconf 89' lang='lat' dir='ltr'>floruerint</span> <span class='ocrx_word' id='word_1_248' title='bbox 1963 3521 2197 3580; x_wconf 83' lang='lat' dir='ltr'>Caelium</span> <span class='ocrx_word' id='word_1_249' title='bbox 2244 3542 2340 3579; x_wconf 87' lang='lat' dir='ltr'>re-</span> 
     </span>
     <span class='ocr_line' id='line_1_30' title="bbox 290 3616 2340 3695; baseline 0 -21"><span class='ocrx_word' id='word_1_250' title='bbox 290 3618 499 3692; x_wconf 75' lang='lat' dir='ltr'>ferunt,</span> <span class='ocrx_word' id='word_1_251' title='bbox 527 3638 632 3676; x_wconf 89' lang='lat' dir='ltr'>sua</span> <span class='ocrx_word' id='word_1_252' title='bbox 657 3620 866 3695; x_wconf 89' lang='lat' dir='ltr'>cuique</span> <span class='ocrx_word' id='word_1_253' title='bbox 893 3616 1106 3675; x_wconf 87' lang='lat' dir='ltr'>tributa</span> <span class='ocrx_word' id='word_1_254' title='bbox 1130 3618 1319 3690; x_wconf 89' lang='lat' dir='ltr'>laude,</span> <span class='ocrx_word' id='word_1_255' title='bbox 1345 3616 1630 3691; x_wconf 87' lang='lat' dir='ltr'>Ciceroni,</span> <span class='ocrx_word' id='word_1_256' title='bbox 1654 3619 1881 3691; x_wconf 84' lang='lat' dir='ltr'>Caesari,</span> <span class='ocrx_word' id='word_1_257' title='bbox 1911 3620 2108 3690; x_wconf 91' lang='lat' dir='ltr'>Coelio,</span> <span class='ocrx_word' id='word_1_258' title='bbox 2139 3620 2340 3688; x_wconf 87' lang='lat' dir='ltr'>Calvo,</span> 
     </span>
     <span class='ocr_line' id='line_1_31' title="bbox 292 3714 2343 3795; baseline -0 -22"><span class='ocrx_word' id='word_1_259' title='bbox 292 3719 495 3788; x_wconf 84' lang='lat' dir='ltr'>Bruto,</span> <span class='ocrx_word' id='word_1_260' title='bbox 543 3715 779 3784; x_wconf 80' lang='lat' dir='ltr'>Asinio,</span> <span class='ocrx_word' id='word_1_261' title='bbox 813 3714 1111 3774; x_wconf 79' lang='lat' dir='ltr'>Messallae.</span> <span class='ocrx_word' id='word_1_262' title='bbox 1154 3716 1313 3772; x_wconf 87' lang='lat' dir='ltr'>Coelii</span> <span class='ocrx_word' id='word_1_263' title='bbox 1355 3728 1545 3774; x_wconf 90' lang='lat' dir='ltr'>tamen</span> <span class='ocrx_word' id='word_1_264' title='bbox 1578 3716 1791 3794; x_wconf 85' lang='lat' dir='ltr'>scripta</span> <span class='ocrx_word' id='word_1_265' title='bbox 1820 3718 2017 3795; x_wconf 84' lang='lat' dir='ltr'>paullo</span> <span class='ocrx_word' id='word_1_266' title='bbox 2047 3716 2343 3794; x_wconf 83' lang='lat' dir='ltr'>asperiora</span> 
     </span>
     <span class='ocr_line' id='line_1_32' title="bbox 296 3812 2343 3890; baseline 0.001 -22"><span class='ocrx_word' id='word_1_267' title='bbox 296 3826 343 3868; x_wconf 86' lang='lat' dir='ltr'>et</span> <span class='ocrx_word' id='word_1_268' title='bbox 366 3813 768 3889; x_wconf 82' lang='lat' dir='ltr'>antiquitatem</span> <span class='ocrx_word' id='word_1_269' title='bbox 804 3812 1068 3869; x_wconf 84' lang='lat' dir='ltr'>redolere</span> <span class='ocrx_word' id='word_1_270' title='bbox 1108 3813 1228 3870; x_wconf 87' lang='lat' dir='ltr'>visa</span> <span class='ocrx_word' id='word_1_271' title='bbox 1255 3827 1407 3870; x_wconf 87' lang='lat' dir='ltr'>sunt.</span> <span class='ocrx_word' id='word_1_272' title='bbox 1452 3819 1540 3870; x_wconf 92' lang='lat' dir='ltr'>De</span> <span class='ocrx_word' id='word_1_273' title='bbox 1581 3833 1699 3890; x_wconf 91' lang='lat' dir='ltr'>quo</span> <span class='ocrx_word' id='word_1_274' title='bbox 1737 3814 1817 3871; x_wconf 90' lang='lat' dir='ltr'>sic</span> <span class='ocrx_word' id='word_1_275' title='bbox 1854 3825 2058 3870; x_wconf 80' lang='lat' dir='ltr'>auctor</span> <span class='ocrx_word' id='word_1_276' title='bbox 2096 3814 2231 3874; x_wconf 88' lang='lat' dir='ltr'>dial.</span> <span class='ocrx_word' id='word_1_277' title='bbox 2269 3813 2343 3870; x_wconf 90' lang='lat' dir='ltr'>de</span> 
     </span>
     <span class='ocr_line' id='line_1_33' title="bbox 296 3907 2348 3987; baseline 0 -22"><span class='ocrx_word' id='word_1_278' title='bbox 296 3908 668 3980; x_wconf 80' lang='lat' dir='ltr'>Oratoribus,</span> <span class='ocrx_word' id='word_1_279' title='bbox 696 3929 824 3987; x_wconf 87' lang='lat' dir='ltr'>cap.</span> <span class='ocrx_word' id='word_1_280' title='bbox 862 3910 930 3967; x_wconf 81' lang='lat'>18</span> <span class='ocrx_word' id='word_1_281' title='bbox 958 3932 970 3965; x_wconf 72' lang='grc' dir='ltr'><strong><em>ε</em></strong></span> <span class='ocrx_word' id='word_1_282' title='bbox 1011 3936 1035 3962; x_wconf 79' lang='grc' dir='ltr'>ιι</span> <span class='ocrx_word' id='word_1_283' title='bbox 1055 3914 1180 3969; x_wconf 89' lang='lat' dir='ltr'>Ser.</span> <span class='ocrx_word' id='word_1_284' title='bbox 1211 3908 1399 3968; x_wconf 82' lang='lat' dir='ltr'>Galba</span> <span class='ocrx_word' id='word_1_285' title='bbox 1438 3923 1496 3967; x_wconf 85' lang='lat' dir='ltr'>et</span> <span class='ocrx_word' id='word_1_286' title='bbox 1539 3913 1600 3971; x_wconf 91' lang='lat' dir='ltr'>C.</span> <span class='ocrx_word' id='word_1_287' title='bbox 1633 3907 1826 3969; x_wconf 83' lang='lat' dir='ltr'>Carbo</span> <span class='ocrx_word' id='word_1_288' title='bbox 1871 3922 2007 3968; x_wconf 88' lang='lat' dir='ltr'>sunt</span> <span class='ocrx_word' id='word_1_289' title='bbox 2033 3909 2258 3968; x_wconf 87' lang='lat' dir='ltr'>horridi</span> <span class='ocrx_word' id='word_1_290' title='bbox 2289 3922 2348 3967; x_wconf 90' lang='lat' dir='ltr'>et</span> 
     </span>
     <span class='ocr_line' id='line_1_34' title="bbox 294 4004 2344 4083; baseline -0 -22"><span class='ocrx_word' id='word_1_291' title='bbox 294 4004 565 4083; x_wconf 87' lang='lat' dir='ltr'>impoliti,</span> <span class='ocrx_word' id='word_1_292' title='bbox 597 4018 655 4061; x_wconf 88' lang='lat' dir='ltr'>et</span> <span class='ocrx_word' id='word_1_293' title='bbox 686 4004 897 4074; x_wconf 75' lang='lat' dir='ltr'>rudeS,</span> <span class='ocrx_word' id='word_1_294' title='bbox 946 4017 1005 4062; x_wconf 85' lang='lat' dir='ltr'>et</span> <span class='ocrx_word' id='word_1_295' title='bbox 1045 4005 1321 4064; x_wconf 80' lang='lat' dir='ltr'>informes</span> <span class='ocrx_word' id='word_1_296' title='bbox 1343 4048 1358 4075; x_wconf 90' lang='lat'>‚</span> <span class='ocrx_word' id='word_1_297' title='bbox 1402 4018 1459 4062; x_wconf 88' lang='lat' dir='ltr'>et</span> <span class='ocrx_word' id='word_1_298' title='bbox 1495 4024 1643 4081; x_wconf 87' lang='lat' dir='ltr'>quos</span> <span class='ocrx_word' id='word_1_299' title='bbox 1683 4004 1903 4064; x_wconf 89' lang='lat' dir='ltr'>utinam</span> <span class='ocrx_word' id='word_1_300' title='bbox 1944 4006 2199 4064; x_wconf 86' lang='lat' dir='ltr'>imitatus</span> <span class='ocrx_word' id='word_1_301' title='bbox 2228 4024 2344 4061; x_wconf 87' lang='lat' dir='ltr'>non</span> 
     </span>
     <span class='ocr_line' id='line_1_35' title="bbox 296 4101 2348 4180; baseline -0 -21"><span class='ocrx_word' id='word_1_302' title='bbox 296 4116 439 4159; x_wconf 61' lang='lat' dir='ltr'>esset</span> <span class='ocrx_word' id='word_1_303' title='bbox 470 4101 682 4161; x_wconf 83' lang='lat' dir='ltr'>Calvus</span> <span class='ocrx_word' id='word_1_304' title='bbox 714 4114 920 4173; x_wconf 83' lang='lat' dir='ltr'>vester,</span> <span class='ocrx_word' id='word_1_305' title='bbox 951 4115 1051 4158; x_wconf 87' lang='lat' dir='ltr'>aut</span> <span class='ocrx_word' id='word_1_306' title='bbox 1086 4103 1332 4172; x_wconf 72' lang='lat' dir='ltr'>Coelius,</span> <span class='ocrx_word' id='word_1_307' title='bbox 1379 4114 1480 4159; x_wconf 80' lang='lat' dir='ltr'>aut</span> <span class='ocrx_word' id='word_1_308' title='bbox 1514 4101 1640 4180; x_wconf 86' lang='lat' dir='ltr'>ipse</span> <span class='ocrx_word' id='word_1_309' title='bbox 1680 4102 1882 4162; x_wconf 85' lang='lat' dir='ltr'>Cicero</span> <span class='ocrx_word' id='word_1_310' title='bbox 1903 4129 1945 4161; x_wconf 62' lang='grc' dir='ltr'>ι).</span> <span class='ocrx_word' id='word_1_311' title='bbox 1977 4107 2048 4160; x_wconf 91' lang='lat' dir='ltr'>Et</span> <span class='ocrx_word' id='word_1_312' title='bbox 2075 4123 2201 4179; x_wconf 80' lang='lat' dir='ltr'>cap.</span> <span class='ocrx_word' id='word_1_313' title='bbox 2238 4120 2307 4156; x_wconf 67' lang='grc' dir='ltr'>αι</span> <span class='ocrx_word' id='word_1_314' title='bbox 2335 4123 2348 4158; x_wconf 89' lang='lat'><strong>:</strong></span> 
     </span>
     <span class='ocr_line' id='line_1_36' title="bbox 303 4194 2354 4279; baseline 0.001 -24"><span class='ocrx_word' id='word_1_315' title='bbox 303 4224 325 4248; x_wconf 82' lang='grc' dir='ltr'>ι</span> <span class='ocrx_word' id='word_1_316' title='bbox 342 4198 535 4272; x_wconf 75' lang='lat' dir='ltr'>Quid?</span> <span class='ocrx_word' id='word_1_317' title='bbox 558 4219 630 4257; x_wconf 84' lang='lat' dir='ltr'>ex</span> <span class='ocrx_word' id='word_1_318' title='bbox 656 4197 929 4257; x_wconf 85' lang='lat' dir='ltr'>Coelianis</span> <span class='ocrx_word' id='word_1_319' title='bbox 953 4197 1349 4256; x_wconf 76' lang='lat' dir='ltr'>orationibus?</span> <span class='ocrx_word' id='word_1_320' title='bbox 1372 4219 1580 4279; x_wconf 89' lang='lat' dir='ltr'>nempe</span> <span class='ocrx_word' id='word_1_321' title='bbox 1610 4199 1733 4258; x_wconf 81' lang='lat' dir='ltr'>haec</span> <span class='ocrx_word' id='word_1_322' title='bbox 1755 4201 2018 4278; x_wconf 83' lang='lat' dir='ltr'>placent,</span> <span class='ocrx_word' id='word_1_323' title='bbox 2052 4198 2112 4255; x_wconf 90' lang='lat' dir='ltr'>in</span> <span class='ocrx_word' id='word_1_324' title='bbox 2139 4194 2354 4273; x_wconf 82' lang='lat' dir='ltr'>quibus</span> 
     </span>
    </p>
   </div>
  </div>
 </body>
</html>
