2994 4778
614 431 751 501 338
1235 429 1330 495 M.
1386 430 1462 496 T.
1519 429 2094 499 CICERONIS

605 568 710 622 tes
731 606 750 637 ,
781 565 855 621 et
886 553 1129 620 Graeca
1170 548 1411 617 omnia
1442 549 1831 619 nominata.
1874 546 2016 619 Sed
2043 572 2274 645 quum
2305 548 2541 635 illam,
2573 576 2729 648 quae

603 667 929 734 Graecum
957 655 1135 727 illud
1173 680 1450 728 sacrum
1483 672 1918 730 monstraret
1954 675 2025 730 et
2060 657 2325 731 faceret
2346 715 2367 748 ,
2407 686 2500 732 ex
2539 665 2729 733 Grae-

596 776 703 843 cia
739 769 1173 866 deligerent,
1225 781 1467 837 tamen
1504 792 1699 838 sacra
1739 793 1875 866 pro
1916 768 2189 840 civibus
2223 776 2458 843 civem
2494 771 2725 845 facere

594 881 983 953 'voluerunt
1010 932 1028 962 ,
1066 867 1149 947 ut
1189 875 1361 947 deos
1405 877 1844 949 immortales
1894 880 2189 949 scientia
2231 883 2617 977 peregrina
2660 897 2725 953 et

600 1007 891 1063 externa
912 1044 931 1075 ,
980 1001 1219 1057 mente
1269 986 1659 1057 domestica
1717 1002 1789 1058 et
1842 988 2030 1058 civili
2086 1004 2529 1086 precaretur.
2588 996 2724 1063 Has

514 1133 521 1138 ¹
600 1098 1002 1172 sacerdotes
1041 1094 1250 1165 video
1300 1092 1449 1164 fere
1489 1110 1614 1164 aut
1669 1096 2217 1194 Neapolitanas,
2271 1116 2400 1171 aut
2444 1102 2723 1173 Velien-

596 1223 751 1283 ses9
789 1208 1043 1291 fuisse,
1085 1205 1595 1276 foederatarum
1636 1207 1791 1277 sine
1821 1207 2049 1279 dubio
2082 1213 2481 1281 civitatum.
2511 1213 2720 1282 Mitto

594 1335 869 1403 vetera3
909 1320 1233 1414 proxima
1270 1313 1436 1386 dico
1476 1340 1491 1381 ε
1533 1328 1698 1386 ante
1731 1318 2088 1388 civitatem
2115 1317 2565 1391 Veliensibus
2594 1318 2721 1391 da·

594 1447 740 1503 tam
762 1484 780 1515 ,
822 1428 911 1499 de
938 1441 1227 1498 senatus
1251 1425 1607 1496 sententia
1640 1428 1717 1494 C.
1741 1426 2102 1498 Valerium
2142 1428 2473 1500 Flaccum
2493 1485 2513 1517 ,
2544 1454 2721 1527 prae·

591 1558 827 1613 torem
850 1536 1235 1620 urbanum,
1251 1535 1677 1605 nominatim
1699 1535 1787 1605 ad
1816 1536 2171 1633 populum
2191 1537 2282 1610 de
2303 1538 2725 1638 Calliphana

596 1652 957 1733 Veliense‚
995 1664 1078 1718 ut
1108 1671 1189 1717 ea
1212 1646 1382 1716 civis
1406 1669 1704 1716 romana
1738 1661 1923 1717 esset
1942 1700 1963 1731 ,
1998 1647 2262 1719 tulisse.
2286 1652 2481 1719 Num
2510 1651 2728 1747 igitur

591 1774 715 1830 aut
742 1756 1011 1828 fundos
1038 1753 1264 1826 factos
1294 1753 1662 1825 Velienses
1680 1808 1699 1841 ,
1732 1770 1855 1826 aut
1884 1756 2333 1829 sacerdotem
2360 1756 2562 1829 illam
2581 1813 2602 1846 ,
2629 1762 2724 1830 ci-

592 1894 751 1938 vem
782 1890 1152 1938 romanam
1181 1864 1437 1936 factam
1464 1889 1616 1934 non
1647 1888 1831 1947 esse,
1860 1880 1984 1936 aut
2005 1863 2244 1938 foedus
2265 1881 2343 1937 et
2371 1893 2416 1939 a
2449 1885 2728 1957 senatu,

593 1994 664 2050 et
691 2003 733 2048 a
765 1976 1043 2076 populo
1069 1999 1369 2047 romano
1406 1973 1750 2046 violatum
1788 1973 2358 2048 arbitrabimur?

685 2092 904 2160 XXV.
945 2086 1273 2182 Intelligo
1296 2138 1315 2168 ‚
1365 2083 1677 2180 judiceS,
1720 2087 1796 2155 in
1832 2105 2046 2157 causa
2080 2102 2363 2185 aperta,
2395 2091 2728 2160 minime·

593 2223 736 2296 que
779 2196 1038 2285 dubia,
1072 2195 1303 2267 multo
1346 2209 1418 2266 et
1455 2193 1703 2291 plura,
1733 2209 1806 2266 et
1837 2219 1878 2265 a
1914 2197 2251 2294 pluribus
2278 2199 2723 2296 peritissimis

590 2332 743 2380 esse
765 2306 987 2392 dicta,
1024 2329 1243 2403 quam
1268 2327 1381 2375 res
1407 2304 1823 2401 postularet.
1849 2304 1991 2376 Sed
2016 2305 2087 2377 id
2111 2305 2380 2378 factum
2403 2321 2547 2393 est,
2570 2333 2729 2379 non

597 2437 675 2492 ut
715 2419 926 2491 vobis
970 2442 1124 2489 rem
1169 2433 1317 2505 tarn
1351 2415 1805 2512 perspicuam
1858 2413 2166 2487 dicendo
2211 2416 2728 2515 probaremus,

593 2556 843 2603 verum
873 2544 955 2600 ut
991 2529 1318 2598 omnium
1358 2524 1860 2595 malivolorum
1890 2579 1909 2612 ‚
1952 2528 2374 2625 iniquorum
2399 2583 2420 2614 ,
2457 2529 2731 2600 invido·

590 2667 751 2713 rum
795 2642 1071 2711 animos
1108 2636 1638 2733 frangeremus3
1683 2660 1870 2731 quos
1919 2653 2003 2707 ut
2050 2653 2426 2710 accusator
2471 2642 2732 2711 incen-

591 2749 828 2833 deret,
866 2763 946 2819 ut
998 2746 1217 2842 aliqui
1253 2755 1270 2785 ¹
1326 2768 1708 2815 sermones
1741 2744 2120 2819 hominum
2149 2803 2168 2836 ‚
2215 2749 2468 2820 alienis
2519 2748 2732 2820 bonis

593 2860 1050 2931 moerentium
1074 2908 1092 2939 ,
1137 2859 1349 2925 etiam
1382 2854 1473 2925 ad
1517 2868 1786 2926 vestras
1829 2883 2036 2930 aures
2076 2877 2619 2957 permanarent,
2654 2875 2734 2932 et

592 2973 665 3042 in
688 2968 960 3067 judicio
992 2967 1151 3064 ipso
1178 2963 1672 3036 redundarent
1692 3019 1710 3050 ,
1738 2965 2002 3038 idcirco
2030 2969 2146 3039 illa
2182 2970 2255 3039 in
2287 2973 2491 3040 omni
2522 2985 2731 3068 parte

591 3079 936 3152 orationis
978 3100 1257 3148 summa
1299 3090 1450 3146 arte
1491 3075 1823 3172 adspergi
1868 3077 2261 3150 videbatis:
2304 3094 2462 3150 tum
2503 3104 2734 3177 pecu-

594 3193 784 3261 niam
815 3194 889 3259 L.
920 3186 1271 3271 Cornelii,
1300 3211 1458 3283 quae
1481 3208 1721 3282 neque
1754 3187 2144 3260 invidiosa²
2177 3204 2284 3260 est
2306 3245 2325 3273 ,
2353 3204 2427 3260 et
2447 3244 2466 3275 ,
2497 3212 2732 3284 quan—

596 3315 985 3395 tacumque
1041 3313 1187 3384 est,
1226 3292 1582 3391 ejusmodi
1629 3309 1773 3382 est,
1815 3311 1896 3367 ut
1943 3295 2410 3370 conservata-³
2456 3298 2730 3393 magis,

666 3526 715 3573 9.
750 3510 1004 3559 Velienses.
1034 3511 1171 3557 Velia
1199 3511 1315 3557 urbs
1339 3527 1491 3573 graeca
1516 3521 1615 3559 erat
1703 3504 1935 3554 invidiam
1958 3507 2216 3555 conciliare
2235 3507 2310 3555 illi
2328 3507 2508 3563 debat,
2534 3504 2738 3552 ἆάῐῑᾶθ

594 3592 910 3641 Phocaeorum
935 3589 1127 3636 colonia
1144 3622 1158 3645 ‚
1187 3588 1273 3651 qui
1304 3588 1475 3635 coeam
1494 3600 1615 3636 tem·
1702 3603 1803 3635 eoae
1847 3588 1910 3635 ab
1958 3588 2099 3636 initio
2135 3587 2398 3652 locupletia
2439 3587 2741 3650 patrimonii

594 3686 715 3736 pore
733 3668 996 3717 Massiliam
1019 3656 1358 3715 condiderant.
1701 3667 1969 3729 profectam
1987 3702 2002 3726 ‚
2051 3666 2352 3731 honesteque
2400 3677 2623 3722 auctam3
2679 3676 2744 3713 ut

666 3751 833 3798 XXV.
888 3764 929 3795 1.
977 3748 1163 3794 Emest.
1205 3747 1334 3807 conj.
1381 3745 1611 3810 maligni,
1701 3746 1984 3807 profusione
2014 3756 2296 3811 sumptuum
2326 3760 2432 3793 non
2463 3744 2746 3808 dissipata,

595 3829 833 3894 probante
854 3826 1071 3874 Weskio.
1097 3827 1147 3874 J.
1168 3826 1232 3871 V.
1260 3827 1314 3872 L.
1702 3824 2088 3889 negligentiaque
2136 3842 2238 3872 non
2281 3824 2500 3888 dilapsa,
2534 3824 2607 3872 sie
2655 3839 2748 3871 ne·

666 3923 718 3956 a.
764 3907 885 3969 Qun
909 3921 1065 3970 neque
1090 3904 1326 3952 invidiosa
1367 3914 1453 3953 est.
1499 3903 1613 3952 Non
1701 3919 1797 3968 qne
1822 3904 1962 3952 malis
1996 3903 2179 3952 artibus
2215 3915 2500 3951 coacervata
2520 3938 2537 3961 ,
2567 3902 2744 3950 videa-

594 3998 728 4036 tanta
746 4022 762 4048 ‚
786 3997 842 4035 ut
859 3985 1090 4033 invidiam
1110 4000 1277 4049 parere
1299 3984 1491 4033 debeat.
1701 3992 1797 4029 tur.
1822 3982 1917 4031 Sed
1934 3981 2065 4029 huuc
2083 3997 2276 4031 sensum
2291 3998 2396 4031 ease
2414 3981 2748 4029 commodu-

666 4064 716 4112 3.
758 4065 1049 4113 Conservam
1079 4064 1254 4129 magis.
1290 4063 1429 4111 Balbi
1460 4078 1613 4128 pecu-
1700 4071 1841 4124 negat
1882 4061 2127 4108 Ernestius
2145 4095 2160 4117 ‚
2205 4070 2254 4108 et
2298 4076 2394 4125 pro
2444 4071 2752 4110 commu

596 4148 726 4195 inam
741 4145 873 4195 ‘dicit
904 4160 1006 4191 non
1043 4144 1108 4191 ita
1135 4159 1238 4190 esse
1269 4141 1497 4205 grandem
1512 4174 1530 4199 ‚
1556 4152 1615 4190 ut
1701 4139 1903 4199 conjicit
1914 4149 2218 4201 comparata.
2242 4139 2433 4186 Vellem
2448 4139 2752 4203 cogitasset,
