2994 4778
660 400 1052 469 ORATIO
1100 405 1295 471 PRO
1346 406 1414 471 P.
1469 404 1864 473 SEXTIO.
2217 406 2313 503 69

210 547 359 593 non
401 521 733 602 multum.
778 522 915 592 Sed
950 535 1188 592 tamen
1224 521 1718 593 sedulitatem⁴
1761 537 1970 622 atque
2020 528 2311 624 integri-

218 648 416 703 tatem
438 630 467 675 ⁵
507 631 827 702 hominis
867 630 1136 701 videtis,
1164 631 1539 728 Ingredior
1562 633 1711 725 jam
1753 637 1825 702 in
1855 637 2064 705 Sextii
2097 638 2315 709 tribu-

214 756 475 812 natum.
518 744 701 812 Nam
744 739 885 811 hoc
925 741 1237 837 primum
1281 742 1415 811 iter
1458 740 1866 837 designatus
1910 743 2313 839 reipublicae

210 875 409 922 causa
464 849 800 946 suscepit.
852 850 1210 920 Pertinere
1255 863 1329 920 et
1379 849 1463 920 ad
1512 849 2023 921 concordiam⁶
2059 854 2310 924 civium

204 962 514 1057 putavit,
542 972 617 1029 et
640 957 731 1028 ad
758 955 1185 1056 perficiundi
1211 956 1614 1031 facultatem
1635 1012 1656 1047 ,
1684 961 2002 1030 animum
2034 964 2317 1032 Caesaris

203 1094 238 1139 a
268 1093 489 1140 causa
522 1093 679 1138 non
716 1066 1129 1140 abhorrere.

290 1178 497 1249 Abiit
548 1177 670 1247 ille
721 1201 953 1247 annus
974 1186 1036 1263 ⁷;
1072 1177 1455 1274 respirasse
1499 1177 1827 1250 homines
1866 1176 2317 1266 videbantur,

205 1287 538 1358 nondum
577 1310 696 1375 re,
742 1285 868 1358 sed
920 1311 1048 1383 spe
1092 1286 1502 1383 reipublicae
1543 1287 2064 1385 recuperandae.
2110 1291 2318 1358 Exie-

201 1412 365 1468 runt
417 1395 633 1466 malis
689 1394 1053 1466 ominibus
1096 1408 1309 1492 atque
1334 1397 1938 1468 exsecrationibus
1982 1397 2131 1468 duo
2170 1398 2319 1468 vul-

205 1510 359 1578 turii
414 1501 794 1603 paludati⁸
833 1531 850 1574 τ
897 1503 1163 1601 quibus
1201 1507 1476 1576 utinam
1527 1508 1694 1604 ipsis
1745 1509 2147 1579 evenissent
2191 1533 2314 1595 ea,

205 1641 353 1713 quae
396 1631 566 1685 tum
618 1614 952 1685 homines
998 1612 1508 1711 precabantur!
1564 1640 1804 1711 neque
1852 1640 1984 1686 nos
2027 1617 2316 1712 provin-

204 1726 368 1796 ciam
406 1721 912 1800 Macedoniam
954 1745 1118 1792 cum
1155 1725 1503 1819 exercitu,
1541 1748 1780 1821 neque
1813 1725 2204 1821 equitatum
2237 1727 2311 1795 in

204 1836 390 1929 Syria
430 1846 507 1903 et
550 1829 890 1902 cohortes
923 1833 1228 1926 optimas
1263 1831 1839 1929 perdidissemus.
1878 1839 2140 1906 Ineunt
2172 1859 2315 1913 ma·

203 1945 575 2039 gistratum
606 1938 880 2011 tribuni
909 1939 1163 2037 plebis,
1192 1943 1317 2037 qui
1344 1967 1595 2015 omnes
1634 1968 1709 2014 se
1745 1942 1834 2015 de
1860 1968 1977 2015 me
2005 1944 2313 2040 promul-

204 2068 487 2148 gaturos
525 2049 1060 2122 confirmarant.
1101 2055 1222 2152 Ex'
1245 2050 1357 2120 his
1398 2057 1727 2150 princeps
1763 2054 2023 2123 emitur
2054 2052 2143 2123 ab
2182 2055 2311 2123 ini-

206 2164 391 2233 micis
411 2162 601 2232 meis
626 2162 687 2230 is
703 2215 722 2246 ‚
752 2158 1323 2255 quem'homines
1342 2160 1417 2230 in
1444 2160 1638 2231 luctu
1669 2160 2073 2249 irridentes,
2096 2165 2313 2233 Grac-

207 2272 409 2343 chum
452 2268 916 2342 vocabante:
966 2270 1307 2365 quoniam
1362 2269 1433 2339 id
1480 2271 1691 2340 etiam
1739 2268 1964 2339 fatum
2014 2272 2312 2340 civitatis

210 2379 368 2468 fuit,
395 2396 479 2452 ut
512 2380 634 2451 illa
672 2405 763 2450 ex
798 2378 1191 2475 vepreculis
1230 2393 1540 2450 extracta
1579 2379 1975 2458 nitedula¹⁰
2014 2405 2308 2478 rempu-

204 2490 457 2563 blicam
486 2504 872 2563 conaretur
908 2487 1259 2560 arrodere.
1290 2488 1547 2560 Alter¹¹
1582 2513 1790 2577 vero,
1825 2514 1970 2561 non
2005 2490 2124 2561 ille
2152 2496 2309 2561 Ser-

198 2714 326 2758 eem,
349 2697 607 2763 perstricto
629 2695 828 2752 eodem,
850 2694 1199 2758 deploraverat.

264 2787 313 2832 ⁴.
365 2775 703 2825 sedulitatem.
756 2773 905 2837 Quod
956 2773 1095 2820 iverit
1142 2773 1206 2821 ad

198 2857 438 2906 ean-rem.

1363 2703 1410 2756 7'.
1431 2697 1525 2745 1110
1542 2713 1714 2745 annus.
1740 2698 1854 2761 Quo
1871 2697 1982 2744 Piso
2002 2707 2052 2744 et
2070 2696 2304 2744 Gabinius

1289 2774 1512 2823 consules
1535 2776 1747 2824 suerunt.

1361 2847 1408 2893 8.
1439 2847 1647 2894 malentis·
1657 2846 1903 2910 paludati.
1931 2847 2210 2911 Direptores
2230 2847 2303 2895 illi

262 2935 314 2982 5.
349 2931 707 2995 Integritatem.
740 2928 889 2993 Quod
926 2929 978 2975 in
1012 2929 1205 2977 Cicero·

196 3029 299 3063 κω
314 3046 330 3071 ,
350 3012 451 3058 hoc
467 3020 541 3057 est
553 3044 570 3066 ,
593 3009 645 3055 in
662 3009 814 3071 ipsam
830 3006 1174 3071 rempublicam
1187 3042 1202 3066 ,

196 3094 378 3156 optime
399 3091 549 3137 suerit
566 3086 1056 3135 animatns21aborem
1076 3088 1202 3133 euim

199 3188 282 3234 pro
308 3187 394 3228 eo,
425 3183 572 3232 quem
596 3183 694 3215 non
724 3165 913 3230 diligit,
937 3182 1077 3214 nemo
1106 3166 1203 3213 sere

198 3250 409 3314 ancipit.

262 3330 311 3377 ⁶.
359 3323 687 3377 conoerdiam
739 3321 932 3370 civium.
985 3323 1111 3370 Nam
1159 3323 1202 3370 si

198 3423 300 3454 enm
326 3406 507 3456 Clodio
534 3403 829 3452 consentiret
856 3403 1045 3460 Caesar,
1069 3401 1201 3448 haud

196 3486 352 3549 panno
386 3485 500 3550 plus
537 3485 591 3530 in
627 3480 923 3529 restituendo
969 3481 1200 3529 Cicerone

198 3564 513 3613 mentionis
553 3562 721 3610 fuisset
751 3575 767 3609 ε
808 3574 995 3607 eausam
1038 3569 1200 3606 antem

198 3643 431 3691 Ciceronis
456 3657 559 3690 non
589 3651 755 3704 aperte
782 3639 939 3686 Cesar
959 3638 1109 3698 juvit,
1138 3651 1199 3684 ne

200 3720 409 3769 modium
438 3720 688 3768 homiuem
718 3715 999 3781 popularem
1038 3726 1088 3764 et
1130 3716 1198 3762 fs-

201 3798 567 3848 etioeuneontra
576 3814 629 3844 se
642 3796 855 3843 irritaret
864 3795 1011 3858 :juvit
1024 3805 1200 3852 tamen,

200 3887 258 3924 nt
284 3877 363 3928 illa
381 3880 515 3928 rerba
547 3877 886 3926 demonstrant
920 3873 971 3919 in
997 3871 1198 3936 epistola

197 3955 260 4002 sd
300 3956 534 4004 lentulum
571 3970 588 4004 τ
635 3955 831 4008 «Sese,
860 3965 966 4012 qnae
1001 3949 1061 3997 de
1096 3965 1196 3997 mea

196 4032 349 4084 salute.
359 4036 513 4098 egisset
522 4070 538 4095 ‚
552 4034 813 4083 voluntate
825 4029 1021 4078 Coesaris
1033 4030 1198 4092 egisse,

198 4111 350 4176 ipsun
365 4131 515 4164 rusum
532 4116 735 4164 fratrem
754 4119 954 4159 testatus
972 4119 1044 4156 est
1060 4130 1101 4156 n.

1291 2935 1339 2972 et
1361 2926 1677 2988 expilatores,
1709 2926 1793 2989 qni
1825 2924 2165 2989 paludamento
2199 2937 2306 2974 tan·

1291 3012 1392 3050 tum
1414 3003 1724 3067 imperatores
1739 3004 2020 3052 referebant.

1359 3098 1411 3144 9.
1425 3081 1691 3130 Gracchum
1703 3083 1967 3130 vocabant.
1982 3085 2072 3130 Per
2082 3082 2306 3140 ironiam,

1289 3160 1427 3223 qnasi
1464 3160 1711 3207 tribunum
1754 3160 1892 3206 valde
1930 3159 2212 3223 popularem
2252 3171 2303 3208 et

1288 3238 1752 3303 eloquentissimum.
1802 3241 1995 3288 Poterat
2036 3239 2180 3287 etiam
2219 3238 2303 3286 ille

1288 3319 1547 3366 Numerius
1567 3318 1795 3382 Quintius
1809 3318 1946 3366 istius
1960 3319 2147 3382 Quintii
2167 3317 2299 3365 filins

1285 3413 1388 3445 esse
1406 3433 1421 3459 ,
1445 3396 1532 3461 qni
1556 3413 1608 3444 se
1632 3397 1748 3445 olim
1774 3396 1884 3445 Tib.
1913 3397 2116 3446 Gracchi
2141 3395 2294 3444 filium

1284 3485 1386 3523 erat
1408 3477 1664 3532 mentitum
1691 3475 1804 3522 inde
1825 3486 1874 3523 et
1900 3475 2023 3523 infra
2049 3475 2297 3524 Gracchus

1284 3553 1494 3602 insitivus
1517 3565 1730 3601 vocatur.
2341 3607 2348 3608 ἶ

1320 3665 1325 3670 ‹
1361 3648 1439 3682 xo.
1486 3632 1740 3682 Nitedula.
1787 3633 1903 3681 Mus
1952 3644 2024 3681 est
2065 3633 2259 3697 agrestis
2276 3669 2291 3690 ‚

1286 3728 1426 3776 quem
1450 3712 1619 3775 gallice
1638 3711 1820 3760 dictum
1839 3712 2012 3772 mulce,
2031 3712 2289 3776 plurimum

1284 3792 1524 3855 segetibus
1545 3807 1720 3838 nocere
1740 3806 1881 3839 nemo
1905 3792 2077 3845 nescit.
2113 3793 2296 3840 Nume-

1285 3871 1384 3917 rius
1420 3881 1577 3918 autem
1612 3869 1694 3915 ille
1731 3869 1958 3932 Quintius
1995 3886 2057 3917 ex
2089 3871 2292 3919 obscura

1284 3949 1407 3996 ruris
1434 3948 1610 3994 familia
1631 3959 1767 3995 ortus
1787 3948 1880 3996 isto
1902 3949 2095 3999 nomine
2117 3951 2297 4014 dignus

1285 4027 1560 4075 videbatur.

1363 4121 1442 4155 xx.
1473 4105 1625 4154 Alter.
1650 4107 1849 4157 Emflur.
