2994 4778
631 483 1021 564 ORATIO
1074 485 1279 555 PRO
1327 484 1451 556 ML:
1478 489 1874 563 COELIO.
2168 515 2353 594 227»-

287 605 531 672 XXIV.
577 603 810 700 Ipsius
855 618 1096 675 autem
1148 609 1458 678 veneni¹
1529 636 1691 707 quae
1740 618 1920 684 ratio
1968 615 2309 714 fingitur?

183 710 325 781 uhi
385 713 755 808 quaesitum
798 715 970 782 est?
1031 715 1637 809 quemadmodum
1706 729 2088 819 paratum?
2157 755 2306 826 quo

190 821 441 917 pacto?
484 824 641 905 cui,
700 846 848 918 quo
905 824 981 891 in
1040 822 1199 895 loco
1246 827 1645 899 traditum?
1703 831 2054 905 Habuisse
2110 841 2310 910 aiunt

188 929 412 1016 domi,
451 933 747 1028 vimque
782 931 936 1025 ejus
971 957 1125 1004 esse
1161 950 1578 1033 expertum²
1612 941 1687 1010 in
1718 966 1926 1012 servo
1957 944 2307 1040 quodam,

188 1040 274 1109 ad
310 1066 465 1111 rem
494 1047 726 1138 ipsam
754 1056 1039 1139 parat03
1088 1046 1292 1139 cujus
1323 1049 1671 1143 perceleri
1707 1053 2007 1124 interitu
2035 1080 2187 1128 esse
2218 1057 2309 1128 ab

189 1148 321 1220 hoc
369 1150 926 1248 comprobatum
987 1176 1370 1225 venenum.
1432 1159 1623 1229 Proh
1683 1161 1785 1231 dii
1828 1164 2302 1238 immortales!

189 1283 311 1328 cur
365 1259 872 1331 interdum-in
933 1260 1307 1333 hominum
1363 1267 1749 1340 sceleribus
1806 1275 2134 1345 maximis
2182 1291 2309 1346 aut

191 1373 580 1441 connivetis
600 1367 656 1455 ³,
700 1385 825 1440 aut
864 1374 1228 1468 praesentis
1271 1372 1541 1449 fraudis
1579 1403 1829 1476 poenas
1871 1383 1945 1452 in
1980 1381 2171 1454 diem
2197 1410 2309 1456 re-

192 1480 565 1550 servatis-‚⁴3⁸
608 1479 768 1549 Vidi
805 1482 1035 1568 enim,
1068 1481 1212 1550 vidi
1240 1478 1291 1571 ⁵,
1326 1499 1399 1554 et
1431 1486 1636 1557 illurn
1682 1488 1935 1562 hausi⁶
1975 1493 2306 1566 dolorem

190 1590 298 1659 vel
344 1589 882 1661 acerbissimum
919 1591 994 1659 in
1034 1591 1215 1678 vita,
1254 1618 1479 1688 quum
1523 1600 1610 1688 Q.
1665 1601 2000 1672 Metellus
2044 1603 2313 1676 abstra-

190 1697 537 1769 heretur?
567 1725 612 1770 e
645 1703 806 1770 sinu
843 1702 1261 1797 gremioque
1296 1709 1571 1800 patriae3
1611 1733 1989 1808 quumque
2015 1713 2137 1784 ille
2170 1718 2304 1804 vir,

196 1811 419 1903 quise
462 1824 721 1880 natum
761 1808 932 1880 huic
973 1811 1276 1907 imperio
1321 1819 1634 1910 putavit,
1685 1823 1898 1892 tertio
1941 1823 2055 1894 die
2089 1841 2305 1923 post,

198 1942 396 2013 quam
426 1921 506 1990 in
539 1919 741 1991 curia
762 1974 781 2005 ‚
812 1942 1029 2016 quam
1061 1923 1133 1990 in
1164 1924 1434 1995 Rostris
1455 1980 1475 2013 ,
1516 1950 1733 2022 quam
1759 1926 1788 1973 ⁸
1828 1932 1903 2001 in
1939 1933 2310 2031 republica

259 2156 433 2204 xm.
491 2170 538 2203 x.
594 2153 748 2218 Ipsius
798 2163 960 2201 autem
1002 2153 1194 2201 veneni.

200 2234 463 2281 Remtioue
506 2232 972 2281 circumstantiarum
1013 2233 1195 2280 crimen

200 2310 258 2356 de
272 2328 439 2360 veneno
457 2313 715 2359 refutatur.

265 2407 310 2437 π.
327 2391 518 2455 Vimque
540 2389 648 2455 ejus
680 2407 785 2438 esso
803 2407 917 2455 exp.
933 2389 1194 2438 Suetonius

198 2469 400 2529 Nerone,
432 2487 544 2534 oep.
582 2473 643 2518 33
669 2506 685 2530 ,
731 2469 792 2517 de
832 2485 1022 2517 veneno
1058 2469 1193 2533 quod

196 2548 451 2597 Britannico
479 2549 777 2613 parabatur:
816 2571 839 2589 ι·
858 2551 914 2596 In
940 2548 1084 2596 haedo
1110 2565 1193 2595 ex-

196 2641 368 2690 pertus,
408 2636 672 2692 postquam
711 2627 753 2673 is
794 2628 1008 2690 quinque
1048 2624 1191 2675 horas

195 2708 412 2768 protraxit
426 2741 443 2766 ,
470 2709 646 2754 iterum
669 2722 726 2752 ac
749 2708 924 2770 saepius
947 2718 1192 2754 recoctum

196 2785 390 2846 pon-cello
410 2784 613 2846 objecit.
641 2787 756 2847 Quo
774 2786 935 2832 statim
953 2784 1197 2832 exanima-

196 2872 260 2922 to,
280 2866 443 2912 inferri
470 2869 520 2912 in
550 2864 811 2912 triclinium
828 2900 843 2925 ‚
868 2864 1067 2927 darique
1095 2880 1193 2911 coe·

192 2946 306 2990 nunti
326 2961 493 2992 seeum
514 2946 790 2991 Britannico
810 2945 1064 3006 imperavit
1079 2965 1122 2989 n.

249 3024 294 3070 3.
333 3023 617 3071 connivero.
657 3024 775 3070 Haec
804 3023 1005 3086 qnaestio
1040 3033 1191 3070 totam

192 3102 516 3163 antiquitatem
536 3102 796 3158 -turbavit‚
840 3117 927 3148 cur
964 3102 1190 3149 nimirum

193 3178 291 3226 deus
314 3182 364 3227 in
394 3180 615 3227 msximis
645 3178 897 3227 hominnm
930 3181 1190 3228 sceleribus

192 3261 305 3320 quasi
349 3262 620 3308 connivens
635 3294 649 3317 ,
696 3259 757 3307 iis
799 3259 929 3306 bona
973 3260 1191 3308 accidere

192 3351 434 3398 potu-etur,
458 3338 583 3386 adeo
602 3352 657 3386 nt
675 3350 879 3402 propter
903 3337 1025 3385 banc
1042 3355 1187 3385 unam

193 3419 401 3465 tationem
418 3418 639 3482 plerique
651 3418 928 3483 negaverint
941 3428 1024 3465 aut
1043 3418 1187 3465 deum

191 3510 275 3542 esse
286 3532 301 3553 ,
316 3509 397 3544 aut
417 3498 565 3544 rebus
581 3497 802 3544 humanis
819 3495 1085 3559 providere,

252 3584 293 3630 4.
317 3579 373 3623 112
399 3576 531 3623 diem
556 3576 839 3624 reservatis?
865 3577 1022 3622 Deum
1041 3576 1186 3640 pedes

192 3652 355 3710 laneos,
380 3672 554 3703 manns
578 3655 830 3720 plumbeas
852 3655 1026 3702 hebere
1041 3690 1055 3713 ‚
1079 3655 1186 3702 vnl-

190 3744 333 3791 gatun
354 3747 452 3793 est,
475 3734 610 3798 quod
638 3750 745 3781 sero
769 3734 963 3797 quidem
987 3735 1183 3795 nefarii,

190 3811 263 3857 sed
304 3824 458 3859 tamen
503 3813 780 3876 gravissime
823 3829 1182 3876 nonnumquam

190 3891 461 3949 punianmr3
489 3892 669 3939 etenim
697 3903 751 3939 ut
777 3891 844 3939 ait
871 3892 1180 3955 Propertius:

190 3988 210 4003 ‹-
223 3968 366 4031 Siqua
382 3971 515 4017 venit
526 3986 652 4029 sero,
666 3987 834 4033 magua
849 3972 983 4019 ruins
1000 3976 1128 4021 venit
1140 3997 1182 4020 ι».

191 4046 325 4093 solon
348 4048 477 4110 apud
500 4049 875 4098 Demosthenem
899 4051 958 4098 de
983 4050 1094 4099 falsa
1118 4052 1197 4099 le-·

192 4124 368 4183 gatione
381 4127 614 4185 justitiam
634 4128 889 4176 describit:
909 4153 931 4169 ‹-
950 4132 1005 4177 Et
1023 4148 1184 4193 quam-

195 4203 258 4247 vis
280 4220 443 4266 penas
466 4206 630 4256 differt
648 4207 908 4272 aliquando
923 4245 937 4271 ,
967 4222 1182 4277 tacetque

1302 2155 1467 2205 Mente
1503 2169 1663 2207 tamen
1704 2163 1904 2210 memori
1941 2164 2065 2212 facts
2111 2168 2315 2219 nefanda

1300 2245 1465 2290 notat,
1492 2238 1656 2301 Exigit
1686 2251 1733 2287 et
1754 2242 1944 2289 tandem
1963 2259 2155 2307 poenas,
2177 2259 2269 2299 etc.
2291 2270 2316 2290 ι·

1376 2315 1425 2362 5.
1448 2315 1563 2363 Vidi
1576 2318 1703 2365 enim
1719 2353 1734 2378 ‚
1755 2319 1878 2368 vidi.
1900 2323 2009 2369 Hoc
2022 2324 2171 2372 verbo
2189 2343 2318 2392 saepe

1301 2394 1486 2441 utimur
1517 2395 1582 2443 sd
1615 2399 1968 2451 miserationem
2006 2418 2316 2453 commoven-

1302 2471 1428 2521 dam.
1457 2476 1565 2522 AEn.
1591 2479 1668 2531 11.
1691 2478 1722 2524 5
1744 2492 1757 2526 :
1790 2499 1813 2519 ι
1850 2513 1862 2525 .
1882 2513 1894 2525 .
1916 2513 1929 2524 .
1968 2482 2187 2546 Quaeque
2212 2486 2316 2547 ipse

1300 2552 1561 2601 miserrima
1590 2555 1691 2602 vidi
1716 2572 1772 2613 »ς
1802 2558 1933 2614 xn,
1969 2560 2068 2606 638
2106 2577 2119 2608 ε
2154 2582 2178 2602 ιι
2200 2562 2319 2609 Vidi

1301 2631 1471 2678 oculos
1489 2644 1600 2681 ante
1622 2635 1724 2698 ipse
1749 2651 1886 2681 meos
1903 2652 1978 2683 me
1997 2653 2116 2685 voce
2134 2655 2315 2686 vocan-

1299 2719 1397 2756 tem
1418 2712 1700 2760 Murranum
1719 2728 1768 2771 ος
1795 2713 1968 2761 Cicero
1990 2731 2082 2778 pro
2102 2717 2316 2776 Milone,

1300 2803 1407 2851 cap.
1451 2791 1516 2837 38
1555 2805 1568 2837 ε
1613 2815 1638 2834 ιι
1660 2791 1778 2839 Vidi
1822 2793 1951 2840 enim
1975 2829 1990 2851 ,
2037 2794 2137 2841 vidi
2181 2796 2312 2845 hunc

1297 2865 1455 2929 ipsum
1479 2871 1543 2931 Q.
1573 2872 1883 2919 Hortensium
1911 2872 2074 2921 lumen
2100 2886 2149 2922 et
2176 2891 2318 2923 orus·

1298 2956 1511 2993 mentum
1533 2950 1648 3013 reip.
1668 2966 1806 3012 paene
1829 2950 2035 2999 interfici
2061 2969 2311 3002 servornm

1297 3037 1441 3071 manu
1458 3047 1500 3073 n.

1367 3102 1420 3147 6.
1458 3102 1613 3149 Hausi
1647 3103 1877 3153 dolorem.
1905 3111 2015 3156 AEn.
2046 3111 2138 3170 lv,
2170 3111 2266 3158 661
2294 3124 2307 3156 :

1297 3198 1324 3218 κ
1344 3180 1546 3227 Hauriat
1573 3179 1703 3228 bunc
1734 3184 1888 3230 oculis
1917 3186 2072 3247 ignem
2102 3188 2311 3235 crudelis

1295 3259 1356 3305 nb
1391 3259 1491 3306 alto
1539 3259 1793 3307 Dardanus
1813 3277 1863 3323 »3
1902 3274 1947 3310 et
1990 3266 2086 3313 x11
2109 3301 2125 3326 ,
2169 3270 2309 3328 945:

1295 3358 1321 3378 .-
1347 3372 1361 3385 .
1384 3372 1397 3384 .
1419 3370 1431 3383 .
1465 3336 1621 3383 oculis
1647 3337 1762 3383 saevi
1787 3354 2094 3390 monumenta
2123 3343 2306 3393 doloris

1292 3415 1599 3477 Exuvissque
1630 3415 1789 3464 bausit
1822 3420 1960 3467 furiis
1991 3437 2219 3471 accensus
2255 3437 2306 3472 et

1292 3497 1360 3544 ira
1382 3495 1632 3545 Terribilis
1649 3518 1693 3544 ο.
1911 3552 1916 3555 ,

1366 3594 1413 3638 7.
1469 3579 1530 3639 Q.
1583 3575 1804 3624 Metellus
1846 3578 2216 3631 abstraheretur.
2258 3587 2304 3632 A

1293 3654 1466 3702 Clodia
1505 3671 1657 3702 uxore
1690 3669 1878 3703 veneno
1921 3657 2160 3707 sublatum
2199 3679 2306 3709 cre-

1293 3731 1488 3780 debant.
1527 3733 1636 3793 Qua
1663 3731 1725 3777 de
1765 3747 1904 3780 causa
1936 3734 2301 3798 Clytaemnestra

1293 3809 1418 3857 dicta
1438 3821 1510 3856 est
1525 3843 1540 3867 ‚
1564 3810 1632 3855 sit
1655 3809 1770 3857 rab.
1799 3811 1850 3866 1,
1875 3827 1984 3874 cap.
2009 3815 2070 3872 6,
2093 3817 2230 3877 quod
2246 3828 2301 3864 ut

1289 3887 1370 3934 illa
1405 3888 1562 3933 virum
1608 3890 2048 3949 Agamemnonem,
2090 3892 2162 3939 sic
2196 3894 2299 3943 baec

1289 3965 1540 4014 Metellum
1555 3964 1862 4014 interfecerit.

1363 4047 1410 4092 8.
1431 4046 1590 4107 Quam
1609 4042 1660 4089 in
1683 4044 1816 4091 curia
1831 4079 1846 4104 ‚
1863 4063 2012 4109 quam
2030 4048 2081 4096 in
2102 4051 2296 4103 Rostris,

1289 4141 1460 4188 quam,
1482 4134 1579 4171 etc.
1604 4127 1658 4170 In
1677 4123 1904 4187 vulgatis,
1928 4138 2220 4191 «postquam
2249 4131 2298 4174 in

1290 4206 1444 4265 curin,
1469 4205 1522 4251 in
1541 4204 1754 4264 Rostris,
1783 4205 1835 4251 in
1853 4220 1984 4267 rep.-

1953 4287 2054 4357 15.
