2994 4778
943 411 1719 487 ARGUMENTUM.
2349 442 2388 513 7

350 532 579 591 alteram
620 543 688 590 ιιι
723 534 1007 592 Catonem
1046 555 1082 593 a
1119 536 1809 623 republicasremoveret,
1845 556 1971 617 cap.
2001 537 2209 616 ²⁵⁴9·
2250 541 2391 599 Hauc

348 630 536 687 omnia
565 630 838 688 consules
870 628 1157 708 adjuvisse
1189 635 1487 713 queritur,
1531 652 1662 712 cap.
1696 632 1789 691 30.

415 731 547 785 Iam
583 725 662 784 de
694 725 889 785 reditu
917 745 1025 785 suo
1056 729 1198 806 quid
1223 743 1444 809 gestum
1473 731 1549 789 sit
1578 742 1850 800 enarrat3
1885 732 2141 810 Pompeii
2166 731 2356 792 studia
2373 776 2392 804 ‚

342 836 579 883 senatus
631 824 933 884 decretum
968 826 1090 904 jam
1132 847 1279 911 ann,
1301 828 1449 890 Urb.
1484 828 1635 908 695,
1669 825 1896 887 kalend.
1931 824 2058 903 jun.
2101 830 2388 889 referente

339 926 407 981 L.
432 920 659 981 Ninnio
699 920 835 980 trib.
871 922 953 1000 pl.
988 924 1204 984 factum
1222 968 1242 999 ,
1285 925 1813 1005 promulgationem
1851 936 1990 984 octo
2026 923 2389 986 tribunorum

342 1018 779 1096 designatorum
825 1021 1099 1099 exponit3
1132 1023 1345 1083 deinde
1378 1023 1523 1103 qnid
1551 1041 1703 1083 anno
1739 1033 2018 1101 sequente
2060 1033 2249 1081 actum
2283 1024 2387 1094 sit,

342 1116 403 1173 in
433 1116 643 1195 primis
668 1116 745 1176 de
777 1118 961 1178 Sextii
1011 1131 1071 1178 et
1109 1120 1349 1180 Milonis
1392 1117 1863 1180 contentionibus
1900 1132 1961 1177 et
2003 1117 2280 1197 periculis
2311 1119 2389 1178 ob

343 1211 645 1272 Ciceronis
665 1227 725 1273 et
753 1213 1092 1293 reipublicae
1117 1218 1362 1277 salutem
1387 1206 1668 1298 susceptis
1692 1229 1925 1288 narrat,
1951 1234 2081 1296 cap.
2102 1216 2314 1285 31-44.
2417 1270 2437 1290 ,

414 1312 492 1369 Et
512 1309 654 1387 quia
673 1310 734 1368 in
757 1311 1117 1371 accusatione
1141 1312 1543 1373 Albinovanus
1566 1313 1936 1392 qumis-erat,
1959 1330 2223 1391 quanam
2244 1325 2394 1371 esset

341 1402 439 1464 illa
471 1405 639 1465 natio
674 1404 1040 1486 optimatum.
1080 1407 1217 1470 huic
1261 1410 1571 1488 quaestioni
1610 1409 1695 1470 sic
1735 1408 2051 1488 respondet
2067 1450 2086 1477 ,
2119 1422 2185 1468 ιιι
2207 1400 2393 1477 dicat,

338 1502 660 1580 populares
684 1501 914 1576 vocari,
939 1505 1043 1583 qui
1067 1523 1200 1583 quae
1225 1505 1468 1578 faciant,
1496 1524 1745 1585 quaque
1781 1506 2005 1575 dicant,
2034 1504 2390 1565 multitudini

334 1597 596 1676 jucunda
622 1616 748 1658 esse
771 1599 995 1659 velint:
1027 1600 1130 1678 qui
1170 1612 1363 1661 autem
1405 1602 1488 1661 ita
1528 1615 1591 1662 se
1629 1614 1863 1682 gerant,
1908 1616 1977 1661 nt
2013 1621 2117 1661 sna
2147 1601 2389 1661 consilia

341 1694 568 1772 optimo
598 1695 810 1774 cuique
836 1694 1122 1775 probent,
1149 1698 1458 1778 optimates
1488 1696 1711 1758 haberi.
1740 1701 1865 1759 Hos
1896 1698 2073 1776 igitur
2096 1717 2172 1756 ex
2203 1698 2390 1757 omni·

339 1788 450 1849 bus
475 1789 790 1851 ordinibus
827 1810 955 1851 esse
983 1811 1174 1871 posse.
1212 1792 1607 1873 optimatibus
1631 1802 1830 1853 'autem
1862 1793 2226 1874 propositum
2265 1813 2389 1853 esse

342 1906 476 1948 cnm
507 1886 791 1965 dignitate
824 1889 1028 1948 otium.
1075 1892 1289 1968 Itaque
1313 1909 1415 1950 eos
1443 1892 1595 1950 tueri
1624 1891 1686 1949 in
1716 1889 2018 1969 republica
2051 1889 2389 1969 religiones,

338 1984 629 2064 auspicia,
664 1996 980 2064 potestates
998 1986 1433 2065 magistratuum
1448 2029 1467 2059 ,
1483 2005 1618 2046 sena
1627 1999 1718 2046 tus
1745 1986 2181 2060 auctoritatem,
2201 1986 2354 2065 leges
2370 2031 2387 2056 ‚

337 2101 564 2142 morem
598 2081 881 2160 majorum
897 2125 917 2156 ,
947 2080 1203 2160 judicia,
1238 2082 1700 2159 jurisdictionem
1715 2126 1734 2155 ,
1776 2082 1953 2143 fldem
1967 2088 1996 2155 ,'
2031 2083 2384 2162 provincias,

336 2178 567 2259 imperii
595 2177 825 2238 laudem
841 2221 860 2252 ,
893 2198 1021 2238 rem
1039 2179 1376 2252 militarem,
1401 2180 1690 2239 serarium.
1714 2179 1872 2243 Olim
1896 2180 2070 2240 fuisse
2090 2194 2350 2259 tempora
2368 2226 2385 2253 ,

338 2278 397 2335 in
430 2275 650 2355 quibus
679 2274 1064 2335 multitudinis
1106 2275 1359 2334 studium
1401 2275 1477 2335 ab
1513 2277 1761 2335 utilitate
1797 2274 2137 2354 reipublicoe
2165 2276 2390 2335 discre-

338 2373 551 2453 puerit.
578 2376 752 2434 Nunc
777 2373 902 2453 jam
932 2370 1076 2432 nibil
1103 2392 1254 2443 esse,
1279 2370 1439 2451 quod
1466 2372 1720 2453 populus
1757 2392 1792 2431 a
1833 2372 2070 2432 delectis
2107 2372 2388 2452 principi-

340 2470 562 2550 busque
590 2470 916 2543 dissentiat3
962 2489 1083 2528 non
1115 2490 1239 2529 esse
1276 2489 1561 2529 novarum
1590 2489 1789 2529 rerum
1820 2469 2094 2550 cupidum
2116 2512 2134 2543 ,
2167 2483 2228 2529 et
2263 2471 2388 2528 otio

341 2586 447 2626 suo
467 2587 534 2625 ac
558 2565 841 2645 dignitate
865 2565 1072 2643 optimi
1105 2566 1383 2644 cujusque
1423 2577 1482 2623 et
1526 2564 1810 2623 universae
1841 2564 2177 2643 reipublicae
2202 2565 2387 2643 gloria

339 2662 633 2722 delectari.
667 2667 874 2740 Itaque
907 2660 1171 2721 homines
1211 2662 1515 2721 seditiosos
1550 2680 1619 2720 ac
1658 2659 2057 2734 turbulentos,
2085 2663 2190 2740 qui
2228 2662 2385 2721 nulla

330 2760 450 2836 jam
481 2757 790 2837 largitione
815 2757 1100 2837 populum
1135 2776 1437 2817 romanum
1466 2757 1760 2817 concitare
1793 2758 2045 2837 possint,
2072 2756 2386 2818 conductas
2437 2756 2448 2762 '

335 2855 555 2916 habere
599 2857 939 2929 conciones,
972 2856 1033 2915 h.
1074 2876 1126 2916 e.
1169 2857 1432 2918 homines
1481 2871 1714 2937 egentes
1760 2856 1954 2937 pretio
1994 2876 2062 2916 ac
2117 2854 2385 2917 mercede

334 2953 702 3025 conducere,
732 2965 800 3012 ut
828 2953 890 3012 in
918 2952 1296 3014 concionibus
1321 2967 1535 3033 praesto
1565 2956 1716 3026 sint,
1765 2965 1824 3012 et
1863 2972 2158 3015 assensum
2195 2954 2381 3013 homi—

335 3049 511 3109 nibus
535 3050 913 3124 turbulentis,
938 3051 1127 3129 quise
1151 3052 1468 3132 populares
1491 3051 1724 3125 dicant,
1751 3048 2082 3130 praebeant,
2115 3068 2246 3128 cap.
2271 3059 2378 3119 44-

336 3155 433 3225 49.
453 3148 679 3205 Horum
704 3145 1003 3206 bominum
1029 3146 1294 3206 mercede
1319 3145 1744 3206 conductorum
1766 3164 1961 3224 operae
1983 3146 2032 3203 si
2060 3163 2384 3203 removean-

336 3256 455 3313 tur,
482 3242 774 3302 existimat
807 3255 1006 3302 omnes
1051 3240 1209 3301 idem
1246 3241 1318 3299 de
1355 3239 1659 3319 republica
1704 3259 1972 3300 sensuros
2009 3238 2213 3299 videri.
2255 3244 2383 3300 Hoc

335 3340 542 3419 populi
554 3338 841 3417 judicium
865 3338 1051 3399 tribus
1070 3339 1318 3399 maxime
1345 3338 1491 3398 locis
1517 3338 1829 3416 significari
1853 3357 2025 3417 posse
2042 3379 2058 3406 ,
2080 3337 2380 3408 concione,

331 3436 614 3508 comitiis,
652 3435 923 3496 ludorum
967 3435 1367 3516 (scenicorum)
1406 3435 1910 3514 gladiatorumque
1944 3435 2006 3514 (i.
2029 3454 2081 3493 e.
2109 3432 2380 3494 ludorum

331 3533 836 3613 gladiator-iorum)
866 3552 1156 3594 consessu.
1183 3539 1388 3613 ltaque
1411 3534 1523 3593 tria
1552 3533 1660 3593 ista
1682 3534 1765 3593 sic
1787 3533 2060 3613 exponit,
2092 3548 2159 3593 nt
2184 3553 2382 3593 exem-

330 3633 429 3711 pla
454 3651 492 3690 a
529 3630 925 3691 benivolentia
967 3629 1078 3689 sibi
1116 3628 1369 3700 absenti,
1401 3649 1583 3709 quum
1615 3629 1690 3689 de
1721 3629 1916 3689 reditu
1951 3649 2060 3689 suo
2091 3642 2380 3709 ageretur,

330 3741 571 3808 repetat.
607 3730 814 3807 Itaque
839 3727 913 3787 ad
945 3727 1256 3787 conciones
1282 3727 1473 3787 Clodii
1505 3727 1794 3787 neminem
1818 3729 2220 3805 incorruptum
2235 3737 2264 3800 ,⁷
2283 3747 2380 3786 ne·

333 3827 537 3886 minem
565 3826 860 3904 integrum
887 3824 1124 3899 adiisse,
1153 3824 1227 3884 ad
1255 3824 1486 3885 Lentuli
1528 3825 1783 3885 consulis
1828 3824 2171 3884 concionem
2214 3824 2292 3884 de
2319 3844 2380 3883 se

340 3921 582 3983 habitam
610 3939 963 3982 concursum
995 3922 1172 3981 totius
1192 3922 1397 4001 populi
1425 3940 1549 3980 esse
1575 3922 1822 3994 sactum,
1854 3940 1986 3999 cap.
2016 3921 2106 3980 50.
2132 3920 2381 3981 Comitia

341 4035 502 4096 quum
536 4020 655 4081 alia
697 4019 817 4080 sint
865 4020 1054 4097 legum
1093 4018 1497 4089 ferendarum,
1528 4018 1638 4077 alia
1666 4019 2136 4095 magistratuum3
2180 4017 2241 4074 in
2268 4016 2381 4074 illis

338 4136 502 4194 quum
542 4130 754 4178 contra
781 4136 849 4175 se
875 4116 967 4174 lex
999 4116 1111 4176 lata
1139 4130 1285 4175 esset
1314 4114 1600 4174 neminem
1632 4134 1782 4186 esse,
1812 4115 1917 4193 qui
1938 4133 1998 4173 se
2029 4114 2223 4172 tulisse
2253 4110 2379 4169 suf-
