2994 4778
621 441 1006 509 ORATIO
1056 441 1164 511 IN
1215 443 1294 510 L.
1338 444 1419 511 C.
1471 442 1959 513 PISONEM.
2206 450 2344 542 407

212 586 403 659 quos
428 559 715 653 dicas?)
744 585 1183 659 quamquam
1221 587 1370 635 non
1403 578 1511 635 est
1543 587 1683 634 uua
1712 589 1923 636 causa
1951 572 2277 638 omnium
2293 568 2348 657 ³,

213 688 454 744 tamen
490 688 600 744 est
640 675 972 744 omnium
1012 672 1187 744 mihi
1227 674 1551 770 probata.
1601 677 1718 745 Me
1765 681 1893 746 Cn.
1932 680 2348 775 Pompeius.

213 783 462 854 multis
489 781 1008 855 obsistentibus
1035 784 1095 877 ej
1107 808 1188 854 us
1225 808 1390 882 erga
1419 810 1536 856 me
1564 784 1804 857 studio
1839 803 2060 883 atque
2086 793 2349 874 amori,

215 915 504 989 semper
530 892 811 978 dilexit,
843 915 1129 990 semper
1155 918 1279 964 sua
1309 894 1825 988 conjunctione
1854 896 2351 993 dignissimum

212 1001 594 1098 judicavit,
645 1026 932 1100 semper
985 1028 1133 1074 non
1175 1002 1395 1076 modo
1436 1005 1916 1091 incolumem,
1966 1006 2091 1077 sed
2141 1009 2367 1078 etiam·

217 1113 737 1211 amplissimum
774 1127 994 1210 atque
1034 1116 1565 1186 ornatissimum
1613 1115 1842 1187 voluit
1874 1141 2049 1187 esse.
2086 1121 2356 1187 Vestrae

217 1221 509 1295 fraudes
529 1276 550 1309 ,
586 1238 898 1294 vestrum
928 1223 1196 1309 scelus,
1226 1240 1475 1296 vestrae
1504 1227 2041 1297 criminationes
2074 1226 2365 1297 insidia«

217 1358 385 1405 rum
414 1357 738 1405 mearum
759 1387 780 1419 ‚
815 1332 1005 1404 illius
1035 1333 1519 1430 periculorum
1538 1387 1558 1422 ‚
1588 1332 1857 1406 nefarie
1885 1332 2105 1421 fictae,
2142 1335 2356 1405 simul

221 1446 551 1529 eorum⁴‚
579 1443 707 1539 qui
727 1440 1217 1515 familiaritatis
1242 1442 1551 1530 licentia,
1577 1468 1875 1515 suorum
1910 1444 2357 1542 improbissi-

222 1577 510 1624 morum
559 1576 979 1624 sermonum
1010 1552 1469 1629 .‹lomicilium
1524 1555 1600 1624 in
1638 1555 1935 1626 auribus
1974 1554 2168 1649 ejus,
2222 1554 2354 1623 im-

221 1663 438 1761 pulsu
467 1677 729 1747 vestre,
759 1661 1314 1743 collocaverunt,
1347 1677 1595 1735 vestrae
1621 1663 2046 1759 cupiditates
2072 1664 2365 1761 provin-

222 1776 531 1863 ciarum,
585 1770 1022 1855 effecerunt,
1061 1786 1143 1844 ut
1188 1796 1324 1869 ego
1372 1772 1869 1860 excluderer⁵‚
1921 1797 2363 1870 omnesque,

222 1887 349 1983 qui
409 1910 565 1970 me,
626 1886 751 1980 qui
807 1883 992 1954 illius
1053 1882 1394 1979 gloriam,
1464 1885 1594 1982 qui
1646 1884 2166 1982 rempublicam
2219 1883 2354 1955 sal·

223 2020 382 2067 vam
430 2017 585 2068 esse
637 1991 1060 2092 cupiebant,
1111 2018 1445 2065 sermone
1495 2010 1715 2090 atque
1762 1993 1957 2064 aditu
2024 1991 2359 2091 prohibe-

221 2120 499 2180 rentur.
549 2103 831 2195 Quibus
875 2100 1134 2175 rebus⁶
1186 2119 1292 2174 est
1340 2102 1778 2202 perfectum,
1843 2119 1922 2174 ut
1984 2103 2083 2173 illi
2143 2102 2354 2200 plane

225 2243 359 2288 suo
402 2231 592 2287 stare
645 2215 919 2309 judicio
969 2238 1119 2285 non
1174 2212 1448 2300 liceret,
1506 2238 1737 2311 quum
1791 2213 1965 2283 certi
2027 2212 2358 2283 homiues

228 2352 378 2398 nou
438 2325 760 2398 studium
819 2326 971 2421 ejus
1028 2348 1070 2394 a
1124 2347 1239 2394 me
1298 2322 1725 2395 alienassent
1748 2376 1768 2409 ,
1821 2321 1946 2394 sed
2015 2321 2357 2394 auxilium

224 2436 733 2508 retardassent.
764 2438 1024 2506 Nonne
1063 2430 1154 2504 ad
1191 2447 1261 2504 te
1290 2439 1367 2505 L.
1406 2434 1757 2504 Lentulus
1774 2443 1827 2518 7,
1868 2435 1995 2529 qui
2023 2447 2176 2503 tum
2207 2447 2359 2503 erat

226 2561 515 2646 praetor,
552 2570 702 2617 non
743 2548 830 2635 Q.
875 2550 1138 2640 Sanga,
1174 2568 1325 2615 non
1363 2548 1439 2614 L.
1480 2548 1889 2640 Torquatus
1932 2558 2170 2640 pater,
2204 2566 2353 2612 non

225 2661 325 2727 M.
362 2656 707 2729 Lucullus
735 2655 974 2727 venit?
1000 2655 1128 2751 qui
1152 2677 1411 2734 omnes
1434 2652 1526 2724 ad
1553 2678 1720 2725 eum
1741 2708 1760 2740 ‚
1799 2653 2150 2748 multique
2176 2677 2359 2721 mor-

229 2767 406 2838 tales
448 2780 731 2836 oratum
778 2766 851 2835 in
889 2755 1294 2836 Albanum⁸
1329 2761 1933 2860 obsecratumque
1974 2776 2359 2849 venerant,

304 2984 361 3032 3.
419 2981 666 3030 Omnium.
717 2979 952 3038 cmi-is,
997 2977 1154 3028 Crassi
1205 2986 1254 3024 et
1339 2975 1459 3024 mihi
1494 2977 1729 3025 auxilinm
1769 2994 1870 3027 non
1911 2978 2178 3043 preberet,
2216 2989 2270 3025 ut
2312 2991 2360 3026 et

229 3062 489 3127 Pompeii:
521 3062 676 3109 Crassi
713 3059 893 3106 nullam
929 3068 1097 3122 postea
1139 3054 1253 3102 facit

230 3142 564 3191 mentionem:
605 3156 704 3188 vox
738 3150 896 3186 tamen
927 3136 1140 3186 omnium
1177 3149 1253 3180 me

230 3220 454 3280 inducit,
481 3233 537 3274 nt
560 3220 764 3277 addnm3
793 3234 894 3266 non
918 3218 1045 3265 enim
1073 3214 1253 3263 dicitur

233 3304 293 3351 de
314 3301 530 3350 duobus.

305 3389 352 3437 4.
391 3379 551 3428 &med
582 3394 762 3426 eorum.
796 3374 982 3424 Vatinii
1013 3374 1249 3421 maxime:

233 3477 375 3525 quem
416 3468 608 3507 constat
634 3469 684 3505 et
713 3456 948 3520 Pompeio
975 3453 1253 3502 familiarem

235 3538 380 3586 fuine
406 3554 471 3586 ex
494 3535 717 3600 epistolis
744 3535 806 3582 ad
834 3535 1051 3583 Atticum
1071 3568 1086 3592 ‚
1109 3544 1162 3581 et
1185 3534 1255 3582 ei-

235 3618 343 3665 dem
372 3617 610 3681 Pompeio
635 3627 911 3673 anaor-exn,
944 3623 998 3661 nt
1031 3613 1255 3662 Ciceroni

235 3708 419 3761 penten
445 3706 720 3743 arcon-eret.

305 3777 358 3822 5.
387 3774 711 3823 &cludet-er.
740 3776 971 3822 Soemone
991 3772 1094 3832 ejus
1110 3783 1256 3835 atque

235 3855 371 3904 aditu
396 3853 698 3919 prohiberer.

308 3937 361 3982 6.
385 3933 568 3997 Quibus
589 3934 744 3981 rebus.
766 3931 957 3994 Quibus
977 3929 1185 3988 Vatinii,
1209 3939 1259 3977 et

237 4015 443 4063 aliorum
482 4012 805 4061 delationibus
820 4047 833 4070 ,
862 4010 949 4075 qui
982 4024 1258 4058 sermonum

238 4110 439 4143 suorum
468 4092 770 4140 domicilium
801 4093 853 4139 in
887 4090 1085 4138 auribus
1119 4092 1260 4137 Pom·

244 4175 336 4237 peii
358 4172 685 4230 collocaram,
703 4172 968 4235 perfeetum
990 4180 1088 4229 est,
1107 4179 1160 4215 nt
1181 4169 1261 4216 ille

1341 3055 1594 3120 cupiebat,
1616 3069 1664 3105 et
1690 3057 1961 3106 faciendum
1982 3074 2082 3105 esse
2100 3055 2324 3104 censebat
2342 3076 2357 3116 ;

1342 3133 1426 3181 sed
1440 3150 1519 3181 me
1533 3135 1741 3184 inimicis
1759 3136 2033 3199 projectum
2054 3134 2356 3198 relinqueret.

1414 3231 1462 3274 7.
1495 3217 1545 3264 L.
1565 3213 1806 3263 lentulus.
1831 3217 1888 3262 1..
1911 3214 2165 3263 Cornelius
2184 3216 2363 3262 Lentu-

1341 3293 1443 3350 lus,
1474 3295 1559 3357 qui
1587 3294 1894 3341 consulatum
1923 3309 2034 3340 cnm
2063 3294 2118 3342 C.
2149 3293 2355 3343 Claudio

1341 3373 1576 3421 Marcello
1624 3375 1768 3436 gessit
1786 3409 1801 3432 ,
1846 3373 2006 3436 primo
2048 3371 2164 3421 belli
2206 3373 2362 3421 civilia

1340 3469 1485 3501 anno.
1527 3456 1591 3517 Q.
1630 3456 1785 3517 Sanga
1830 3470 1857 3500 a
1908 3451 2066 3500 Fabiis
2101 3452 2357 3502 oriundm.

1341 3527 1621 3598 Torquatus
1648 3545 1784 3597 pater
1802 3532 2107 3580 consulatum
2131 3531 2358 3579 obtinuae

1342 3627 1416 3662 rat
1431 3650 1446 3674 ,
1474 3629 1630 3678 quum
1648 3612 2031 3675 conjurationem
2056 3611 2203 3660 iniret
2227 3611 2362 3659 cnti-

1341 3693 1457 3741 lim.
1477 3696 1554 3741 M.
1581 3692 1835 3749 Lucullus,
1857 3692 1972 3739 ntis
1991 3701 2139 3738 notus
2157 3689 2360 3751 egregiis

1343 3770 1640 3819 facinoribus
1672 3773 1724 3817 in
1757 3769 1887 3819 bello
1912 3771 2140 3817 adversus
2166 3768 2357 3815 Mithri-

1344 3839 1502 3897 datem
1523 3847 1680 3895 editis.

1416 3929 1468 3975 8.
1491 3930 1552 3974 In
1575 3927 1837 3975 Albanum.
1864 3926 2082 3976 Fundam
2102 3926 2193 3973 Cn.
2216 3928 2364 3974 Pom·

1347 4006 1471 4072 peii:
1495 4004 1734 4053 Plutarch.
1751 4005 1944 4058 scribit,
1960 4021 2068 4052 eum
2088 4004 2196 4052 data
2217 4019 2362 4068 opera

1348 4103 1407 4134 eo
1429 4084 1673 4132 secessisse
1690 4118 1703 4140 ,
1728 4097 1778 4132 et
1804 4100 1954 4148 quum
1977 4083 2038 4130 nd
2061 4101 2172 4131 eum
2194 4085 2365 4131 Cicero

1350 4164 1554 4213 venisset
1572 4199 1587 4220 ‚
1610 4179 1696 4226 per
1711 4164 1951 4225 posticum
1970 4178 2022 4210 se
2040 4161 2341 4211 subduxisse.
