2994 4778
662 418 753 499 [μ
1290 417 1386 481 M.
1438 418 1516 483 T.
1570 412 2126 483 CICERONIS

661 557 853 621 sem,
898 556 1045 604 non
1096 530 1413 619 verebar,
1464 556 1557 601 ne
1605 535 1766 627 quis
1804 545 1929 600 aut
1965 532 2113 599 vim
2156 531 2224 599 vi
2265 531 2623 628 repulsam
2660 556 2767 601 re-

658 640 1177 740 prehenderet,
1212 655 1338 711 aut
1378 640 1823 737 perditorum
1862 643 2166 724 civium,
2199 640 2313 711 vel
2358 643 2598 737 potius
2638 640 2769 711 do·

662 751 1120 821 mesticorum
1155 749 1472 821 hostium
1501 763 1809 820 mortem
1833 763 2191 820 moereret.

759 857 900 929 Sed
947 882 1065 931 me
1106 857 1226 927 illa
1275 872 1719 929 moverunt.
1779 856 2118 936 omnibus
2173 857 2250 927 in
2299 855 2769 928 concionibus

661 965 781 1036 illa
820 963 1005 1037 furia
1049 964 1429 1053 clamabat,
1473 989 1586 1054 se,
1630 990 1790 1061 quae
1847 964 2112 1038 faceret
2166 979 2414 1037 contra
2466 965 2766 1035 salutem

660 1097 893 1145 meam
915 1125 934 1160 ‚
976 1071 1205 1144 facere
1239 1089 1534 1145 auctore
1572 1078 1705 1145 Cn.
1741 1079 2119 1171 Pompeio,
2155 1075 2546 1145 clarissimo
2577 1078 2771 1159 viro,

667 1182 988 1278 mihique
1010 1196 1085 1252 et
1103 1206 1330 1270 nunc,
1354 1198 1428 1253 et
1445 1184 1686 1279 quoad
1704 1183 1904 1255 licuit
1916 1176 1974 1270 ⁸,
1992 1183 2438 1274 amicissimo.
2459 1186 2558 1252 M.
2579 1184 2774 1251 Cras·

664 1316 824 1378 suS,
864 1315 1183 1388 quocum
1236 1292 1411 1363 mihi
1458 1307 1668 1365 erant
1716 1317 1968 1365 omnes
2015 1293 2335 1386 amicitiae
2383 1292 2771 1360 necessitu-

665 1400 870 1476 dines
889 1454 911 1489 ,
959 1405 1071 1472 vir
1101 1399 1528 1474 fortissimus
1548 1456 1567 1489 ‚
1615 1403 1708 1473 ab
1745 1401 1993 1474 eadem
2029 1401 2145 1471 illa
2181 1415 2380 1498 peste
2413 1399 2777 1469 infestissi-

667 1534 830 1581 mus
865 1534 1019 1583 esse
1059 1514 1232 1583 meis
1275 1511 1583 1584 fortunis
1619 1511 2157 1611 praedicabatur.
2206 1514 2287 1582 C.
2338 1515 2601 1591 Caesar,
2651 1508 2777 1603 qui

667 1643 709 1690 a
752 1643 868 1693 me
912 1620 1116 1691 nullo
1157 1644 1320 1692 meo
1367 1623 1622 1692 merito
1659 1622 1933 1693 alienus
1966 1645 2122 1692 esse
2164 1618 2509 1703 debebat,
2548 1618 2782 1685 inimi·

669 1729 992 1800 cissimus
1040 1753 1194 1801 esse
1240 1754 1417 1803 meae
1450 1732 1661 1802 saluti
1707 1730 1797 1802 ab
1845 1729 2097 1802 eodem
2137 1728 2572 1825 quotidianis
2609 1749 2779 1795 con-

670 1837 1003 1911 cionibus
1036 1839 1428 1913 dicebatur.
1477 1845 1606 1913 His
1650 1864 1725 1912 se
1774 1839 2009 1912 tribus
2048 1835 2459 1909 auctoribus
2492 1837 2567 1905 in
2599 1857 2780 1904 con-

669 1948 838 2020 siliis
873 1948 1277 2045 capiendis,
1318 1950 1768 2047 adjutoribus
1809 1950 1887 2020 in
1926 1974 2005 2021 re
2055 1945 2366 2045 gerenda
2412 1967 2564 2015 esse
2607 1965 2780 2012 usu·

674 2080 837 2127 rum
872 2055 1174 2129 dicebat.
1212 2062 1317 2129 Ex
1365 2058 1631 2155 quibus
1670 2084 1898 2128 unum
1919 2070 1951 2117 9
1991 2055 2257 2127 babere
2286 2054 2678 2125 exercitum
2705 2053 2785 2119 in

674 2165 875 2237 Italia
932 2166 1366 2253 maximum3
1423 2165 1608 2252 duo,
1676 2169 1802 2263 qui
1861 2167 2120 2263 privati
2171 2179 2327 2234 tum
2387 2175 2663 2246 essent,
2711 2174 2788 2230 et

674 2297 978 2371 praeesse
997 2326 1018 2360 ,
1056 2288 1128 2345 et
1164 2299 1448 2371 parare,
1486 2280 1549 2346 si
1588 2276 1893 2357 vellent,
1937 2274 2328 2345 exercitum
2377 2292 2630 2367 posse3
2681 2265 2789 2337 id·
2876 2340 2884 2350 ,

674 2408 820 2480 que
873 2380 1186 2456 facmros
1210 2394 1271 2429 ¹⁰
1319 2409 1473 2456 esse
1527 2382 1828 2456 dicebat.
1873 2388 2022 2456 Nec
2064 2381 2240 2454 mihi
2280 2380 2398 2452 ille
2430 2377 2787 2475 judicium

580 2586 584 2590 ⁴
673 2492 1038 2589 populi¹¹,
1101 2516 1237 2568 nec
1292 2494 1679 2590 legitimam
1707 2503 1767 2536 ¹²
1828 2492 2142 2587 aliquam
2202 2492 2741 2561 contentionem
2768 2541 2788 2570 ‚

676 2624 812 2672 nec
841 2599 1434 2698 disceptationem
1452 2655 1472 2688 ,
1509 2615 1635 2671 aut
1660 2623 1888 2671 causoe
1924 2599 2312 2670 dictionem
2336 2594 2422 2684 ¹³,
2456 2596 2581 2666 sed
2611 2599 2792 2681 vim,

676 2732 873 2780 arma
896 2763 915 2795 ‚
952 2711 1342 2795 exercitus,
1385 2712 1852 2807 imperatores
1873 2764 1893 2797 ‚
1931 2725 2153 2780 castra
2184 2705 2676 2791 denuntiabat.

770 2821 1024 2889 XVIII.
1064 2815 1257 2909 Quid
1292 2818 1511 2914 ergo?
1545 2819 1812 2888 inimici
1842 2819 2107 2904 oratio,
2143 2841 2325 2887 vana
2361 2817 2752 2913 praesertim
2772 2867 2794 2897 ‚

752 2994 805 3044 8.
848 2994 1028 3057 Quoad
1059 2994 1211 3045 imit.
1242 2998 1465 3046 latenter
1499 3007 1695 3045 acuat

682 3071 998 3137 Ponpeium.
1027 3074 1165 3136 quod
1188 3075 1450 3139 aliquando
1476 3074 1571 3123 nihi
1588 3071 1696 3122 offi-

682 3152 813 3202 cium
854 3151 999 3201 mici
1039 3168 1143 3202 uon
1186 3153 1496 3218 prestita-it,
1540 3169 1628 3202 noe
1664 3169 1696 3201 a

1857 3014 1879 3046 ι
1893 3013 1936 3045 1.
1954 2996 2196 3044 ,Iudicium
2207 2995 2389 3061 populi.
2405 2996 2646 3059 Populum
2661 2996 2795 3042 onim

1779 3078 1832 3125 in
1844 3092 1984 3124 musa
2001 3076 2192 3140 capitali
2203 3111 2217 3135 ,
2239 3075 2541 3123 centuriatim
2554 3083 2796 3128 coactum,

1775 3155 1988 3217 judicem
2011 3171 2113 3204 osso
2137 3154 2398 3219 oportebat
2419 3169 2433 3203 ε
2467 3153 2615 3216 idque
2638 3161 2688 3199 et
2714 3167 2794 3198 sa-

682 3230 863 3280 Clodio
873 3231 1039 3295 iniquo
1049 3242 1387 3296 oppugnatum
1398 3230 1696 3280 defenderit.

685 3323 788 3358 non
822 3307 953 3356 enim
990 3308 1039 3356 ei
1078 3324 1168 3372 por
1204 3311 1440 3359 Canum
1476 3324 1696 3357 socerum

685 3384 859 3434 licuit:
883 3384 1073 3448 qui‚ut
1095 3402 1177 3447 on,
1202 3401 1312 3449 qun
1336 3385 1505 3433 consul
1526 3396 1695 3434 contra

684 3463 815 3526 legen
839 3473 890 3510 et
925 3462 1138 3526 auspicia
1169 3473 1406 3526 gesserat,
1440 3461 1699 3511 conflrma-

688 3549 874 3600 mm,
895 3539 1100 3588 alicime
1117 3555 1147 3587 ι
1167 3555 1220 3587 ιο
1239 3537 1485 3588 tribunum
1513 3540 1580 3602 pl.
1603 3556 1698 3603 po-

690 3617 904 3680 pulnrem
934 3615 1161 3665 nolebat:
1189 3616 1345 3675 infra,
1369 3626 1419 3664 et
1446 3617 1698 3680 proxime,

687 3706 740 3745 ot
756 3695 810 3743 iu
832 3691 1074 3744 Pisonem.

759 3788 811 3836 9.
841 3774 1015 3821 Unum.
1033 3773 1093 3822 C.
1111 3773 1346 3821 Can-rem
1360 3805 1376 3832 ,
1392 3772 1481 3837 qni
1496 3773 1702 3825 Gallim

691 3850 1565 3916 Cinlpinam‚quoe1taliaepmolim
1583 3852 1699 3912 fuit,

693 3946 804 3980 cum
827 3929 1043 3978 exercitu
1066 3930 1366 3993 imperioque
1387 3929 1654 3980 obtinebat.

769 4023 848 4057 to.
883 4010 1139 4057 Factam.
1173 4009 1244 4056 Ut
1275 4008 1460 4072 ipsum,
1495 4009 1537 4056 si
1580 4026 1704 4073 opus

696 4097 845 4147 esset,
862 4085 1145 4148 adjuvarent
1169 4086 1220 4134 in
1248 4102 1298 4133 re
1323 4086 1550 4151 gerenda.

1782 3233 1925 3281 cratis
1950 3234 2136 3298 legibus
2171 3243 2219 3280 et
2247 3249 2328 3280 ιιι
2355 3232 2531 3281 tabulis
2557 3230 2798 3278 sancitum

1782 3323 1903 3361 mt-

1859 3405 1939 3438 η.
1983 3389 2089 3436 Neo
2123 3387 2389 3452 legitimam
2424 3385 2644 3450 aliquam
2678 3401 2803 3434 cou-

1782 3470 2063 3518 eeaeeionem.
2101 3467 2153 3516 Si
2193 3481 2298 3514 nou
2330 3465 2395 3514 ad
2431 3464 2669 3532 populum
2689 3498 2707 3522 ‚
2747 3475 2804 3511 at

1784 3557 1895 3596 anto
1947 3544 2154 3608 aliquem
2209 3543 2535 3606 magistratum
2562 3575 2579 3599 ,
2638 3541 2807 3605 publi-

1785 3639 1958 3674 cumve
1982 3623 2257 3674 oon-ilium.

1861 3696 1944 3755 13..
1975 3696 2150 3743 eausa
2175 3691 2451 3741 dictionem.
2479 3690 2642 3738 Civem
2668 3689 2808 3737 enim

1789 3788 2066 3830 romanum,
2081 3770 2262 3820 indict·
2276 3784 2445 3830 musa,
2463 3767 2810 3824 condemnari,

1787 3853 1917 3914 leges
1944 3849 2221 3899 vetabant:
2253 3863 2356 3911 quo
2384 3846 2582 3894 nomine
2615 3856 2666 3893 et
2701 3846 2810 3911 ipse

1790 3929 1962 3978 Cicero
1997 3942 2022 3973 a
2056 3930 2113 3976 1².
2140 3926 2315 3974 Clodio
2352 3924 2552 3973 tribuno
2584 3924 2662 3989 pl.
2703 3924 2808 3987 lege

1790 4007 1887 4055 lata
1915 4000 2084 4070 pulzin
2117 4015 2225 4053 est:
2252 4004 2531 4064 conjuratos
2561 4004 2691 4052 euim
2725 4003 2807 4050 in-

1794 4085 1922 4136 dicta
1939 4099 2079 4133 eausa
2097 4083 2256 4132 necari
2274 4099 2300 4131 e
2324 4081 2411 4130 SC.
2426 4082 2655 4142 jusserat.
