2994 4778
585 430 972 498 ORATIO
1021 429 1223 498 PRo
1270 431 1349 499 T.
1394 433 1475 499 A.
1529 434 1956 508 MlLoNE.
2198 440 2335 530 543

202 552 377 623 dam
404 548 807 622 incredibili
837 549 1103 621 robore
1130 552 1351 622 animi
1390 579 1407 622 ε
1441 555 1769 627 exsilium
1802 557 1904 630 ibi
1933 584 2085 634 esse
2110 581 2339 661 putat,

202 662 340 734 ubi
374 663 622 733 virtuti
652 686 807 732 non
846 662 938 732 sit
978 661 1213 749 locus;
1252 678 1562 736 mortem
1597 680 1869 738 naturae
1896 668 2114 742 finem
2146 699 2299 748 esse
2321 733 2341 765 ,

204 800 364 845 non
402 797 718 871 poenam.
760 773 865 842 Sit
904 771 1025 842 hic
1062 797 1145 843 ea
1188 788 1466 858 mente,
1505 800 1649 871 qua
1688 793 1898 850 natus
1934 796 2061 852 est.
2097 786 2343 873 Quid?

207 906 367 969 vos„
390 882 693 978 judices,
718 906 870 977 quo
895 881 1189 954 tandem
1218 884 1461 954 animo
1490 886 1731 956 eritis?
1764 892 2189 963 Memoriam
2214 899 2345 967 Mi-

206 992 402 1063 lonis
430 990 872 1076 retinebitiS‚
909 993 1146 1090 ipsum
1181 994 1529 1088 ejicietis?
1564 1010 1636 1067 et
1664 1000 1801 1070 erit
1825 999 2111 1097 dignior
2141 1002 2344 1078 locus

208 1108 290 1173 in
338 1105 545 1175 terris
598 1102 788 1175 ullus
810 1155 829 1189 ,
883 1104 1009 1199 qui
1064 1102 1252 1175 hanc
1309 1106 1651 1178 virtutem
1720 1113 2066 1208 excipiat,
2122 1141 2341 1212 quam

210 1212 353 1298 hic,
381 1214 510 1309 qui
537 1216 938 1309 procreavit
955 1212 1024 1281 ¹?
1059 1216 1245 1301 Vos,
1274 1239 1406 1285 vos
1431 1217 1748 1315 appellO,
1779 1217 2144 1294 fortissimi
2174 1230 2342 1318 viri,

211 1326 342 1421 qui
371 1323 679 1394 multum
709 1347 845 1422 pro
863 1322 1235 1420 republica
1260 1328 1685 1422 sanguinem
1709 1320 2060 1404 effudistis
2080 1361 2099 1422 ;
2119 1361 2251 1407 vos
2269 1340 2343 1411 in

213 1435 379 1521 viri,
414 1449 488 1504 et
531 1436 602 1505 in
641 1436 814 1506 civis
857 1436 1103 1506 invicti
1135 1435 1424 1534 appello
1457 1439 1811 1534 periculo,
1850 1447 2344 1533 centuriones,

208 1570 526 1643 vosque,
585 1547 890 1618 milites²
935 1574 951 1616 ε
996 1546 1203 1618 vobis
1257 1573 1409 1618 non
1460 1549 1679 1622 modo
1732 1552 2346 1651 inspectantibus»,

209 1654 337 1727 sed
366 1656 581 1727 etiam
611 1659 933 1742 armatis,
971 1671 1043 1728 et
1074 1656 1246 1729 huic
1268 1657 1545 1752 judicio
1578 1662 2159 1757 praesidentibus,
2193 1668 2346 1741 haeo

209 1780 413 1837 tanta
452 1767 676 1837 virtus
705 1792 794 1839 ex
824 1766 956 1837 hac
987 1765 1167 1839 urbe
1211 1767 1665 1865 expelletur?
1703 1774 2347 1849 exterminabitur?

213 1876 681 1973 projicietur?
726 1882 790 1948 Ο
829 1902 943 1948 me
983 1876 1357 1949 miserum!
1391 1903 1438 1948 o
1482 1903 1600 1951 me
1643 1879 2090 1956 infelicem³!
2137 1912 2345 1959 revo-

210 2011 377 2058 care
412 2002 494 2058 tu
542 2012 658 2059 me
707 1991 784 2059 in
839 1991 1179 2086 patriam,
1219 1989 1431 2074 Milo,
1474 1993 1779 2088 potuisti
1817 2016 1950 2090 per
1992 1996 2171 2084 hos;
2210 2023 2346 2095 ego

213 2113 284 2169 te
320 2100 398 2167 in
438 2101 664 2195 patria
707 2123 841 2196 per
884 2098 1174 2171 eosdem
1210 2102 1521 2172 retinere
1567 2126 1714 2172 non
1758 2108 2119 2200 potet-04?
2155 2110 2350 2198 Quid

209 2206 677 2306 respondebo
734 2207 976 2282 liberis
1041 2213 1253 2297 meis»,
1313 2212 1441 2308 qui
1496 2226 1570 2282 te
1624 2215 1994 2308 parentem
2045 2216 2362 2291 alterum'

212 2320 520 2416 putant?
555 2320 732 2418 quid
770 2319 933 2407 tibi,
968 2323 1058 2414 Q.
1088 2318 1305 2394 frater
1320 2311 1373 2409 ⁵,
1405 2325 1536 2420 qui
1562 2347 1757 2394 nunc
1792 2323 1999 2414 abe-⁵,
2030 2333 2350 2403 consorti

280 2584 553 2633 xxxvn.
615 2601 658 2632 ι.
709 2585 997 2634 Ptoereavie.
1049 2586 1235 2635 Italiam

211 2662 335 2711 dicit
355 2678 372 2723 ς
398 2680 510 2712 uam
538 2665 743 2713 Lanuvii
774 2676 919 2714 natus
944 2675 1046 2714 erat
1070 2667 1196 2715 Milo
1219 2683 1233 2716 ε

1325 2585 1574 2645 dendum‚
1614 2585 1794 2634 nedum
1829 2588 1976 2636 armis
2009 2588 2141 2637 illam
2174 2592 2351 2656 oppri-

1324 2683 1454 2715 mere
1480 2666 1750 2714 videantur.

209 2742 439 2791 exsilium
489 2756 651 2792 antem
701 2761 803 2794 nou
856 2755 1046 2794 tantum
1087 2745 1233 2804 urbe,

208 2822 297 2871 aed
345 2834 394 2870 et
438 2824 572 2872 Italia
617 2824 953 2873 interdicebat.
994 2852 1064 2862 —-
1109 2827 1235 2892 Vos,

208 2917 302 2948 vos
326 2902 540 2965 appello.
572 2904 607 2951 J
608 2919 681 2951 am
710 2903 997 2952 fortissimos
1024 2905 1154 2952 viros
1183 2905 1236 2953 in

207 2979 418 3027 Miloni·
438 2981 764 3045 patrocinium
785 2982 1021 3043 advocat3
1042 2982 1239 3032 illorum

207 3058 444 3106 virtutem
472 3075 581 3106 cum
605 3060 735 3108 illius
766 3061 1033 3110 calamitate
1059 3053 1238 3116 coneo-²

208 3135 334 3185 eiat.
373 3139 607 3202 Quisquis
640 3155 734 3204 pro
770 3143 923 3206 patria
955 3142 1236 3206 sanguinem

206 3215 376 3273 fudit,
423 3216 626 3264 Milonis
667 3219 831 3267 socius
869 3232 918 3269 et
966 3220 1236 3269 commilito

208 3310 317 3341 esse
347 3292 523 3356 debet;
549 3297 845 3362 quicumque
866 3299 1039 3364 patrio
1065 3314 1114 3348 et
1137 3303 1239 3347 vir-

208 3375 336 3422 tutis
376 3389 543 3422 amana
578 3387 680 3436 eat,
718 3377 761 3425 ia
788 3389 837 3426 et
862 3378 1045 3427 Miloni
1082 3378 1240 3427 faveat

209 3468 411 3500 necesse
437 3465 525 3502 eat.

285 3549 335 3581 α.
362 3535 578 3596 Vosque,
595 3532 782 3584 milites.
798 3536 952 3598 Quasi
969 3536 1125 3584 nimio
1144 3536 1239 3585 do-

208 3612 317 3659 lore
363 3611 689 3677 abriperetur,
736 3630 792 3662 ea
846 3615 1057 3679 appellat
1075 3650 1090 3673 ‚
1129 3633 1240 3680 quae

210 3707 373 3740 eausa
400 3690 600 3742 minime
634 3695 793 3742 favere
822 3706 983 3743 certus
1007 3707 1130 3745 erat.
1159 3696 1240 3744 Ad

206 3786 382 3819 omnes
418 3788 470 3820 se
500 3774 770 3833 convertit,
807 3775 945 3838 quasi
973 3792 1239 3839 numquam

206 3851 328 3897 satis
367 3866 460 3914 pro
503 3849 709 3900 Miloni·
747 3852 901 3903 salute
945 3854 1039 3924 sibi
1071 3855 1240 3902 fecisse

208 3929 479 3979 videretur.
498 3957 570 3967 —
588 3933 827 3981 Armaeis.
848 3934 1097 3982 Insolitam
1116 3933 1241 3982 hanc

202 4016 383 4078 judicii
411 4017 620 4065 sormam
649 4016 811 4065 obiter
836 4028 892 4064 ut
917 4016 969 4064 in
995 4018 1241 4081 principio

206 4105 349 4142 notat
365 4132 380 4157 ,
402 4095 664 4158 innuitque
695 4093 758 4141 ab
784 4094 881 4142 illis
906 4104 1056 4143 tante
1078 4095 1237 4143 virtu·

210 4175 275 4221 tia
302 4174 583 4238 exemplum
612 4172 965 4236 protegendum
986 4189 1043 4220 ac
1073 4173 1244 4221 defeu-

1396 2746 1444 2795 3.
1470 2747 1515 2795 Ο
1537 2763 1615 2795 me
1633 2742 1873 2811 infelicem
1888 2747 1911 2791 l
1933 2744 2015 2793 Ad
2041 2749 2351 2812 conquestio-

1324 2842 1435 2874 nem
1467 2826 1732 2873 relabitur:
1763 2833 1992 2872 exaestuat
2025 2825 2154 2872 enim
2183 2826 2350 2889 dolor,

1325 2904 1519 2968 quoties
1546 2903 1749 2952 Milonis
1789 2903 2075 2951 meritorum
2104 2905 2236 2953 subit
2267 2923 2348 2953 re-

1325 2984 1582 3033 cordatio:
1626 2997 1737 3030 nam
1781 2982 1916 3029 vario
1959 2990 2097 3030 motu
2141 2987 2351 3049 erumpit

1325 3065 1483 3111 oratio
1502 3076 1594 3126 pro
1615 3060 1786 3107 habitu
1804 3059 1952 3107 animi
1979 3062 2276 3123 perturbati,
2302 3076 2350 3112 et

1325 3152 1568 3203 tamquam
1610 3137 1865 3195 fluctibus,
1901 3137 2052 3185 modo
2095 3139 2148 3186 in
2188 3140 2348 3202 hanc,

1325 3220 1475 3268 modo
1504 3219 1554 3265 in
1578 3217 1707 3265 illam
1727 3227 1913 3280 partem
1929 3217 2156 3277 jactatur.
2177 3219 2350 3284 Neque

1326 3299 1430 3346 haec
1457 3295 1631 3359 frigida
1658 3306 1706 3343 et
1740 3312 1804 3343 ex
1839 3311 2199 3359 supervacaneo
2227 3314 2350 3348 eon-

1326 3376 1545 3442 questio,
1571 3373 1658 3423 aed
1690 3388 1749 3421 ex
1784 3374 1940 3438 ipsius
1966 3390 2124 3422 causat
2152 3378 2351 3426 visceri.

1328 3458 1420 3507 bua
1463 3454 1702 3513 deducta,
1749 3453 1922 3501 intimo
1976 3452 2161 3504 doloris
2208 3473 2356 3506 sensu

1326 3550 1553 3602 expressa
1580 3544 1669 3582 eat.
1757 3557 1760 3558 ⁷

1400 3626 1448 3674 4.
1474 3613 1699 3664 Retinere
1727 3628 1826 3660 non
1841 3623 2035 3676 potero.
2063 3614 2186 3662 Sane
2208 3616 2354 3664 miae-

1327 3713 1434 3746 rum
1454 3707 1527 3744 est
1551 3694 1611 3742 iia
1634 3709 1737 3741 nou
1760 3708 1903 3756 ponae
1926 3693 2126 3757 gratiam
2150 3695 2351 3753 referre,

1328 3789 1363 3824 a·
1381 3774 1563 3838 quibua
1587 3769 1820 3819 beneficia
1845 3773 2141 3837 accepimus.
2171 3772 2354 3820 Verum

1327 3853 1421 3901 alia
1476 3849 1699 3898 oratione
1752 3860 1919 3897 orator
1966 3849 2352 3900 misericordiam

1329 3941 1521 3990 movet3
1558 3928 1697 3993 quod
1741 3944 1846 3977 uon
1891 3928 2049 3977 solum
2091 3944 2118 3976 a
2161 3931 2352 3980 Milone

1332 4009 1631 4059 distrahatur
1645 4043 1660 4067 ‚
1701 4007 1787 4056 sed
1827 4008 1971 4057 etiam
2009 4008 2358 4058 animadvertat

1329 4106 1465 4140 auam
1492 4089 1626 4154 apud
1643 4088 1801 4137 bonos
1819 4089 2021 4153 gratiam
2040 4089 2230 4152 frigere.

1405 4172 1453 4219 5.
1502 4171 1564 4233 Q.
1591 4167 1775 4233 frater.
1815 4168 2046 4217 Libenter
2088 4167 2265 4216 Cicero
2308 4168 2362 4216 in
