2994 4778
232 458 334 476 m
348 455 1095 475 ”smsaeqmmmmmss
1102 456 1344 475 ”mm
1354 456 2182 483 mmmmmmmmm
2189 465 2368 486 ”sus

737 722 1851 833 ARGUMENTUM.

241 1022 306 1073 L.
338 1014 682 1098 Calpurnius
723 1014 857 1073 Piso
885 1024 943 1071 et
968 1017 1041 1071 A.
1071 1012 1355 1072 Gabinius
1391 1015 1658 1073 consules
1696 1034 1828 1073 ann.
1863 1020 1936 1077 U.
1972 1020 2034 1079 C.
2064 1019 2208 1098 695,
2240 1041 2358 1082 non

316 1110 490 1170 nodo
516 1114 579 1169 P.
602 1109 809 1169 Clodio
836 1109 1067 1168 tribuno
1094 1109 1280 1189 plebis
1306 1113 1664 1188 rogationem
1688 1113 1748 1169 in
1773 1113 2108 1175 Ciceronem
2129 1119 2363 1197 iniquis-

313 1209 515 1265 simam
547 1206 754 1264 serenti
791 1224 907 1263 non
942 1204 1321 1277 obstiterunt,
1352 1225 1556 1264 verum
1600 1207 1773 1265 etiam
1808 1210 2059 1269 nefarios
2095 1212 2220 1291 ejus
2258 1236 2360 1274 co-

316 1319 484 1363 natus
521 1318 583 1363 et
630 1304 872 1362 exitiosa
914 1302 1251 1381 reipublicoe
1297 1303 1538 1361 consilia
1583 1304 1953 1365 vehementer
1998 1308 2361 1387 adjuverunt.

316 1405 521 1479 Itaque
553 1402 759 1461 Cicero
786 1419 965 1478 quum
993 1413 1141 1458 esset
1173 1398 1246 1458 ab
1275 1400 1476 1459 exsilio
1517 1414 1820 1461 revocatus
1848 1447 1864 1475 ,
1895 1416 2015 1463 tum
2061 1407 2186 1466 aliis
2216 1410 2357 1468 locis

312 1498 521 1557 acerbe
549 1517 650 1556 eos
677 1496 1001 1568 accusavit,
1020 1509 1145 1554 tum
1180 1515 1312 1554 ann.
1337 1501 1409 1556 U.
1433 1499 1496 1555 C.
1527 1498 1663 1573 697,
1689 1517 1869 1575 quum
1901 1500 2272 1563 Marcomons
2300 1520 2357 1564 et

314 1595 610 1673 Philippus
638 1612 784 1652 coss.
814 1593 887 1651 de
931 1593 1242 1671 provinciis
1284 1593 1688 1652 consularibus
1719 1595 1842 1672 lege
1877 1598 2219 1676 Sempronia
2248 1598 2356 1661 de-

317 1692 614 1750 cernendis
653 1690 965 1761 referrent,
1013 1708 1236 1748 summo
1283 1690 1508 1763 studio,
1545 1691 1605 1748 in
1646 1692 1910 1750 oratione
1941 1692 2014 1751 de
2041 1696 2357 1773 provinciis

313 1787 741 1858 consularibus,
762 1806 935 1864 quam
956 1786 1161 1844 habuit
1186 1787 1244 1843 in
1272 1799 1471 1844 senatu
1487 1830 1504 1859 ,
1529 1787 1645 1865 egit
1660 1830 1676 1859 ,
1699 1801 1763 1845 ut
1779 1790 1909 1846 Piso
1931 1809 1964 1847 e
1992 1789 2355 1869 Macedonia,

307 1885 591 1943 Gabinius
633 1905 665 1942 e
698 1885 866 1961 Syria
905 1896 1288 1943 revocaretur.
1328 1889 1515 1956 Quam
1548 1883 1606 1941 in
1650 1885 1985 1944 sententiam
2020 1892 2171 1947 SCto
2204 1892 2356 1949 sacto

310 1984 470 2059 prior
512 1983 643 2040 Piso
687 2002 720 2038 e
756 1981 1059 2059 provincia
1096 1980 1297 2049 rediit,
1342 1993 1400 2038 et
1425 2001 1604 2058 quum
1643 1981 1702 2038 in
1748 1995 1948 2040 senatu
1989 1987 2239 2062 graviter
2281 1989 2354 2048 de

305 2080 584 2137 sententia
612 2078 904 2136 Ciceronis
928 2092 1161 2154 questus
1189 2090 1364 2148 esset,
1389 2078 1594 2135 Cicero
1619 2077 1673 2135 ei
1698 2077 1807 2135 hac
1830 2080 2092 2138 oratione
2111 2102 2356 2161 respon-

306 2175 420 2246 dit,
452 2188 513 2233 et
546 2173 909 2232 acerbissime
940 2174 998 2231 in
1027 2193 1161 2231 eum
1184 2174 1445 2231 invectus
1468 2188 1573 2231 est.

383 2271 522 2348 Ejus
548 2270 824 2329 orationis
840 2270 1187 2348 principium
1204 2312 1219 2337 ,
1243 2282 1455 2347 praeter
1489 2270 1712 2346 aliquot
1739 2270 2053 2347 fragmenta
2072 2273 2147 2332 ab
2164 2281 2350 2336 Asco-

315 2368 406 2426 nio
432 2380 692 2438 servata,
733 2366 991 2425 nondum
1020 2380 1105 2426 est
1136 2368 1193 2425 in
1224 2365 1396 2425 codd.
1426 2371 1572 2426 MSS
1612 2380 1921 2443 repertum.
1950 2373 2016 2428 In
2040 2392 2155 2449 qua
2185 2391 2350 2453 post..

306 2484 472 2541 quam
498 2463 571 2522 de
600 2464 819 2520 Pisonis
850 2482 1059 2539 genere
1088 2477 1145 2521 et
1182 2461 1502 2540 majoribus
1530 2461 1782 2534 dixerat,
1813 2465 2062 2542 exagitat
2100 2469 2349 2531 honores

305 2559 377 2617 ab
407 2581 479 2618 eo
515 2561 882 2638 impetratos,
912 2559 1176 2637 inprimis
1218 2571 1408 2617 autem
1444 2578 1612 2616 suum
1641 2560 2029 2633 consulatum,
2053 2583 2178 2641 cap.
2214 2568 2315 2624 1-3
2335 2609 2351 2636 ,

304 2676 428 2713 cum
458 2655 683 2714 Pisonis
713 2654 1045 2726 consulatu,
1089 2673 1216 2731 cap.
1252 2656 1429 2724 4-133
1452 2673 1618 2711 suum
1646 2653 1956 2712 discessum
1988 2657 2045 2713 in
2083 2660 2346 2720 exsilium

301 2772 576 2830 suamque
614 2750 954 2822 absentiam,
982 2771 1031 2808 c.
1069 2760 1136 2819 14
1156 2794 1171 2821 ‚
1204 2751 1301 2819 15,
1331 2770 1461 2808 cum
1492 2751 1714 2808 Pisonis
1745 2750 1996 2811 discessu
2020 2754 2079 2812 in
2111 2759 2347 2834 provin-

299 2849 443 2906 ciam
467 2848 708 2925 ejusque
735 2846 1024 2918 absentia,
1049 2868 1097 2904 c.
1133 2847 1304 2903 16-21
1327 2870 1342 2915 ;
1376 2845 1585 2904 deinde
1609 2847 1855 2906 reditum
1882 2869 2078 2924 suum,
2095 2872 2221 2930 cap.
2244 2874 2348 2927 υ,

302 2967 433 3004 cum
459 2947 680 3005 Pisonis
717 2945 937 3016 reditu,
968 2965 1096 3023 cap.
1134 2945 1360 3016 23-26‚
1395 2957 1712 3022 comparat.

380 3048 528 3101 Tum
558 3044 734 3100 vitam
763 3041 884 3119 ejus
911 3040 1190 3099 urbanam
1219 3041 1496 3119 exagitat3
1526 3041 1890 3119 ostenditque
1921 3063 2053 3101 eum
2089 3049 2344 3119 senatui,

298 3137 586 3217 equitibus
606 3182 622 3210 ‚
655 3136 813 3216 plebi
846 3157 1097 3195 romanae
1117 3182 1132 3210 ,
1155 3137 1293 3195 odio
1323 3156 1445 3194 esse
1465 3180 1481 3208 ,
1502 3156 1628 3214 cap.
1665 3157 1770 3209 ²73
1799 3137 2009 3197 deinde
2054 3139 2341 3203 luxuriam

294 3236 416 3313 ejus
437 3249 625 3307 notat,
651 3255 825 3312 quam
849 3234 1251 3306 Philodemus,
1277 3245 1450 3312 poeta
1478 3253 1695 3311 graecus
1713 3279 1729 3306 ,
1760 3234 1831 3293 ab
1860 3256 1930 3293 eo
1960 3238 2089 3314 ipso
2118 3255 2347 3317 rogatus

295 3331 710 3390 delicatissimis
750 3330 1011 3389 versibus
1050 3343 1444 3409 expresserat,
1486 3350 1612 3408 cap.
1646 3331 1753 3399 28,
1808 3351 1898 3407 ²9·
1930 3334 2153 3393 Deinde
2185 3339 2343 3415 quod

292 3431 423 3487 Piso
449 3428 704 3497 dixerat,
728 3428 991 3484 Ciceroni
1022 3447 1138 3485 non
1155 3426 1447 3498 invidiam,
1469 3426 1570 3485 sed
1593 3447 1789 3485 versus
1806 3427 2028 3505 aliquot
2046 3434 2340 3508 nocuisse3

294 3527 547 3603 primum
591 3525 875 3594 ostendit,
908 3543 1039 3581 eum
1076 3525 1271 3601 inepte
1303 3525 1409 3582 hos
1441 3545 1672 3596 versus,
1714 3526 1862 3583 male
1902 3526 2218 3589 intellectos
2249 3552 2345 3588 re-

295 3622 668 3701 prehendisse
691 3665 706 3689 ,
733 3642 860 3699 cap.
892 3624 1007 3691 303
1055 3621 1264 3680 deinde
1306 3624 1551 3692 refutat,
1593 3643 1721 3702 quae
1763 3624 1859 3681 ille
1894 3624 1966 3682 de
1993 3628 2249 3706 Pompeii
2283 3643 2341 3687 et

293 3721 531 3779 Caesaris
558 3740 689 3777 cum
722 3720 1002 3778 Cicerone
1031 3719 1338 3777 inimicitiis
1370 3720 1626 3792 dixerat,
1653 3721 1782 3799 cap.
1812 3723 2020 3780 31-33.

366 3822 664 3876 Postremo
687 3836 776 3874 res
806 3816 1026 3874 Pisonis
1053 3816 1111 3873 in
1141 3816 1437 3894 provincia
1465 3828 1687 3892 gestas,
1716 3816 1872 3875 labes
1899 3817 2158 3895 imperii,
2187 3833 2334 3879 stra·

287 3933 386 3990 ges
430 3913 781 3992 provinciae‚
816 3912 1111 3981 avaritiae,
1154 3910 1477 3987 injustitiae,
1521 3909 1877 3969 crudelitatis
1915 3913 2157 3971 crimina
2197 3935 2336 3993 per-

289 4011 549 4088 stringit,
589 4028 837 4085 eumque
868 4007 945 4065 ob
977 4008 1099 4065 haec
1142 4007 1356 4064 scelera
1390 4005 1737 4082 gravissimis
1768 4009 1953 4086 poenis
1983 4009 2219 4086 dignum
2262 4013 2336 4070 ab

287 4105 556 4163 omnibus
574 4104 821 4182 judicari
854 4105 1237 4174 demonstrat,
1273 4124 1397 4181 cap.
1426 4105 1566 4171 34-1.
1582 4124 1625 4158 ι.
