<?xml version="1.0" encoding="UTF-8"?>
<!DOCTYPE html PUBLIC "-//W3C//DTD XHTML 1.0 Transitional//EN"
    "http://www.w3.org/TR/xhtml1/DTD/xhtml1-transitional.dtd">
<html xmlns="http://www.w3.org/1999/xhtml" xml:lang="en" lang="en">
 <head>
  <title>
</title>
<meta http-equiv="Content-Type" content="text/html;charset=utf-8" />
  <meta name='ocr-system' content='tesseract 3.04.00' />
  <meta name='ocr-capabilities' content='ocr_page ocr_carea ocr_par ocr_line ocrx_word'/>
</head>
<body>
  <div class='ocr_page' id='page_1' title='image "./mtciceronisquae06lemagoog_0035.png"; bbox 0 0 2994 4778; ppageno 0'>
   <div class='ocr_carea' id='block_1_1' title="bbox 657 450 2302 521">
    <p class='ocr_par' dir='ltr' id='par_1_1' title="bbox 657 450 2302 521">
     <span class='ocr_line' id='line_1_1' title="bbox 657 450 2302 521; baseline 0.002 -4"><span class='ocrx_word' id='word_1_1' title='bbox 657 450 1041 518; x_wconf 85' lang='lat' dir='ltr'><strong>ORATIO</strong></span> <span class='ocrx_word' id='word_1_2' title='bbox 1089 452 1288 519; x_wconf 88' lang='lat' dir='ltr'><strong>PRO</strong></span> <span class='ocrx_word' id='word_1_3' title='bbox 1338 454 1411 518; x_wconf 91' lang='lat' dir='ltr'><strong>P.</strong></span> <span class='ocrx_word' id='word_1_4' title='bbox 1462 451 1854 519; x_wconf 85' lang='lat' dir='ltr'><strong>SEXTIO.</strong></span> <span class='ocrx_word' id='word_1_5' title='bbox 2215 450 2302 521; x_wconf 76' lang='lat'><strong>25</strong></span> 
     </span>
    </p>
   </div>
   <div class='ocr_carea' id='block_1_2' title="bbox 197 567 2342 1975">
    <p class='ocr_par' dir='ltr' id='par_1_2' title="bbox 197 567 2342 1975">
     <span class='ocr_line' id='line_1_2' title="bbox 209 567 2306 658; baseline -0 -17"><span class='ocrx_word' id='word_1_6' title='bbox 209 571 408 641; x_wconf 88' lang='lat' dir='ltr'><strong>alieni</strong></span> <span class='ocrx_word' id='word_1_7' title='bbox 446 571 530 640; x_wconf 87' lang='lat' dir='ltr'><strong>in</strong></span> <span class='ocrx_word' id='word_1_8' title='bbox 584 568 771 640; x_wconf 72' lang='lat' dir='ltr'><strong>fleto</strong></span> <span class='ocrx_word' id='word_1_9' title='bbox 827 569 915 640; x_wconf 89' lang='lat' dir='ltr'><strong>ad</strong></span> <span class='ocrx_word' id='word_1_10' title='bbox 958 567 1412 640; x_wconf 80' lang='lat' dir='ltr'><strong>columnam⁶</strong></span> <span class='ocrx_word' id='word_1_11' title='bbox 1466 568 2012 658; x_wconf 83' lang='lat' dir='ltr'><strong>adhaeresceret‚</strong></span> <span class='ocrx_word' id='word_1_12' title='bbox 2054 574 2128 640; x_wconf 90' lang='lat' dir='ltr'><strong>in</strong></span> <span class='ocrx_word' id='word_1_13' title='bbox 2174 573 2306 641; x_wconf 87' lang='lat' dir='ltr'><strong>tri-</strong></span> 
     </span>
     <span class='ocr_line' id='line_1_3' title="bbox 205 677 2307 776; baseline 0.001 -27"><span class='ocrx_word' id='word_1_14' title='bbox 205 678 516 751; x_wconf 86' lang='lat' dir='ltr'><strong>bunatus</strong></span> <span class='ocrx_word' id='word_1_15' title='bbox 573 695 866 776; x_wconf 87' lang='lat' dir='ltr'><strong>portum</strong></span> <span class='ocrx_word' id='word_1_16' title='bbox 925 678 1326 776; x_wconf 82' lang='lat' dir='ltr'>perfugerat</span> <span class='ocrx_word' id='word_1_17' title='bbox 1346 692 1394 748; x_wconf 82' lang='lat'><strong>⁷.</strong></span> <span class='ocrx_word' id='word_1_18' title='bbox 1458 677 1982 749; x_wconf 85' lang='lat' dir='ltr'><strong>Contemnebat</strong></span> <span class='ocrx_word' id='word_1_19' title='bbox 2030 682 2307 776; x_wconf 83' lang='lat' dir='ltr'><strong>equites</strong></span> 
     </span>
     <span class='ocr_line' id='line_1_4' title="bbox 203 786 2305 885; baseline 0.002 -29"><span class='ocrx_word' id='word_1_20' title='bbox 203 812 573 873; x_wconf 77' lang='lat' dir='ltr'><strong>roman05‚</strong></span> <span class='ocrx_word' id='word_1_21' title='bbox 602 786 1064 859; x_wconf 86' lang='lat' dir='ltr'><strong>minitabatur</strong></span> <span class='ocrx_word' id='word_1_22' title='bbox 1090 789 1406 873; x_wconf 86' lang='lat' dir='ltr'><strong>senatui,</strong></span> <span class='ocrx_word' id='word_1_23' title='bbox 1442 787 1857 859; x_wconf 82' lang='lat' dir='ltr'><strong>venditabat</strong></span> <span class='ocrx_word' id='word_1_24' title='bbox 1888 811 1961 858; x_wconf 90' lang='lat' dir='ltr'><strong>se</strong></span> <span class='ocrx_word' id='word_1_25' title='bbox 1996 791 2228 885; x_wconf 84' lang='lat' dir='ltr'><strong>operis</strong></span> <span class='ocrx_word' id='word_1_26' title='bbox 2246 786 2305 878; x_wconf 79' lang='lat'><strong>⁸,</strong></span> 
     </span>
     <span class='ocr_line' id='line_1_5' title="bbox 202 896 2305 994; baseline 0.001 -29"><span class='ocrx_word' id='word_1_27' title='bbox 202 911 405 993; x_wconf 88' lang='lat' dir='ltr'><strong>atque</strong></span> <span class='ocrx_word' id='word_1_28' title='bbox 450 896 552 968; x_wconf 91' lang='lat' dir='ltr'><strong>ab</strong></span> <span class='ocrx_word' id='word_1_29' title='bbox 597 898 681 967; x_wconf 89' lang='lat' dir='ltr'><strong>iis</strong></span> <span class='ocrx_word' id='word_1_30' title='bbox 724 920 800 968; x_wconf 87' lang='lat' dir='ltr'><strong>se</strong></span> <span class='ocrx_word' id='word_1_31' title='bbox 840 911 1166 994; x_wconf 89' lang='lat' dir='ltr'><strong>ereptum</strong></span> <span class='ocrx_word' id='word_1_32' title='bbox 1190 951 1210 984; x_wconf 92' lang='lat'><strong><em>‚</em></strong></span> <span class='ocrx_word' id='word_1_33' title='bbox 1253 922 1344 968; x_wconf 91' lang='lat' dir='ltr'><strong>ne</strong></span> <span class='ocrx_word' id='word_1_34' title='bbox 1382 896 1473 967; x_wconf 85' lang='lat' dir='ltr'><strong>de</strong></span> <span class='ocrx_word' id='word_1_35' title='bbox 1505 896 1835 968; x_wconf 85' lang='lat' dir='ltr'><strong>ambitu9</strong></span> <span class='ocrx_word' id='word_1_36' title='bbox 1879 920 2159 967; x_wconf 83' lang='lat' dir='ltr'><strong>causam</strong></span> <span class='ocrx_word' id='word_1_37' title='bbox 2194 897 2305 969; x_wconf 90' lang='lat' dir='ltr'><strong>di-</strong></span> 
     </span>
     <span class='ocr_line' id='line_1_6' title="bbox 201 1005 2308 1104; baseline 0.001 -27"><span class='ocrx_word' id='word_1_38' title='bbox 201 1022 418 1095; x_wconf 85' lang='lat' dir='ltr'><strong>ceret,</strong></span> <span class='ocrx_word' id='word_1_39' title='bbox 464 1005 935 1104; x_wconf 68' lang='lat' dir='ltr'><strong>praedicabat,</strong></span> <span class='ocrx_word' id='word_1_40' title='bbox 981 1006 1070 1077; x_wconf 91' lang='lat' dir='ltr'><strong>ab</strong></span> <span class='ocrx_word' id='word_1_41' title='bbox 1108 1006 1518 1103; x_wconf 67' lang='lat' dir='ltr'><strong>iisdemque*</strong></span> <span class='ocrx_word' id='word_1_42' title='bbox 1541 1032 1657 1096; x_wconf 91' lang='lat' dir='ltr'><strong>se,</strong></span> <span class='ocrx_word' id='word_1_43' title='bbox 1704 1010 1915 1078; x_wconf 84' lang='lat' dir='ltr'><strong>etiam</strong></span> <span class='ocrx_word' id='word_1_44' title='bbox 1954 1008 2180 1077; x_wconf 87' lang='lat' dir='ltr'><strong>invito</strong></span> <span class='ocrx_word' id='word_1_45' title='bbox 2206 1033 2308 1079; x_wconf 88' lang='lat' dir='ltr'><strong>se·</strong></span> 
     </span>
     <span class='ocr_line' id='line_1_7' title="bbox 199 1114 2342 1213; baseline 0.001 -30"><span class='ocrx_word' id='word_1_46' title='bbox 199 1130 358 1187; x_wconf 88' lang='lat' dir='ltr'><strong>natu</strong></span> <span class='ocrx_word' id='word_1_47' title='bbox 386 1127 489 1202; x_wconf 83' lang='lat'><strong>¹⁰,</strong></span> <span class='ocrx_word' id='word_1_48' title='bbox 559 1116 1000 1211; x_wconf 86' lang='lat' dir='ltr'><strong>provinciam</strong></span> <span class='ocrx_word' id='word_1_49' title='bbox 1070 1139 1355 1213; x_wconf 83' lang='lat' dir='ltr'><strong>sperare</strong></span> <span class='ocrx_word' id='word_1_50' title='bbox 1419 1114 1747 1203; x_wconf 88' lang='lat' dir='ltr'><strong>dicebat;</strong></span> <span class='ocrx_word' id='word_1_51' title='bbox 1818 1140 2119 1211; x_wconf 88' lang='lat' dir='ltr'><strong>eamque</strong></span> <span class='ocrx_word' id='word_1_52' title='bbox 2175 1117 2342 1186; x_wconf 84' lang='lat' dir='ltr'><strong>nisi&#39;</strong></span> 
     </span>
     <span class='ocr_line' id='line_1_8' title="bbox 200 1221 2307 1320; baseline 0.001 -29"><span class='ocrx_word' id='word_1_53' title='bbox 200 1221 501 1320; x_wconf 81' lang='lat' dir='ltr'><strong>adeptus</strong></span> <span class='ocrx_word' id='word_1_54' title='bbox 543 1238 768 1310; x_wconf 87' lang='lat' dir='ltr'><strong>esset,</strong></span> <span class='ocrx_word' id='word_1_55' title='bbox 816 1247 891 1294; x_wconf 86' lang='lat' dir='ltr'><strong>se</strong></span> <span class='ocrx_word' id='word_1_56' title='bbox 940 1223 1376 1295; x_wconf 84' lang='lat' dir='ltr'><strong>incolumem</strong></span> <span class='ocrx_word' id='word_1_57' title='bbox 1423 1224 1623 1296; x_wconf 90' lang='lat' dir='ltr'><strong>nullo</strong></span> <span class='ocrx_word' id='word_1_58' title='bbox 1668 1225 1889 1296; x_wconf 89' lang='lat' dir='ltr'><strong>modo</strong></span> <span class='ocrx_word' id='word_1_59' title='bbox 1925 1223 2079 1295; x_wconf 89' lang='lat' dir='ltr'><strong>fore</strong></span> <span class='ocrx_word' id='word_1_60' title='bbox 2119 1224 2307 1294; x_wconf 90' lang='lat' dir='ltr'><strong>arbi-</strong></span> 
     </span>
     <span class='ocr_line' id='line_1_9' title="bbox 197 1330 2304 1430; baseline -0.002 -25"><span class='ocrx_word' id='word_1_61' title='bbox 197 1333 546 1405; x_wconf 80' lang='lat' dir='ltr'><strong>trabatur.</strong></span> <span class='ocrx_word' id='word_1_62' title='bbox 592 1332 812 1419; x_wconf 74' lang='lat' dir='ltr'><strong>Aher,</strong></span> <span class='ocrx_word' id='word_1_63' title='bbox 844 1357 890 1403; x_wconf 93' lang='lat' dir='ltr'><strong>o</strong></span> <span class='ocrx_word' id='word_1_64' title='bbox 921 1332 1019 1403; x_wconf 89' lang='lat' dir='ltr'><strong>dii</strong></span> <span class='ocrx_word' id='word_1_65' title='bbox 1052 1331 1257 1404; x_wconf 86' lang='lat' dir='ltr'><strong>boni!</strong></span> <span class='ocrx_word' id='word_1_66' title='bbox 1305 1358 1525 1430; x_wconf 87' lang='lat' dir='ltr'><strong>quarn</strong></span> <span class='ocrx_word' id='word_1_67' title='bbox 1573 1348 1756 1406; x_wconf 87' lang='lat' dir='ltr'><strong>teter</strong></span> <span class='ocrx_word' id='word_1_68' title='bbox 1781 1344 1837 1377; x_wconf 87' lang='lat'><strong>¹¹</strong></span> <span class='ocrx_word' id='word_1_69' title='bbox 1891 1330 2304 1404; x_wconf 88' lang='lat' dir='ltr'><strong>incedebat!</strong></span> 
     </span>
     <span class='ocr_line' id='line_1_10' title="bbox 200 1438 2302 1540; baseline 0.001 -29"><span class='ocrx_word' id='word_1_70' title='bbox 200 1465 411 1536; x_wconf 84' lang='lat' dir='ltr'><strong>quam</strong></span> <span class='ocrx_word' id='word_1_71' title='bbox 454 1438 939 1511; x_wconf 85' lang='lat' dir='ltr'><strong>truculentus!</strong></span> <span class='ocrx_word' id='word_1_72' title='bbox 996 1466 1210 1538; x_wconf 90' lang='lat' dir='ltr'><strong>quam</strong></span> <span class='ocrx_word' id='word_1_73' title='bbox 1260 1441 1597 1514; x_wconf 84' lang='lat' dir='ltr'><strong>terribilis</strong></span> <span class='ocrx_word' id='word_1_74' title='bbox 1648 1441 2025 1540; x_wconf 86' lang='lat' dir='ltr'><strong>adspectu!</strong></span> <span class='ocrx_word' id='word_1_75' title='bbox 2075 1467 2302 1513; x_wconf 88' lang='lat' dir='ltr'><strong>unum</strong></span> 
     </span>
     <span class='ocr_line' id='line_1_11' title="bbox 198 1548 2305 1649; baseline 0.003 -32"><span class='ocrx_word' id='word_1_76' title='bbox 198 1550 510 1647; x_wconf 78' lang='lat' dir='ltr'><strong>aliquem</strong></span> <span class='ocrx_word' id='word_1_77' title='bbox 552 1563 627 1619; x_wconf 86' lang='lat' dir='ltr'><strong>te</strong></span> <span class='ocrx_word' id='word_1_78' title='bbox 678 1573 767 1620; x_wconf 85' lang='lat' dir='ltr'><strong>ex</strong></span> <span class='ocrx_word' id='word_1_79' title='bbox 810 1548 1127 1621; x_wconf 86' lang='lat' dir='ltr'><strong>barbatis</strong></span> <span class='ocrx_word' id='word_1_80' title='bbox 1180 1550 1351 1639; x_wconf 79' lang='lat' dir='ltr'><strong>illis,</strong></span> <span class='ocrx_word' id='word_1_81' title='bbox 1405 1551 1814 1649; x_wconf 83' lang='lat' dir='ltr'><strong>exemplum</strong></span> <span class='ocrx_word' id='word_1_82' title='bbox 1868 1552 2145 1648; x_wconf 87' lang='lat' dir='ltr'><strong>imperii</strong></span> <span class='ocrx_word' id='word_1_83' title='bbox 2184 1576 2305 1623; x_wconf 86' lang='lat' dir='ltr'><strong>ve·</strong></span> 
     </span>
     <span class='ocr_line' id='line_1_12' title="bbox 199 1659 2304 1758; baseline 0.001 -30"><span class='ocrx_word' id='word_1_84' title='bbox 199 1661 394 1748; x_wconf 84' lang='lat' dir='ltr'><strong>teris,</strong></span> <span class='ocrx_word' id='word_1_85' title='bbox 434 1659 823 1754; x_wconf 83' lang='lat' dir='ltr'><strong>imaginem</strong></span> <span class='ocrx_word' id='word_1_86' title='bbox 851 1660 1327 1756; x_wconf 76' lang='lat' dir='ltr'><strong>antiquitatiS,</strong></span> <span class='ocrx_word' id='word_1_87' title='bbox 1358 1661 1691 1732; x_wconf 88' lang='lat' dir='ltr'><strong>columen</strong></span> <span class='ocrx_word' id='word_1_88' title='bbox 1721 1661 2129 1758; x_wconf 84' lang='lat' dir='ltr'><strong>reipublicae</strong></span> <span class='ocrx_word' id='word_1_89' title='bbox 2150 1715 2170 1747; x_wconf 91' lang='lat'>‚</span> <span class='ocrx_word' id='word_1_90' title='bbox 2200 1660 2304 1731; x_wconf 88' lang='lat' dir='ltr'><strong>di-</strong></span> 
     </span>
     <span class='ocr_line' id='line_1_13' title="bbox 199 1768 2303 1866; baseline -0 -27"><span class='ocrx_word' id='word_1_91' title='bbox 199 1793 389 1840; x_wconf 84' lang='lat' dir='ltr'><strong>ceres</strong></span> <span class='ocrx_word' id='word_1_92' title='bbox 444 1769 733 1841; x_wconf 84' lang='lat' dir='ltr'><strong>intueri.</strong></span> <span class='ocrx_word' id='word_1_93' title='bbox 789 1769 1100 1839; x_wconf 88' lang='lat' dir='ltr'><strong>Vestitus</strong></span> <span class='ocrx_word' id='word_1_94' title='bbox 1154 1793 1400 1865; x_wconf 83' lang='lat' dir='ltr'><strong>aspere</strong></span> <span class='ocrx_word' id='word_1_95' title='bbox 1425 1780 1485 1812; x_wconf 79' lang='lat'><strong>¹²</strong></span> <span class='ocrx_word' id='word_1_96' title='bbox 1529 1784 1773 1840; x_wconf 88' lang='lat' dir='ltr'><strong>nostra</strong></span> <span class='ocrx_word' id='word_1_97' title='bbox 1807 1768 1941 1840; x_wconf 89' lang='lat' dir='ltr'><strong>hac</strong></span> <span class='ocrx_word' id='word_1_98' title='bbox 1986 1793 2303 1866; x_wconf 84' lang='lat' dir='ltr'><strong>purpura</strong></span> 
     </span>
     <span class='ocr_line' id='line_1_14' title="bbox 199 1877 2297 1975; baseline -0.002 -25"><span class='ocrx_word' id='word_1_99' title='bbox 199 1878 471 1975; x_wconf 89' lang='lat' dir='ltr'><strong>plebeia</strong></span> <span class='ocrx_word' id='word_1_100' title='bbox 490 1933 512 1966; x_wconf 86' lang='lat'>,</span> <span class='ocrx_word' id='word_1_101' title='bbox 550 1903 633 1948; x_wconf 90' lang='lat' dir='ltr'><strong>ac</strong></span> <span class='ocrx_word' id='word_1_102' title='bbox 662 1902 862 1975; x_wconf 85' lang='lat' dir='ltr'><strong>paene</strong></span> <span class='ocrx_word' id='word_1_103' title='bbox 891 1877 1121 1965; x_wconf 82' lang='lat' dir='ltr'><strong>fusca3</strong></span> <span class='ocrx_word' id='word_1_104' title='bbox 1151 1877 1405 1975; x_wconf 87' lang='lat' dir='ltr'><strong>capillo</strong></span> <span class='ocrx_word' id='word_1_105' title='bbox 1434 1879 1529 1950; x_wconf 89' lang='lat' dir='ltr'><strong>ita</strong></span> <span class='ocrx_word' id='word_1_106' title='bbox 1557 1877 1851 1967; x_wconf 88' lang='lat' dir='ltr'><strong>horrido</strong></span> <span class='ocrx_word' id='word_1_107' title='bbox 1869 1931 1888 1965; x_wconf 91' lang='lat'>,</span> <span class='ocrx_word' id='word_1_108' title='bbox 1916 1891 1997 1948; x_wconf 91' lang='lat' dir='ltr'><strong>ut</strong></span> <span class='ocrx_word' id='word_1_109' title='bbox 2023 1882 2297 1974; x_wconf 85' lang='lat' dir='ltr'><strong>Capua,</strong></span> 
     </span>
    </p>
   </div>
   <div class='ocr_carea' id='block_1_3' title="bbox 200 2028 1211 4222">
    <p class='ocr_par' dir='ltr' id='par_1_3' title="bbox 200 2028 1207 2806">
     <span class='ocr_line' id='line_1_15' title="bbox 200 2028 1204 2093; baseline 0 -16"><span class='ocrx_word' id='word_1_110' title='bbox 200 2031 391 2078; x_wconf 73' lang='lat' dir='ltr'><strong>omnino</strong></span> <span class='ocrx_word' id='word_1_111' title='bbox 426 2040 714 2093; x_wconf 82' lang='lat' dir='ltr'><strong>corruptum</strong></span> <span class='ocrx_word' id='word_1_112' title='bbox 745 2045 890 2076; x_wconf 85' lang='lat' dir='ltr'><strong>nemo</strong></span> <span class='ocrx_word' id='word_1_113' title='bbox 924 2044 1025 2076; x_wconf 89' lang='lat' dir='ltr'><strong>nou</strong></span> <span class='ocrx_word' id='word_1_114' title='bbox 1053 2028 1204 2077; x_wconf 79' lang='lat' dir='ltr'><strong>videt.</strong></span> 
     </span>
     <span class='ocr_line' id='line_1_16' title="bbox 201 2107 1205 2172; baseline -0.002 -16"><span class='ocrx_word' id='word_1_115' title='bbox 201 2109 445 2157; x_wconf 81' lang='lat' dir='ltr'><strong>Turnebus</strong></span> <span class='ocrx_word' id='word_1_116' title='bbox 456 2110 700 2172; x_wconf 71' lang='lat' dir='ltr'><strong>vulgatam</strong></span> <span class='ocrx_word' id='word_1_117' title='bbox 715 2109 942 2171; x_wconf 80' lang='lat' dir='ltr'><strong>exponit:</strong></span> <span class='ocrx_word' id='word_1_118' title='bbox 962 2128 988 2149; x_wconf 74' lang='grc' dir='ltr'>ι</span> <span class='ocrx_word' id='word_1_119' title='bbox 998 2107 1205 2171; x_wconf 85' lang='lat' dir='ltr'><strong>quodam</strong></span> 
     </span>
     <span class='ocr_line' id='line_1_17' title="bbox 201 2187 1207 2251; baseline -0.005 -14"><span class='ocrx_word' id='word_1_120' title='bbox 201 2190 393 2251; x_wconf 80' lang='lat' dir='ltr'><strong>putealia</strong></span> <span class='ocrx_word' id='word_1_121' title='bbox 434 2200 485 2236; x_wconf 88' lang='lat' dir='ltr'><strong>et</strong></span> <span class='ocrx_word' id='word_1_122' title='bbox 520 2188 631 2235; x_wconf 68' lang='lat' dir='ltr'><strong>eris</strong></span> <span class='ocrx_word' id='word_1_123' title='bbox 664 2187 807 2234; x_wconf 88' lang='lat' dir='ltr'><strong>alieni</strong></span> <span class='ocrx_word' id='word_1_124' title='bbox 834 2198 982 2234; x_wconf 80' lang='lat' dir='ltr'><strong>vento</strong></span> <span class='ocrx_word' id='word_1_125' title='bbox 1002 2188 1207 2247; x_wconf 86' lang='lat' dir='ltr'><strong>jactatus</strong></span> 
     </span>
     <span class='ocr_line' id='line_1_18' title="bbox 202 2265 1206 2316; baseline -0.001 -2"><span class='ocrx_word' id='word_1_126' title='bbox 202 2282 254 2314; x_wconf 83' lang='lat' dir='ltr'><strong>ac</strong></span> <span class='ocrx_word' id='word_1_127' title='bbox 274 2269 366 2316; x_wconf 81' lang='lat' dir='ltr'><strong>sere</strong></span> <span class='ocrx_word' id='word_1_128' title='bbox 391 2283 645 2315; x_wconf 72' lang='lat' dir='ltr'><strong>eversus».</strong></span> <span class='ocrx_word' id='word_1_129' title='bbox 672 2266 768 2313; x_wconf 79' lang='lat' dir='ltr'><strong>Sed</strong></span> <span class='ocrx_word' id='word_1_130' title='bbox 785 2265 960 2313; x_wconf 85' lang='lat' dir='ltr'><strong>nullibi</strong></span> <span class='ocrx_word' id='word_1_131' title='bbox 985 2281 1043 2313; x_wconf 89' lang='lat' dir='ltr'><strong>eo</strong></span> <span class='ocrx_word' id='word_1_132' title='bbox 1065 2281 1206 2313; x_wconf 82' lang='lat' dir='ltr'><strong>sensu</strong></span> 
     </span>
     <span class='ocr_line' id='line_1_19' title="bbox 204 2344 1205 2413; baseline -0.001 -19"><span class='ocrx_word' id='word_1_133' title='bbox 204 2348 402 2395; x_wconf 69' lang='lat' dir='ltr'><strong>occurrit</strong></span> <span class='ocrx_word' id='word_1_134' title='bbox 422 2346 629 2397; x_wconf 76' lang='lat' dir='ltr'><strong>verbnm</strong></span> <span class='ocrx_word' id='word_1_135' title='bbox 657 2344 842 2413; x_wconf 73' lang='lat' dir='ltr'><strong>inflari.</strong></span> <span class='ocrx_word' id='word_1_136' title='bbox 870 2346 1091 2394; x_wconf 78' lang='lat' dir='ltr'><strong>Correxit</strong></span> <span class='ocrx_word' id='word_1_137' title='bbox 1114 2346 1205 2393; x_wconf 81' lang='lat' dir='ltr'><strong>Er-</strong></span> 
     </span>
     <span class='ocr_line' id='line_1_20' title="bbox 205 2424 1206 2490; baseline -0.002 -17"><span class='ocrx_word' id='word_1_138' title='bbox 205 2429 373 2474; x_wconf 78' lang='lat' dir='ltr'><strong>nestius</strong></span> <span class='ocrx_word' id='word_1_139' title='bbox 412 2427 658 2490; x_wconf 74' lang='lat' dir='ltr'><strong>jaccam.</strong></span> <span class='ocrx_word' id='word_1_140' title='bbox 718 2425 1005 2472; x_wconf 84' lang='lat' dir='ltr'><strong>Garatonius</strong></span> <span class='ocrx_word' id='word_1_141' title='bbox 1051 2424 1206 2472; x_wconf 84' lang='lat' dir='ltr'><strong>labem</strong></span> 
     </span>
     <span class='ocr_line' id='line_1_21' title="bbox 206 2503 1205 2569; baseline -0.001 -18"><span class='ocrx_word' id='word_1_142' title='bbox 206 2505 354 2552; x_wconf 80' lang='lat' dir='ltr'><strong>multo</strong></span> <span class='ocrx_word' id='word_1_143' title='bbox 393 2506 535 2553; x_wconf 86' lang='lat' dir='ltr'><strong>latius</strong></span> <span class='ocrx_word' id='word_1_144' title='bbox 586 2520 780 2555; x_wconf 81' lang='lat' dir='ltr'><strong>manare</strong></span> <span class='ocrx_word' id='word_1_145' title='bbox 822 2504 1111 2569; x_wconf 84' lang='lat' dir='ltr'><strong>suspicatus,</strong></span> <span class='ocrx_word' id='word_1_146' title='bbox 1136 2503 1205 2551; x_wconf 87' lang='lat' dir='ltr'><strong>sic</strong></span> 
     </span>
     <span class='ocr_line' id='line_1_22' title="bbox 207 2582 1206 2648; baseline 0 -19"><span class='ocrx_word' id='word_1_147' title='bbox 207 2582 358 2631; x_wconf 81' lang='lat' dir='ltr'><strong>locum</strong></span> <span class='ocrx_word' id='word_1_148' title='bbox 390 2595 549 2633; x_wconf 83' lang='lat' dir='ltr'><strong>totum</strong></span> <span class='ocrx_word' id='word_1_149' title='bbox 584 2585 761 2631; x_wconf 87' lang='lat' dir='ltr'><strong>babet:</strong></span> <span class='ocrx_word' id='word_1_150' title='bbox 794 2608 818 2626; x_wconf 81' lang='grc' dir='ltr'><strong>ιι</strong></span> <span class='ocrx_word' id='word_1_151' title='bbox 838 2582 1021 2648; x_wconf 81' lang='lat' dir='ltr'><strong>puteali</strong></span> <span class='ocrx_word' id='word_1_152' title='bbox 1055 2594 1105 2631; x_wconf 85' lang='lat' dir='ltr'><strong>et</strong></span> <span class='ocrx_word' id='word_1_153' title='bbox 1138 2583 1206 2630; x_wconf 81' lang='lat' dir='ltr'><strong>fe-</strong></span> 
     </span>
     <span class='ocr_line' id='line_1_23' title="bbox 206 2663 1205 2728; baseline 0 -17"><span class='ocrx_word' id='word_1_154' title='bbox 206 2674 465 2711; x_wconf 74' lang='lat' dir='ltr'><strong>neratorum</strong></span> <span class='ocrx_word' id='word_1_155' title='bbox 511 2664 644 2728; x_wconf 77' lang='lat' dir='ltr'><strong>gregi</strong></span> <span class='ocrx_word' id='word_1_156' title='bbox 694 2663 936 2711; x_wconf 83' lang='lat' dir='ltr'><strong>subiratus</strong></span> <span class='ocrx_word' id='word_1_157' title='bbox 958 2696 974 2721; x_wconf 89' lang='lat'>‚</span> <span class='ocrx_word' id='word_1_158' title='bbox 1026 2679 1052 2711; x_wconf 84' lang='lat' dir='ltr'><strong>a</strong></span> <span class='ocrx_word' id='word_1_159' title='bbox 1106 2677 1205 2724; x_wconf 86' lang='lat' dir='ltr'><strong>quo</strong></span> 
     </span>
     <span class='ocr_line' id='line_1_24' title="bbox 206 2743 672 2806; baseline 0.004 -18"><span class='ocrx_word' id='word_1_160' title='bbox 206 2743 503 2806; x_wconf 75' lang='lat' dir='ltr'><strong>conpulsus,</strong></span> <span class='ocrx_word' id='word_1_161' title='bbox 525 2753 624 2790; x_wconf 86' lang='lat' dir='ltr'><strong>etc.</strong></span> <span class='ocrx_word' id='word_1_162' title='bbox 646 2764 672 2783; x_wconf 70' lang='grc' dir='ltr'><strong>ι-</strong></span> 
     </span>
    </p>

    <p class='ocr_par' dir='ltr' id='par_1_4' title="bbox 209 2818 1209 3199">
     <span class='ocr_line' id='line_1_25' title="bbox 270 2818 1206 2877; baseline -0.001 -11"><span class='ocrx_word' id='word_1_163' title='bbox 270 2822 319 2867; x_wconf 85' lang='grc'><strong>6.</strong></span> <span class='ocrx_word' id='word_1_164' title='bbox 351 2821 441 2868; x_wconf 68' lang='lat' dir='ltr'><strong>Aa</strong></span> <span class='ocrx_word' id='word_1_165' title='bbox 458 2821 754 2868; x_wconf 79' lang='lat' dir='ltr'><strong>columnam.</strong></span> <span class='ocrx_word' id='word_1_166' title='bbox 788 2819 1045 2876; x_wconf 62' lang='lat' dir='ltr'><strong>Maniam,</strong></span> <span class='ocrx_word' id='word_1_167' title='bbox 1069 2818 1206 2877; x_wconf 84' lang='lat' dir='ltr'><strong>juxta</strong></span> 
     </span>
     <span class='ocr_line' id='line_1_26' title="bbox 209 2894 1205 2963; baseline -0.002 -18"><span class='ocrx_word' id='word_1_168' title='bbox 209 2914 337 2959; x_wconf 79' lang='lat' dir='ltr'><strong>quatu</strong></span> <span class='ocrx_word' id='word_1_169' title='bbox 371 2899 613 2946; x_wconf 69' lang='lat' dir='ltr'><strong>ffiumviri</strong></span> <span class='ocrx_word' id='word_1_170' title='bbox 651 2898 879 2963; x_wconf 73' lang='lat' dir='ltr'><strong>capitales</strong></span> <span class='ocrx_word' id='word_1_171' title='bbox 907 2894 1205 2958; x_wconf 84' lang='lat' dir='ltr'><strong>judicabant.</strong></span> 
     </span>
     <span class='ocr_line' id='line_1_27' title="bbox 210 2977 1209 3042; baseline -0.002 -18"><span class='ocrx_word' id='word_1_172' title='bbox 210 2977 273 3024; x_wconf 80' lang='lat' dir='ltr'><strong>De</strong></span> <span class='ocrx_word' id='word_1_173' title='bbox 308 2994 361 3025; x_wconf 84' lang='lat' dir='ltr'><strong>ea</strong></span> <span class='ocrx_word' id='word_1_174' title='bbox 398 2979 514 3026; x_wconf 79' lang='lat' dir='ltr'><strong>vide</strong></span> <span class='ocrx_word' id='word_1_175' title='bbox 539 2978 676 3042; x_wconf 86' lang='lat' dir='ltr'><strong>plura</strong></span> <span class='ocrx_word' id='word_1_176' title='bbox 712 2977 774 3025; x_wconf 85' lang='lat' dir='ltr'><strong>ad</strong></span> <span class='ocrx_word' id='word_1_177' title='bbox 805 2977 1101 3025; x_wconf 77' lang='lat' dir='ltr'><strong>Cluentiauae</strong></span> <span class='ocrx_word' id='word_1_178' title='bbox 1129 2992 1209 3023; x_wconf 84' lang='lat' dir='ltr'><strong>ca·</strong></span> 
     </span>
     <span class='ocr_line' id='line_1_28' title="bbox 211 3055 1207 3119; baseline -0.002 -16"><span class='ocrx_word' id='word_1_179' title='bbox 211 3067 286 3117; x_wconf 75' lang='lat' dir='ltr'><strong>put</strong></span> <span class='ocrx_word' id='word_1_180' title='bbox 314 3057 398 3118; x_wconf 78' lang='lat'><strong>39.</strong></span> <span class='ocrx_word' id='word_1_181' title='bbox 421 3083 491 3093; x_wconf 86' lang='lat'><strong>-—·</strong></span> <span class='ocrx_word' id='word_1_182' title='bbox 522 3055 890 3104; x_wconf 71' lang='lat' dir='ltr'><strong>Adhoeresceret.</strong></span> <span class='ocrx_word' id='word_1_183' title='bbox 917 3055 1207 3119; x_wconf 76' lang='lat' dir='ltr'><strong>Impingere·</strong></span> 
     </span>
     <span class='ocr_line' id='line_1_29' title="bbox 210 3135 829 3199; baseline 0.008 -21"><span class='ocrx_word' id='word_1_184' title='bbox 210 3144 292 3195; x_wconf 80' lang='lat' dir='ltr'><strong>tur,</strong></span> <span class='ocrx_word' id='word_1_185' title='bbox 313 3135 497 3183; x_wconf 77' lang='lat' dir='ltr'><strong>faceret</strong></span> <span class='ocrx_word' id='word_1_186' title='bbox 516 3135 829 3199; x_wconf 72' lang='lat' dir='ltr'><strong>naufragium.</strong></span> 
     </span>
    </p>

    <p class='ocr_par' dir='ltr' id='par_1_5' title="bbox 208 3211 1211 4144">
     <span class='ocr_line' id='line_1_30' title="bbox 267 3211 1211 3279; baseline -0.001 -20"><span class='ocrx_word' id='word_1_187' title='bbox 267 3228 314 3279; x_wconf 89' lang='lat'><strong>7.</strong></span> <span class='ocrx_word' id='word_1_188' title='bbox 347 3211 650 3278; x_wconf 69' lang='lat' dir='ltr'><strong>Pefiagerae.</strong></span> <span class='ocrx_word' id='word_1_189' title='bbox 680 3212 914 3261; x_wconf 74' lang='lat' dir='ltr'><strong>Gabinius</strong></span> <span class='ocrx_word' id='word_1_190' title='bbox 946 3228 1097 3276; x_wconf 86' lang='lat' dir='ltr'><strong>quum</strong></span> <span class='ocrx_word' id='word_1_191' title='bbox 1122 3226 1211 3274; x_wconf 87' lang='lat' dir='ltr'><strong>op-</strong></span> 
     </span>
     <span class='ocr_line' id='line_1_31' title="bbox 208 3291 1207 3352; baseline -0.004 -13"><span class='ocrx_word' id='word_1_192' title='bbox 208 3306 387 3352; x_wconf 76' lang='lat' dir='ltr'><strong>pressus</strong></span> <span class='ocrx_word' id='word_1_193' title='bbox 408 3301 534 3339; x_wconf 83' lang='lat' dir='ltr'><strong>esset</strong></span> <span class='ocrx_word' id='word_1_194' title='bbox 559 3307 650 3339; x_wconf 75' lang='lat' dir='ltr'><strong>aere</strong></span> <span class='ocrx_word' id='word_1_195' title='bbox 675 3291 836 3339; x_wconf 83' lang='lat' dir='ltr'><strong>alieno</strong></span> <span class='ocrx_word' id='word_1_196' title='bbox 851 3325 866 3349; x_wconf 86' lang='lat'>‚</span> <span class='ocrx_word' id='word_1_197' title='bbox 891 3300 938 3338; x_wconf 87' lang='lat' dir='ltr'><strong>et</strong></span> <span class='ocrx_word' id='word_1_198' title='bbox 963 3301 1207 3352; x_wconf 83' lang='lat' dir='ltr'><strong>tamqnam</strong></span> 
     </span>
     <span class='ocr_line' id='line_1_32' title="bbox 210 3369 1208 3434; baseline 0 -19"><span class='ocrx_word' id='word_1_199' title='bbox 210 3370 253 3415; x_wconf 81' lang='lat' dir='ltr'><strong>in</strong></span> <span class='ocrx_word' id='word_1_200' title='bbox 299 3371 507 3434; x_wconf 70' lang='lat' dir='ltr'><strong>Scyllaeo</strong></span> <span class='ocrx_word' id='word_1_201' title='bbox 554 3371 679 3418; x_wconf 77' lang='lat' dir='ltr'><strong>freto</strong></span> <span class='ocrx_word' id='word_1_202' title='bbox 731 3372 895 3417; x_wconf 86' lang='lat' dir='ltr'><strong>omnia</strong></span> <span class='ocrx_word' id='word_1_203' title='bbox 945 3369 1208 3416; x_wconf 79' lang='lat' dir='ltr'><strong>devorante</strong></span> 
     </span>
     <span class='ocr_line' id='line_1_33' title="bbox 210 3446 1208 3512; baseline -0.003 -14"><span class='ocrx_word' id='word_1_204' title='bbox 210 3447 520 3512; x_wconf 74' lang='lat' dir='ltr'><strong>deprehensus</strong></span> <span class='ocrx_word' id='word_1_205' title='bbox 533 3483 549 3507; x_wconf 92' lang='lat'>‚</span> <span class='ocrx_word' id='word_1_206' title='bbox 571 3465 635 3496; x_wconf 87' lang='lat' dir='ltr'><strong>ne</strong></span> <span class='ocrx_word' id='word_1_207' title='bbox 654 3449 990 3497; x_wconf 83' lang='lat' dir='ltr'><strong>foeneratorum</strong></span> <span class='ocrx_word' id='word_1_208' title='bbox 1009 3446 1208 3495; x_wconf 84' lang='lat' dir='ltr'><strong>delatio-</strong></span> 
     </span>
     <span class='ocr_line' id='line_1_34' title="bbox 210 3527 1208 3588; baseline -0.001 -15"><span class='ocrx_word' id='word_1_209' title='bbox 210 3527 337 3575; x_wconf 83' lang='lat' dir='ltr'><strong>nibus</strong></span> <span class='ocrx_word' id='word_1_210' title='bbox 355 3563 369 3582; x_wconf 88' lang='grc'>,</span> <span class='ocrx_word' id='word_1_211' title='bbox 424 3545 483 3576; x_wconf 86' lang='lat' dir='ltr'><strong>ac</strong></span> <span class='ocrx_word' id='word_1_212' title='bbox 529 3527 893 3575; x_wconf 77' lang='lat' dir='ltr'><strong>triumvirorum</strong></span> <span class='ocrx_word' id='word_1_213' title='bbox 946 3527 1208 3588; x_wconf 82' lang='lat' dir='ltr'><strong>sententia,</strong></span> 
     </span>
     <span class='ocr_line' id='line_1_35' title="bbox 212 3602 1208 3669; baseline -0.001 -19"><span class='ocrx_word' id='word_1_214' title='bbox 212 3615 435 3669; x_wconf 76' lang='lat' dir='ltr'><strong>tanquan</strong></span> <span class='ocrx_word' id='word_1_215' title='bbox 450 3606 660 3654; x_wconf 70' lang='lat' dir='ltr'><strong>adverso</strong></span> <span class='ocrx_word' id='word_1_216' title='bbox 676 3615 828 3652; x_wconf 80' lang='lat' dir='ltr'><strong>vento</strong></span> <span class='ocrx_word' id='word_1_217' title='bbox 845 3602 1040 3652; x_wconf 85' lang='lat' dir='ltr'><strong>inflatus</strong></span> <span class='ocrx_word' id='word_1_218' title='bbox 1057 3636 1073 3660; x_wconf 91' lang='lat'>‚</span> <span class='ocrx_word' id='word_1_219' title='bbox 1093 3604 1208 3650; x_wconf 85' lang='lat' dir='ltr'><strong>etin</strong></span> 
     </span>
     <span class='ocr_line' id='line_1_36' title="bbox 214 3682 1210 3748; baseline -0.002 -17"><span class='ocrx_word' id='word_1_220' title='bbox 214 3684 418 3746; x_wconf 67' lang='lat' dir='ltr'><strong>scopulos</strong></span> <span class='ocrx_word' id='word_1_221' title='bbox 442 3686 683 3748; x_wconf 75' lang='lat' dir='ltr'><strong>impactus</strong></span> <span class='ocrx_word' id='word_1_222' title='bbox 704 3682 765 3730; x_wconf 84' lang='lat' dir='ltr'><strong>sd</strong></span> <span class='ocrx_word' id='word_1_223' title='bbox 790 3683 1063 3731; x_wconf 83' lang='lat' dir='ltr'><strong>columnam</strong></span> <span class='ocrx_word' id='word_1_224' title='bbox 1082 3683 1210 3729; x_wconf 62' lang='lat' dir='ltr'><strong>Ma-</strong></span> 
     </span>
     <span class='ocr_line' id='line_1_37' title="bbox 216 3760 1210 3828; baseline -0.002 -19"><span class='ocrx_word' id='word_1_225' title='bbox 216 3760 326 3809; x_wconf 70' lang='lat' dir='ltr'><strong>niam</strong></span> <span class='ocrx_word' id='word_1_226' title='bbox 348 3764 657 3828; x_wconf 67' lang='lat' dir='ltr'><strong>deligantur,</strong></span> <span class='ocrx_word' id='word_1_227' title='bbox 682 3762 848 3824; x_wconf 79' lang='lat' dir='ltr'><strong>ibique</strong></span> <span class='ocrx_word' id='word_1_228' title='bbox 874 3760 1017 3807; x_wconf 87' lang='lat' dir='ltr'><strong>bonis</strong></span> <span class='ocrx_word' id='word_1_229' title='bbox 1047 3760 1210 3824; x_wconf 90' lang='lat' dir='ltr'><strong>publi-</strong></span> 
     </span>
     <span class='ocr_line' id='line_1_38' title="bbox 218 3839 1209 3904; baseline 0 -17"><span class='ocrx_word' id='word_1_230' title='bbox 218 3841 323 3887; x_wconf 70' lang='lat' dir='ltr'><strong>entis</strong></span> <span class='ocrx_word' id='word_1_231' title='bbox 336 3843 501 3891; x_wconf 71' lang='lat' dir='ltr'><strong>ficeret</strong></span> <span class='ocrx_word' id='word_1_232' title='bbox 519 3841 723 3904; x_wconf 67' lang='lat' dir='ltr'><strong>reliquae</strong></span> <span class='ocrx_word' id='word_1_233' title='bbox 742 3840 812 3887; x_wconf 83' lang='lat' dir='ltr'><strong>rei</strong></span> <span class='ocrx_word' id='word_1_234' title='bbox 833 3839 1075 3887; x_wconf 80' lang='lat' dir='ltr'><strong>familiaris</strong></span> <span class='ocrx_word' id='word_1_235' title='bbox 1092 3854 1209 3887; x_wconf 85' lang='lat' dir='ltr'><strong>nau·</strong></span> 
     </span>
     <span class='ocr_line' id='line_1_39' title="bbox 210 3918 1208 3981; baseline -0.003 -14"><span class='ocrx_word' id='word_1_236' title='bbox 210 3918 418 3981; x_wconf 69' lang='lat' dir='ltr'><strong>frugium,</strong></span> <span class='ocrx_word' id='word_1_237' title='bbox 440 3921 503 3969; x_wconf 87' lang='lat' dir='ltr'><strong>ad</strong></span> <span class='ocrx_word' id='word_1_238' title='bbox 535 3920 838 3969; x_wconf 78' lang='lat' dir='ltr'><strong>tribunatum</strong></span> <span class='ocrx_word' id='word_1_239' title='bbox 857 3955 872 3980; x_wconf 92' lang='lat'>,</span> <span class='ocrx_word' id='word_1_240' title='bbox 889 3930 1130 3981; x_wconf 82' lang='lat' dir='ltr'><strong>tamquam</strong></span> <span class='ocrx_word' id='word_1_241' title='bbox 1145 3918 1208 3965; x_wconf 86' lang='lat' dir='ltr'><strong>sd</strong></span> 
     </span>
     <span class='ocr_line' id='line_1_40' title="bbox 210 3998 1206 4061; baseline 0.001 -17"><span class='ocrx_word' id='word_1_242' title='bbox 210 4007 395 4059; x_wconf 82' lang='lat' dir='ltr'><strong>portum</strong></span> <span class='ocrx_word' id='word_1_243' title='bbox 420 3999 719 4056; x_wconf 68' lang='lat' dir='ltr'><strong>securitatis,</strong></span> <span class='ocrx_word' id='word_1_244' title='bbox 756 3998 1066 4061; x_wconf 78' lang='lat' dir='ltr'><strong>confugerat,</strong></span> <span class='ocrx_word' id='word_1_245' title='bbox 1097 4013 1206 4045; x_wconf 84' lang='lat' dir='ltr'><strong>eum</strong></span> 
     </span>
     <span class='ocr_line' id='line_1_41' title="bbox 209 4074 1115 4144; baseline 0.002 -22"><span class='ocrx_word' id='word_1_246' title='bbox 209 4077 513 4139; x_wconf 74' lang='lat' dir='ltr'><strong>magistratum</strong></span> <span class='ocrx_word' id='word_1_247' title='bbox 533 4088 710 4144; x_wconf 85' lang='lat' dir='ltr'><strong>petens</strong></span> <span class='ocrx_word' id='word_1_248' title='bbox 722 4112 739 4139; x_wconf 86' lang='lat'>‚</span> <span class='ocrx_word' id='word_1_249' title='bbox 756 4092 820 4123; x_wconf 87' lang='lat' dir='ltr'><strong>ue</strong></span> <span class='ocrx_word' id='word_1_250' title='bbox 837 4091 946 4123; x_wconf 88' lang='lat' dir='ltr'><strong>reus</strong></span> <span class='ocrx_word' id='word_1_251' title='bbox 962 4074 1115 4124; x_wconf 78' lang='lat' dir='ltr'><strong>fieret.</strong></span> 
     </span>
    </p>

    <p class='ocr_par' dir='ltr' id='par_1_6' title="bbox 270 4153 1211 4222">
     <span class='ocr_line' id='line_1_42' title="bbox 270 4153 1211 4222; baseline 0.001 -20"><span class='ocrx_word' id='word_1_252' title='bbox 270 4157 316 4202; x_wconf 79' lang='lat'><strong>8.</strong></span> <span class='ocrx_word' id='word_1_253' title='bbox 346 4158 527 4222; x_wconf 77' lang='lat' dir='ltr'><strong>Operis.</strong></span> <span class='ocrx_word' id='word_1_254' title='bbox 566 4155 818 4219; x_wconf 78' lang='lat' dir='ltr'><strong>Opes-ariis</strong></span> <span class='ocrx_word' id='word_1_255' title='bbox 857 4165 1002 4218; x_wconf 84' lang='lat' dir='ltr'><strong>atque</strong></span> <span class='ocrx_word' id='word_1_256' title='bbox 1038 4153 1211 4203; x_wconf 76' lang='lat' dir='ltr'><strong>infimae</strong></span> 
     </span>
    </p>
   </div>
   <div class='ocr_carea' id='block_1_4' title="bbox 1287 2026 2338 4200">
    <p class='ocr_par' dir='ltr' id='par_1_7' title="bbox 1289 2026 2306 2308">
     <span class='ocr_line' id='line_1_43' title="bbox 1293 2026 2306 2092; baseline -0.001 -17"><span class='ocrx_word' id='word_1_257' title='bbox 1293 2029 1435 2076; x_wconf 87' lang='lat' dir='ltr'><strong>sortis</strong></span> <span class='ocrx_word' id='word_1_258' title='bbox 1466 2029 1746 2078; x_wconf 86' lang='lat' dir='ltr'><strong>bominibus</strong></span> <span class='ocrx_word' id='word_1_259' title='bbox 1778 2029 1926 2077; x_wconf 84' lang='lat' dir='ltr'><strong>multa</strong></span> <span class='ocrx_word' id='word_1_260' title='bbox 1955 2026 2306 2092; x_wconf 81' lang='lat' dir='ltr'><strong>pollicebatur,</strong></span> 
     </span>
     <span class='ocr_line' id='line_1_44' title="bbox 1291 2107 2302 2170; baseline 0.003 -18"><span class='ocrx_word' id='word_1_261' title='bbox 1291 2122 1496 2169; x_wconf 78' lang='lat' dir='ltr'><strong>qnorum</strong></span> <span class='ocrx_word' id='word_1_262' title='bbox 1527 2108 1820 2156; x_wconf 70' lang='lat' dir='ltr'><strong>factionibus</strong></span> <span class='ocrx_word' id='word_1_263' title='bbox 1850 2116 2099 2170; x_wconf 83' lang='lat' dir='ltr'><strong>acceptum</strong></span> <span class='ocrx_word' id='word_1_264' title='bbox 2127 2107 2302 2155; x_wconf 82' lang='lat' dir='ltr'><strong>resere-</strong></span> 
     </span>
     <span class='ocr_line' id='line_1_45' title="bbox 1289 2182 2301 2249; baseline 0.001 -19"><span class='ocrx_word' id='word_1_265' title='bbox 1289 2182 1403 2242; x_wconf 90' lang='lat' dir='ltr'><strong>bat,</strong></span> <span class='ocrx_word' id='word_1_266' title='bbox 1450 2185 1586 2249; x_wconf 82' lang='lat' dir='ltr'><strong>quod</strong></span> <span class='ocrx_word' id='word_1_267' title='bbox 1627 2186 1688 2233; x_wconf 85' lang='lat' dir='ltr'><strong>de</strong></span> <span class='ocrx_word' id='word_1_268' title='bbox 1732 2184 1916 2232; x_wconf 88' lang='lat' dir='ltr'><strong>ambitu</strong></span> <span class='ocrx_word' id='word_1_269' title='bbox 1963 2200 2152 2233; x_wconf 87' lang='lat' dir='ltr'><strong>causam</strong></span> <span class='ocrx_word' id='word_1_270' title='bbox 2199 2199 2301 2231; x_wconf 91' lang='lat' dir='ltr'><strong>nou</strong></span> 
     </span>
     <span class='ocr_line' id='line_1_46' title="bbox 1291 2259 1505 2308; baseline 0.005 -1"><span class='ocrx_word' id='word_1_271' title='bbox 1291 2259 1505 2308; x_wconf 78' lang='lat' dir='ltr'><strong>dixisset.</strong></span> 
     </span>
    </p>

    <p class='ocr_par' dir='ltr' id='par_1_8' title="bbox 1290 2337 2304 2560">
     <span class='ocr_line' id='line_1_47' title="bbox 1362 2337 2303 2402; baseline -0.005 -12"><span class='ocrx_word' id='word_1_272' title='bbox 1362 2355 1412 2402; x_wconf 86' lang='grc'><strong>9.</strong></span> <span class='ocrx_word' id='word_1_273' title='bbox 1450 2341 1527 2387; x_wconf 82' lang='lat' dir='ltr'><strong>Ne</strong></span> <span class='ocrx_word' id='word_1_274' title='bbox 1564 2340 1625 2388; x_wconf 79' lang='lat' dir='ltr'><strong>de</strong></span> <span class='ocrx_word' id='word_1_275' title='bbox 1662 2339 1842 2388; x_wconf 78' lang='lat' dir='ltr'><strong>ambitu</strong></span> <span class='ocrx_word' id='word_1_276' title='bbox 1876 2355 2074 2387; x_wconf 76' lang='lat' dir='ltr'><strong>causans</strong></span> <span class='ocrx_word' id='word_1_277' title='bbox 2109 2337 2303 2386; x_wconf 67' lang='lat' dir='ltr'><strong>diceret.</strong></span> 
     </span>
     <span class='ocr_line' id='line_1_48' title="bbox 1290 2417 2304 2480; baseline 0.001 -15"><span class='ocrx_word' id='word_1_278' title='bbox 1290 2417 1368 2466; x_wconf 85' lang='lat' dir='ltr'><strong>Oh</strong></span> <span class='ocrx_word' id='word_1_279' title='bbox 1397 2420 1699 2467; x_wconf 86' lang='lat' dir='ltr'><strong>consulatum</strong></span> <span class='ocrx_word' id='word_1_280' title='bbox 1740 2436 1840 2467; x_wconf 90' lang='lat' dir='ltr'><strong>non</strong></span> <span class='ocrx_word' id='word_1_281' title='bbox 1877 2435 2010 2467; x_wconf 88' lang='lat' dir='ltr'><strong>more</strong></span> <span class='ocrx_word' id='word_1_282' title='bbox 2043 2421 2304 2480; x_wconf 74' lang='lat' dir='ltr'><strong>maiorum,</strong></span> 
     </span>
     <span class='ocr_line' id='line_1_49' title="bbox 1290 2497 1909 2560; baseline 0.002 -15"><span class='ocrx_word' id='word_1_283' title='bbox 1290 2497 1376 2545; x_wconf 88' lang='lat' dir='ltr'><strong>sed</strong></span> <span class='ocrx_word' id='word_1_284' title='bbox 1407 2499 1614 2560; x_wconf 86' lang='lat' dir='ltr'><strong>pecunia</strong></span> <span class='ocrx_word' id='word_1_285' title='bbox 1639 2499 1909 2560; x_wconf 79' lang='lat' dir='ltr'><strong>quaesitum.</strong></span> 
     </span>
    </p>

    <p class='ocr_par' dir='ltr' id='par_1_9' title="bbox 1287 2573 2338 3188">
     <span class='ocr_line' id='line_1_50' title="bbox 1366 2573 2305 2639; baseline -0.001 -18"><span class='ocrx_word' id='word_1_286' title='bbox 1366 2591 1443 2624; x_wconf 81' lang='lat' dir='ltr'><strong>ro.</strong></span> <span class='ocrx_word' id='word_1_287' title='bbox 1478 2577 1635 2624; x_wconf 75' lang='lat' dir='ltr'><strong>Invito</strong></span> <span class='ocrx_word' id='word_1_288' title='bbox 1669 2587 1859 2624; x_wconf 74' lang='lat' dir='ltr'><strong>senatu.</strong></span> <span class='ocrx_word' id='word_1_289' title='bbox 1888 2573 2121 2639; x_wconf 87' lang='lat' dir='ltr'><strong>Sperabat</strong></span> <span class='ocrx_word' id='word_1_290' title='bbox 2148 2573 2305 2636; x_wconf 82' lang='lat' dir='ltr'><strong>enim,</strong></span> 
     </span>
     <span class='ocr_line' id='line_1_51' title="bbox 1289 2652 2308 2719; baseline -0.006 -14"><span class='ocrx_word' id='word_1_291' title='bbox 1289 2656 1431 2705; x_wconf 85' lang='lat' dir='ltr'><strong>etiam</strong></span> <span class='ocrx_word' id='word_1_292' title='bbox 1460 2656 1505 2709; x_wconf 83' lang='lat' dir='ltr'><strong>si</strong></span> <span class='ocrx_word' id='word_1_293' title='bbox 1531 2654 1827 2719; x_wconf 76' lang='lat' dir='ltr'><strong>provinciam</strong></span> <span class='ocrx_word' id='word_1_294' title='bbox 1861 2654 1904 2700; x_wconf 86' lang='lat' dir='ltr'><strong>ei</strong></span> <span class='ocrx_word' id='word_1_295' title='bbox 1935 2663 2127 2700; x_wconf 86' lang='lat' dir='ltr'><strong>senatus</strong></span> <span class='ocrx_word' id='word_1_296' title='bbox 2163 2652 2308 2704; x_wconf 84' lang='lat' dir='ltr'><strong>dene-</strong></span> 
     </span>
     <span class='ocr_line' id='line_1_52' title="bbox 1290 2730 2305 2798; baseline -0.003 -15"><span class='ocrx_word' id='word_1_297' title='bbox 1290 2737 1421 2798; x_wconf 79' lang='lat' dir='ltr'><strong>garet</strong></span> <span class='ocrx_word' id='word_1_298' title='bbox 1433 2769 1447 2794; x_wconf 92' lang='lat'>,</span> <span class='ocrx_word' id='word_1_299' title='bbox 1467 2735 1570 2783; x_wconf 82' lang='lat' dir='ltr'><strong>sore</strong></span> <span class='ocrx_word' id='word_1_300' title='bbox 1592 2745 1750 2781; x_wconf 83' lang='lat' dir='ltr'><strong>tamen</strong></span> <span class='ocrx_word' id='word_1_301' title='bbox 1761 2767 1775 2789; x_wconf 87' lang='lat'>‚</span> <span class='ocrx_word' id='word_1_302' title='bbox 1792 2744 1848 2781; x_wconf 90' lang='lat' dir='ltr'><strong>ut</strong></span> <span class='ocrx_word' id='word_1_303' title='bbox 1866 2732 2053 2794; x_wconf 83' lang='lat' dir='ltr'><strong>rogatio</strong></span> <span class='ocrx_word' id='word_1_304' title='bbox 2067 2747 2093 2777; x_wconf 82' lang='lat' dir='ltr'><strong>a</strong></span> <span class='ocrx_word' id='word_1_305' title='bbox 2109 2730 2305 2783; x_wconf 86' lang='lat' dir='ltr'><strong>tribuno</strong></span> 
     </span>
     <span class='ocr_line' id='line_1_53' title="bbox 1287 2811 2338 2878; baseline -0.005 -17"><span class='ocrx_word' id='word_1_306' title='bbox 1287 2814 1356 2878; x_wconf 82' lang='lat' dir='ltr'><strong>pl.</strong></span> <span class='ocrx_word' id='word_1_307' title='bbox 1406 2813 1614 2871; x_wconf 86' lang='lat' dir='ltr'><strong>Clodio,</strong></span> <span class='ocrx_word' id='word_1_308' title='bbox 1669 2811 2012 2873; x_wconf 83' lang='lat' dir='ltr'><strong>adjuvantibus</strong></span> <span class='ocrx_word' id='word_1_309' title='bbox 2064 2811 2306 2874; x_wconf 74' lang='lat' dir='ltr'><strong>corruptis</strong></span> <span class='ocrx_word' id='word_1_310' title='bbox 2325 2821 2338 2832; x_wconf 90' lang='grc'><em>“</em></span> 
     </span>
     <span class='ocr_line' id='line_1_54' title="bbox 1288 2888 2304 2955; baseline -0.002 -16"><span class='ocrx_word' id='word_1_311' title='bbox 1288 2892 1591 2953; x_wconf 85' lang='lat' dir='ltr'><strong>bominibus,</strong></span> <span class='ocrx_word' id='word_1_312' title='bbox 1636 2892 1925 2955; x_wconf 83' lang='lat' dir='ltr'><strong>perferretur</strong></span> <span class='ocrx_word' id='word_1_313' title='bbox 1967 2903 1981 2937; x_wconf 72' lang='grc' dir='ltr'><em>τ</em></span> <span class='ocrx_word' id='word_1_314' title='bbox 2025 2888 2172 2951; x_wconf 84' lang='lat' dir='ltr'><strong>idque</strong></span> <span class='ocrx_word' id='word_1_315' title='bbox 2210 2888 2304 2937; x_wconf 88' lang='lat' dir='ltr'><strong>sibi</strong></span> 
     </span>
     <span class='ocr_line' id='line_1_55' title="bbox 1289 2968 2305 3036; baseline -0.004 -17"><span class='ocrx_word' id='word_1_316' title='bbox 1289 2974 1494 3036; x_wconf 68' lang='lat' dir='ltr'><strong>maxime</strong></span> <span class='ocrx_word' id='word_1_317' title='bbox 1513 2971 1831 3021; x_wconf 70' lang='lat' dir='ltr'><strong>neceesarium</strong></span> <span class='ocrx_word' id='word_1_318' title='bbox 1850 2968 2046 3018; x_wconf 84' lang='lat' dir='ltr'><strong>videbat</strong></span> <span class='ocrx_word' id='word_1_319' title='bbox 2065 2982 2194 3016; x_wconf 87' lang='lat' dir='ltr'><strong>esse:</strong></span> <span class='ocrx_word' id='word_1_320' title='bbox 2221 2969 2305 3032; x_wconf 88' lang='lat' dir='ltr'><strong>qui</strong></span> 
     </span>
     <span class='ocr_line' id='line_1_56' title="bbox 1288 3050 2308 3115; baseline -0.004 -17"><span class='ocrx_word' id='word_1_321' title='bbox 1288 3051 1392 3099; x_wconf 85' lang='lat' dir='ltr'><strong>sine</strong></span> <span class='ocrx_word' id='word_1_322' title='bbox 1414 3050 1688 3115; x_wconf 71' lang='lat' dir='ltr'><strong>ingentibus</strong></span> <span class='ocrx_word' id='word_1_323' title='bbox 1709 3050 1889 3113; x_wconf 81' lang='lat' dir='ltr'><strong>rapinis</strong></span> <span class='ocrx_word' id='word_1_324' title='bbox 1913 3056 2212 3096; x_wconf 88' lang='lat' dir='ltr'><strong>contractum</strong></span> <span class='ocrx_word' id='word_1_325' title='bbox 2242 3062 2308 3094; x_wconf 76' lang='lat' dir='ltr'><strong>aes</strong></span> 
     </span>
     <span class='ocr_line' id='line_1_57' title="bbox 1290 3128 2104 3188; baseline -0.01 -11"><span class='ocrx_word' id='word_1_326' title='bbox 1290 3129 1499 3177; x_wconf 83' lang='lat' dir='ltr'><strong>alienum</strong></span> <span class='ocrx_word' id='word_1_327' title='bbox 1517 3128 1777 3175; x_wconf 79' lang='lat' dir='ltr'><strong>dissolvere</strong></span> <span class='ocrx_word' id='word_1_328' title='bbox 1796 3143 1899 3174; x_wconf 88' lang='lat' dir='ltr'><strong>non</strong></span> <span class='ocrx_word' id='word_1_329' title='bbox 1925 3133 2104 3188; x_wconf 87' lang='lat' dir='ltr'><strong>posset.</strong></span> 
     </span>
    </p>

    <p class='ocr_par' dir='ltr' id='par_1_10' title="bbox 1290 3200 2312 3491">
     <span class='ocr_line' id='line_1_58' title="bbox 1369 3200 2312 3270; baseline -0.006 -16"><span class='ocrx_word' id='word_1_330' title='bbox 1369 3223 1390 3254; x_wconf 83' lang='lat'>1</span> <span class='ocrx_word' id='word_1_331' title='bbox 1405 3222 1447 3253; x_wconf 81' lang='lat' dir='ltr'><strong>x.</strong></span> <span class='ocrx_word' id='word_1_332' title='bbox 1472 3209 1633 3270; x_wconf 80' lang='lat' dir='ltr'><strong>Quam</strong></span> <span class='ocrx_word' id='word_1_333' title='bbox 1655 3215 1786 3251; x_wconf 73' lang='lat' dir='ltr'><strong>teter.</strong></span> <span class='ocrx_word' id='word_1_334' title='bbox 1809 3204 1921 3251; x_wconf 82' lang='lat' dir='ltr'><strong>Piso</strong></span> <span class='ocrx_word' id='word_1_335' title='bbox 1946 3202 2071 3250; x_wconf 85' lang='lat' dir='ltr'><strong>tristi</strong></span> <span class='ocrx_word' id='word_1_336' title='bbox 2087 3200 2312 3249; x_wconf 83' lang='lat' dir='ltr'><strong>obscura·</strong></span> 
     </span>
     <span class='ocr_line' id='line_1_59' title="bbox 1291 3280 2308 3350; baseline -0.003 -18"><span class='ocrx_word' id='word_1_337' title='bbox 1291 3301 1387 3350; x_wconf 86' lang='lat' dir='ltr'><strong>que</strong></span> <span class='ocrx_word' id='word_1_338' title='bbox 1405 3285 1553 3342; x_wconf 84' lang='lat' dir='ltr'><strong>facie,</strong></span> <span class='ocrx_word' id='word_1_339' title='bbox 1574 3282 1775 3331; x_wconf 85' lang='lat' dir='ltr'><strong>horrido</strong></span> <span class='ocrx_word' id='word_1_340' title='bbox 1792 3282 1995 3346; x_wconf 81' lang='lat' dir='ltr'><strong>capillo,</strong></span> <span class='ocrx_word' id='word_1_341' title='bbox 2013 3280 2308 3329; x_wconf 81' lang='lat' dir='ltr'><strong>severitatem</strong></span> 
     </span>
     <span class='ocr_line' id='line_1_60' title="bbox 1290 3362 2302 3423; baseline -0.004 -11"><span class='ocrx_word' id='word_1_342' title='bbox 1290 3363 1423 3412; x_wconf 84' lang='lat' dir='ltr'><strong>illam</strong></span> <span class='ocrx_word' id='word_1_343' title='bbox 1445 3374 1682 3421; x_wconf 82' lang='lat' dir='ltr'><strong>veterem,</strong></span> <span class='ocrx_word' id='word_1_344' title='bbox 1709 3371 1759 3411; x_wconf 87' lang='lat' dir='ltr'><strong>et</strong></span> <span class='ocrx_word' id='word_1_345' title='bbox 1779 3362 2095 3410; x_wconf 78' lang='lat' dir='ltr'><strong>constantiam</strong></span> <span class='ocrx_word' id='word_1_346' title='bbox 2123 3375 2224 3423; x_wconf 63' lang='lat' dir='ltr'><strong>pra</strong></span> <span class='ocrx_word' id='word_1_347' title='bbox 2251 3376 2302 3408; x_wconf 85' lang='lat' dir='ltr'><strong>se</strong></span> 
     </span>
     <span class='ocr_line' id='line_1_61' title="bbox 1292 3443 1562 3491; baseline -0.011 0"><span class='ocrx_word' id='word_1_348' title='bbox 1292 3443 1489 3491; x_wconf 79' lang='lat' dir='ltr'><strong>ferebat.</strong></span> <span class='ocrx_word' id='word_1_349' title='bbox 1557 3473 1562 3478; x_wconf 77' lang='lat'><strong>·</strong></span> 
     </span>
    </p>

    <p class='ocr_par' dir='ltr' id='par_1_11' title="bbox 1288 3516 2309 4200">
     <span class='ocr_line' id='line_1_62' title="bbox 1364 3516 2305 3583; baseline -0.003 -15"><span class='ocrx_word' id='word_1_350' title='bbox 1364 3537 1443 3569; x_wconf 73' lang='grc' dir='ltr'><strong>ω.</strong></span> <span class='ocrx_word' id='word_1_351' title='bbox 1477 3519 1681 3568; x_wconf 75' lang='lat' dir='ltr'><strong>Vestitus</strong></span> <span class='ocrx_word' id='word_1_352' title='bbox 1701 3535 1886 3583; x_wconf 75' lang='lat' dir='ltr'><strong>aspere.</strong></span> <span class='ocrx_word' id='word_1_353' title='bbox 1915 3518 2107 3566; x_wconf 79' lang='lat' dir='ltr'><strong>Vestitu</strong></span> <span class='ocrx_word' id='word_1_354' title='bbox 2131 3516 2305 3566; x_wconf 85' lang='lat' dir='ltr'><strong>uteba-</strong></span> 
     </span>
     <span class='ocr_line' id='line_1_63' title="bbox 1291 3597 2309 3662; baseline -0.005 -14"><span class='ocrx_word' id='word_1_355' title='bbox 1291 3610 1371 3648; x_wconf 87' lang='lat' dir='ltr'><strong>tur</strong></span> <span class='ocrx_word' id='word_1_356' title='bbox 1416 3615 1609 3657; x_wconf 87' lang='lat' dir='ltr'><strong>crasso‚</strong></span> <span class='ocrx_word' id='word_1_357' title='bbox 1647 3613 1861 3662; x_wconf 83' lang='lat' dir='ltr'><strong>purpura</strong></span> <span class='ocrx_word' id='word_1_358' title='bbox 1892 3597 1984 3645; x_wconf 85' lang='lat' dir='ltr'><strong>hac</strong></span> <span class='ocrx_word' id='word_1_359' title='bbox 2022 3598 2192 3644; x_wconf 62' lang='lat' dir='ltr'><strong>Roma</strong></span> <span class='ocrx_word' id='word_1_360' title='bbox 2223 3597 2309 3644; x_wconf 82' lang='lat' dir='ltr'><strong>vili</strong></span> 
     </span>
     <span class='ocr_line' id='line_1_64' title="bbox 1291 3674 2306 3739; baseline -0.005 -13"><span class='ocrx_word' id='word_1_361' title='bbox 1291 3688 1340 3725; x_wconf 85' lang='lat' dir='ltr'><strong>et</strong></span> <span class='ocrx_word' id='word_1_362' title='bbox 1369 3676 1632 3726; x_wconf 82' lang='lat' dir='ltr'><strong>communi.</strong></span> <span class='ocrx_word' id='word_1_363' title='bbox 1674 3678 1827 3724; x_wconf 87' lang='lat' dir='ltr'><strong>Porro</strong></span> <span class='ocrx_word' id='word_1_364' title='bbox 1855 3675 1999 3723; x_wconf 88' lang='lat' dir='ltr'><strong>rubra</strong></span> <span class='ocrx_word' id='word_1_365' title='bbox 2026 3674 2306 3739; x_wconf 82' lang='lat' dir='ltr'><strong>plerumque</strong></span> 
     </span>
     <span class='ocr_line' id='line_1_65' title="bbox 1293 3753 2306 3818; baseline -0.007 -12"><span class='ocrx_word' id='word_1_366' title='bbox 1293 3768 1536 3807; x_wconf 85' lang='lat' dir='ltr'><strong>senatores</strong></span> <span class='ocrx_word' id='word_1_367' title='bbox 1556 3767 1607 3804; x_wconf 86' lang='lat' dir='ltr'><strong>et</strong></span> <span class='ocrx_word' id='word_1_368' title='bbox 1630 3755 1815 3818; x_wconf 85' lang='lat' dir='ltr'><strong>equites</strong></span> <span class='ocrx_word' id='word_1_369' title='bbox 1836 3753 2183 3810; x_wconf 77' lang='lat' dir='ltr'><strong>vestiebantur3</strong></span> <span class='ocrx_word' id='word_1_370' title='bbox 2205 3753 2306 3800; x_wconf 82' lang='lat' dir='ltr'><strong>vio·</strong></span> 
     </span>
     <span class='ocr_line' id='line_1_66' title="bbox 1288 3831 2306 3899; baseline -0.007 -14"><span class='ocrx_word' id='word_1_371' title='bbox 1288 3836 1419 3885; x_wconf 80' lang='lat' dir='ltr'><strong>laces</strong></span> <span class='ocrx_word' id='word_1_372' title='bbox 1441 3838 1539 3896; x_wconf 85' lang='lat' dir='ltr'><strong>jam</strong></span> <span class='ocrx_word' id='word_1_373' title='bbox 1575 3833 1890 3899; x_wconf 79' lang='lat' dir='ltr'><strong>spernebatur</strong></span> <span class='ocrx_word' id='word_1_374' title='bbox 1914 3848 2068 3896; x_wconf 80' lang='lat' dir='ltr'><strong>quam</strong></span> <span class='ocrx_word' id='word_1_375' title='bbox 2089 3831 2306 3879; x_wconf 85' lang='lat' dir='ltr'><strong>omnium</strong></span> 
     </span>
     <span class='ocr_line' id='line_1_67' title="bbox 1291 3911 2306 3978; baseline -0.009 -13"><span class='ocrx_word' id='word_1_376' title='bbox 1291 3915 1669 3978; x_wconf 83' lang='lat' dir='ltr'><strong>antiquissimam</strong></span> <span class='ocrx_word' id='word_1_377' title='bbox 1709 3911 1931 3959; x_wconf 87' lang='lat' dir='ltr'><strong>nonnulli</strong></span> <span class='ocrx_word' id='word_1_378' title='bbox 1970 3920 2168 3975; x_wconf 88' lang='lat' dir='ltr'><strong>propter</strong></span> <span class='ocrx_word' id='word_1_379' title='bbox 2196 3926 2306 3973; x_wconf 75' lang='lat' dir='ltr'><strong>ege-</strong></span> 
     </span>
     <span class='ocr_line' id='line_1_68' title="bbox 1291 3990 2304 4054; baseline -0.008 -12"><span class='ocrx_word' id='word_1_380' title='bbox 1291 4005 1462 4042; x_wconf 84' lang='lat' dir='ltr'><strong>statem</strong></span> <span class='ocrx_word' id='word_1_381' title='bbox 1476 4028 1493 4054; x_wconf 90' lang='lat'>,</span> <span class='ocrx_word' id='word_1_382' title='bbox 1530 3994 1642 4040; x_wconf 85' lang='lat' dir='ltr'><strong>Piso</strong></span> <span class='ocrx_word' id='word_1_383' title='bbox 1679 4001 1835 4039; x_wconf 86' lang='lat' dir='ltr'><strong>sutem</strong></span> <span class='ocrx_word' id='word_1_384' title='bbox 1873 4001 1922 4038; x_wconf 88' lang='lat' dir='ltr'><strong>et</strong></span> <span class='ocrx_word' id='word_1_385' title='bbox 1955 3990 2076 4038; x_wconf 86' lang='lat' dir='ltr'><strong>Cato</strong></span> <span class='ocrx_word' id='word_1_386' title='bbox 2104 4001 2304 4052; x_wconf 85' lang='lat' dir='ltr'><strong>propter</strong></span> 
     </span>
     <span class='ocr_line' id='line_1_69' title="bbox 1291 4069 2301 4130; baseline -0.008 -10"><span class='ocrx_word' id='word_1_387' title='bbox 1291 4072 1531 4121; x_wconf 84' lang='lat' dir='ltr'><strong>inimicam</strong></span> <span class='ocrx_word' id='word_1_388' title='bbox 1564 4072 1768 4120; x_wconf 66' lang='lat' dir='ltr'><strong>luxurie</strong></span> <span class='ocrx_word' id='word_1_389' title='bbox 1795 4069 2090 4118; x_wconf 78' lang='lat' dir='ltr'><strong>severitatem</strong></span> <span class='ocrx_word' id='word_1_390' title='bbox 2123 4077 2301 4130; x_wconf 80' lang='lat' dir='ltr'><strong>praetu-</strong></span> 
     </span>
     <span class='ocr_line' id='line_1_70' title="bbox 1297 4152 1473 4200; baseline 0 -2"><span class='ocrx_word' id='word_1_391' title='bbox 1297 4152 1473 4200; x_wconf 82' lang='lat' dir='ltr'><strong>lerunt.</strong></span> 
     </span>
    </p>
   </div>
  </div>
 </body>
</html>
