2994 4778
639 438 781 526 460
1264 439 1360 507 M.
1413 440 1491 506 T.
1546 437 2119 506 CICERONIS

637 558 1114 646 carminibus,
1165 583 1317 630 non
1374 554 1739 630 annalium
1793 558 2282 629 monumentis
2317 556 2770 645 celebratur,

638 668 766 741 sed
803 669 1269 767 prudentium
1313 668 1584 765 judicio
1627 667 2060 766 expenditur
2104 694 2120 736 :
2158 668 2480 764 equitem
2523 693 2768 739 roma-

637 802 850 865 num,
881 791 1197 849 veterem
1235 779 1548 849 amicum
1583 800 1835 864 suum,
1881 775 2312 862 studiosum,
2355 792 2717 848 amantem
2740 835 2764 864 ,

639 885 1142 960 observantem
1183 890 1291 959 sui
1311 943 1332 975 ‚
1369 913 1520 958 non
1559 886 1899 976 libidine,
1937 912 2088 958 non
2124 884 2458 985 turpibus
2489 889 2772 986 impen-

635 1000 731 1068 sis
769 997 1245 1095 cupiditatum
1291 1009 1510 1094 atque
1559 998 1923 1093 jacturis2,
1975 995 2103 1067 sed
2147 998 2590 1093 experientia
2637 1022 2768 1095 pa·

639 1108 964 1178 trimonii
1020 1105 1549 1206 amplificandi,
1615 1105 1976 1178 labentem
2042 1107 2362 1204 excepit,
2429 1130 2771 1178 corruere

639 1240 790 1288 non
821 1219 1016 1302 sivit,
1057 1216 1253 1288 fulsit
1296 1233 1371 1288 et
1412 1218 1758 1288 sustinuit
1789 1242 1907 1303 re,
1937 1215 2271 1303 fortuna,
2299 1214 2477 1305 fide,
2513 1217 2769 1289 hodie-

639 1352 785 1425 que
817 1332 1159 1416 sustinet3
1198 1352 1333 1399 nec
1368 1329 1678 1399 amicum
1724 1326 2163 1425 pendentem
2208 1351 2544 1399 corruere
2574 1329 2772 1425 pati-

641 1450 796 1524 tur;
837 1461 969 1508 nec
999 1436 1188 1508 illius
1232 1438 1454 1507 animi
1487 1438 1713 1508 aciem
1754 1433 2235 1534 praestringit³
2276 1436 2620 1534 splendor
2651 1441 2774 1507 sui

641 1548 985 1634 nominis,
1022 1570 1158 1617 nec
1199 1548 1459 1616 mentis
1493 1549 1696 1643 quasi
1729 1544 2125 1616 luminibus
2160 1542 2430 1615 officit⁴
2459 1544 2773 1616 altitudo

640 1654 949 1727 fortunae
978 1671 1048 1728 et
1079 1657 1340 1754 gloriae.
1386 1659 1547 1727 Sint
1579 1681 1747 1727 sane
1782 1656 1900 1726 illa
1937 1679 2231 1752 magna,
2278 1680 2439 1751 quae
2478 1680 2558 1726 re
2596 1681 2772 1727 vera

639 1789 897 1861 magna
929 1780 1130 1854 sunt3
1170 1766 1262 1838 de
1285 1766 1562 1861 judicio
1597 1767 1817 1837 animi
1855 1769 2041 1852 mei,
2072 1779 2155 1834 ut
2184 1764 2415 1852 'volet,
2456 1766 2775 1861 quisque

637 1880 898 1947 sentiat
936 1903 951 1946 :
992 1901 1129 1973 ego
1179 1880 1370 1948 enim
1424 1876 1613 1947 hanc
1656 1878 1731 1946 in
1776 1877 1991 1947 tantis
2036 1873 2342 1971 opibus,
2380 1888 2574 1945 tanta
2609 1874 2770 1945 for-

640 2001 849 2072 tuna,
879 1984 1374 2057 liberalitatem
1405 1987 1480 2055 in
1511 2009 1713 2074 su05,
1753 1987 2172 2057 memoriam
2203 1984 2526 2054 amicitiae
2547 2037 2569 2070 ,
2602 1983 2780 2054 reli-

640 2099 804 2195 quis
868 2096 1254 2168 virtutibus
1311 2096 1653 2168 omnibus
1725 2110 2112 2193 antepono.
2171 2098 2408 2185 Quam
2468 2092 2774 2190 quidem

637 2232 807 2295 νος,
847 2207 1154 2303 judices»,
1198 2208 1271 2276 in
1315 2231 1511 2277 novo
1550 2230 1812 2303 genere
1857 2204 2301 2287 bonitatem,
2350 2206 2775 2275 inusitatam

638 2316 843 2386 claris
880 2340 962 2385 ac
1003 2315 1574 2413 praepotentibus
1621 2316 1834 2402 viris,
1888 2339 2040 2385 non
2083 2313 2306 2384 modo
2345 2338 2499 2384 non
2532 2337 2775 2413 asper-

640 2426 797 2495 nari
824 2449 907 2497 ac
936 2425 1248 2496 refutare
1265 2423 1320 2513 ⁵,
1350 2425 1478 2496 sed
1511 2427 1891 2523 complecti
1917 2424 2131 2495 etiam
2161 2438 2233 2495 et
2258 2448 2523 2520 augere
2550 2423 2776 2496 debe-

640 2537 731 2605 tis
761 2562 776 2603 :
819 2549 892 2605 et
922 2559 1011 2606 eo
1047 2539 1296 2632 magis,
1325 2535 1527 2630 quod
1556 2533 1829 2620 videtis,
1865 2535 1999 2604 hos
2030 2535 2236 2630 quasi
2260 2549 2594 2630 sumptos
2616 2535 2780 2607 dies

637 2643 728 2715 ad
758 2642 1328 2717 labefactandum
1365 2643 1557 2716 illius
1596 2638 2104 2741 dignitatem⁶;
2145 2668 2232 2714 ex
2267 2667 2410 2740 qua
2440 2643 2544 2714 illi
2584 2644 2777 2715 nihil

630 2924 739 2985 jicit
751 2936 876 2971 vera
891 2956 907 2982 ,
925 2921 1003 2970 vel
1020 2937 1167 2978 taren
1188 2923 1375 2970 Emest.
1392 2918 1623 2970 nimirum
1634 2941 1656 2980 ,-

637 3002 721 3050 sed
751 3002 940 3050 frustra.
978 3000 1167 3051 Weisk.
1197 3012 1361 3049 censet
1384 3017 1656 3065 perversam

636 3081 849 3145 capitum
878 3079 1251 3144 descriptionem
1278 3090 1327 3128 et
1351 3079 1433 3128 hic
1459 3092 1652 3130 senten-

1817 2923 1868 2972 5.
1907 2918 2155 2987 Resinam.
2195 2921 2255 2970 Id
2293 2932 2397 2983 est,
2434 2931 2774 2973 contemnere.

1742 3002 1914 3051 Cicero
1932 3002 1993 3049 de
2019 3002 2289 3049 ProvinciIs
2315 3002 2510 3050 consul.
2534 3005 2775 3068 ·Semper

1740 3080 1846 3129 illas
1868 3092 2034 3145 gentes
2055 3082 2211 3129 nostri
2228 3082 2548 3145 imperatores
2565 3083 2771 3129 oesntsn-

640 3160 729 3207 tiss
747 3171 878 3207 arcte
891 3161 1085 3221 iunctas
1105 3159 1343 3224 dirupisse
1362 3193 1379 3220 ,
1400 3171 1448 3208 et
1473 3160 1656 3208 obscu-

637 3238 827 3286 ritatem
849 3239 1080 3288 sttulisse.
1582 3229 1585 3230 ⁷

709 3331 760 3364 a.
793 3318 1025 3367 lacem-is.
1061 3320 1148 3367 Est
1171 3317 1455 3383 sumptibus
1491 3319 1655 3378 vanis,

636 3405 693 3442 nt
709 3398 884 3459 sapius
905 3398 1036 3461 apud
1057 3401 1294 3447 Caesarem
1313 3409 1362 3446 et
1378 3397 1614 3448 Tullium.

709 3472 760 3520 3.
788 3473 956 3520 Animi
972 3474 1126 3521 aciem
1147 3475 1460 3540 prestringit.
1480 3478 1656 3523 Trans·

638 3549 755 3597 latio
801 3549 861 3596 ab
901 3551 961 3598 iis
1005 3563 1224 3615 sumpts,
1269 3567 1477 3614 quorum
1522 3555 1655 3602 oculi

635 3628 898 3694 splendore
950 3629 1070 3676 solis
1118 3630 1359 3692 perstricti
1384 3663 1399 3687 ‚
1458 3646 1653 3680 cernere

635 3717 801 3772 postes
823 3706 1080 3754 commode
1105 3721 1205 3753 non
1230 3716 1452 3770 possunt.

707 3797 755 3845 4.
789 3787 977 3835 Lumin.
1005 3784 1183 3852 officit.
1213 3786 1295 3835 Ab
1318 3787 1377 3834 iis
1408 3798 1655 3854 sumptum

633 3876 733 3924 est,
758 3882 965 3931 qnorum
1003 3865 1151 3913 vicini
1190 3866 1392 3915 sublatis
1431 3867 1484 3915 in
1524 3885 1656 3916 sum-

633 3961 760 3993 mam
789 3944 1099 3993 altitudinem
1133 3946 1324 3994 adibus
1360 3948 1488 4006 suis,
1513 3948 1656 3996 lumi·

633 4023 779 4072 nibus
811 4023 1062 4071 obstruere
1102 4022 1332 4073 dicuntur
1368 4037 1418 4073 et
1456 4025 1654 4075 officere

634 4119 736 4166 quo
771 4103 932 4151 minus
962 4113 1133 4169 aperto
1175 4115 1223 4152 et
1260 4104 1418 4154 libero
1451 4117 1652 4170 aspectu

636 4183 877 4234 fruantur.

1714 3215 1719 3220 ⁴
1742 3160 1827 3209 das
1853 3163 2046 3227 potius,
2071 3177 2219 3225 quam
2254 3160 2386 3211 bello
2424 3163 2731 3216 lacessendas
2754 3196 2772 3220 ,

1742 3250 2033 3304 putaverunt
2047 3261 2090 3289 a.

1813 3319 1863 3366 6.
1892 3319 1979 3365 Ad
2006 3315 2417 3382 labefactandum
2458 3317 2590 3365 illim
2617 3318 2771 3383 ‹ingus-

1740 3407 1905 3445 tatem.
1925 3397 2181 3445 Aberrsvit
2199 3414 2224 3444 s
2240 3413 2349 3444 vera
2370 3396 2771 3461 interpretatione

1740 3476 2020 3533 Manutius,
2045 3475 2132 3539 qui
2160 3476 2264 3523 haec
2291 3475 2354 3522 ad
2382 3491 2582 3523 causam
2604 3477 2772 3522 Postu·

1744 3555 1809 3603 mi
1832 3556 2023 3612 retulit,
2056 3555 2170 3602 dum
2205 3555 2266 3602 de
2292 3555 2351 3603 C.
2383 3556 2574 3603 Cesare
2595 3556 2773 3618 agitur.

1740 3634 1866 3682 Nam
1893 3635 2183 3696 sn.U.699,
2212 3636 2269 3682 L.
2285 3633 2508 3681 Domitio
2531 3644 2582 3680 et
2604 3634 2773 3696 Appio

1743 3711 1948 3761 Claudio
1967 3728 2093 3760 coss.
2118 3712 2288 3759 hiemis
2311 3722 2535 3776 tempore
2554 3724 2661 3758 scta
2689 3722 2772 3759 est

1742 3790 1846 3838 haec
1900 3806 2059 3837 cansa.
2108 3790 2289 3838 Eodem
2336 3800 2497 3837 sutem
2543 3800 2768 3852 tempore

1742 3870 2116 3932 Vercingetorix
2146 3869 2352 3916 Galliam
2396 3884 2424 3914 s
2461 3871 2648 3916 Cesare
2684 3867 2775 3914 de-

1743 3948 1967 3996 bellatum
2000 3945 2306 4003 sollicitum
2347 3946 2460 4009 quis
2497 3946 2597 4006 jam
2634 3956 2778 4007 tum,

1740 4037 1796 4074 ut
1823 4026 2110 4074 Plutarchus
2128 4025 2180 4073 in
2203 4025 2299 4072 vita
2325 4025 2561 4082 Cauris,
2600 4040 2645 4071 e.
2675 4040 2771 4085 no,

1738 4105 1932 4162 scribit,
1951 4106 2101 4154 coitio
2118 4104 2349 4152 adversus
2371 4120 2481 4152 eum
2506 4105 2625 4151 facta
2647 4114 2773 4149 erat.

1739 4182 1966 4231 Eundem
1997 4199 2094 4232 rem
2124 4184 2280 4246 tangit
2312 4183 2363 4230 in
2401 4183 2502 4230 vita
2521 4166 2741 4243 Pomp'eii
2760 4210 2781 4234 ,
