2994 4778
584 385 724 460 358
1218 386 1317 454 M.
1371 387 1446 453 T.
1501 387 2063 456 CICERONIS

582 509 790 596 facie,
819 507 943 580 sed
984 511 1196 579 etiam
1234 507 1445 578 oculo
1470 521 1600 578 tuo
1635 507 2144 604 dignissimum.
2179 510 2368 603 Ergo
2408 505 2524 577 his
2552 505 2716 577 fun-

586 618 997 690 damentis9
1041 618 1289 713 positis
1333 617 1752 688 consulatus
1796 619 1940 700 tui,
1987 615 2234 686 triduo
2282 631 2448 713 post
2469 626 2563 696 ¹⁰,
2613 617 2716 686 in-

583 742 950 824 spectante
1000 741 1073 797 et
1109 740 1389 797 tacente
1438 741 1548 814 te,
1607 752 1647 797 a
1687 732 1757 797 Ρ.
1801 727 2091 813 Clodio,
2131 725 2324 796 fatali
2373 741 2720 823 portento

585 835 1070 935 prodigioque
1090 835 1541 932 reipublicae,
1576 836 1691 907 lex
1718 835 1892 906 AElia
1928 851 2001 907 et
2027 841 2078 905 F
2081 835 2284 907 ufia¹¹
2303 860 2555 907 eversa
2587 851 2718 923 est,

586 945 1127 1045 propugnacula
1164 950 1500 1042 murique
1528 946 2064 1042 tranquillitatis
2095 961 2314 1044 atque
2345 948 2477 1017 otii
2513 974 2532 1015 :
2568 945 2720 1016 col·

590 1057 800 1156 legia,
819 1082 970 1127 non
997 1080 1079 1127 ea
1110 1057 1382 1142 solum,
1413 1083 1574 1154 quae
1595 1071 1883 1130 senatus
1915 1057 2323 1141 sustulerat,
2348 1058 2675 1128 restituta
2695 1109 2717 1139 ‚

592 1167 718 1238 sed
757 1165 1311 1237 innumerabilia
1346 1167 1675 1262 quaedam
1716 1192 1904 1238 nova
1941 1192 2028 1238 ex
2071 1171 2272 1237 omni
2313 1165 2480 1237 faece
2515 1164 2720 1236 urbis

591 1305 674 1352 ac
722 1281 1011 1351 servitio
1055 1280 1431 1349 concitata.
1499 1280 1608 1350 Ab
1657 1280 1910 1351 eodem
1955 1280 2280 1366 homine,
2327 1282 2402 1349 in
2456 1281 2723 1377 stupris

590 1389 929 1462 inauditis
968 1388 1400 1487 nefariisque
1445 1405 1761 1477 versato,
1808 1392 2014 1461 'vetus
2052 1391 2174 1460 illa
2209 1392 2548 1486 magistra
2585 1414 2722 1487 pu-

594 1498 790 1570 doris
845 1513 916 1569 et
963 1498 1361 1584 modestiae,
1411 1502 1749 1571 severitas
1799 1501 2121 1571 censoria
2172 1498 2451 1570 sublata
2500 1510 2722 1569 est¹²z

596 1633 823 1705 quum
861 1625 940 1678 tu
969 1611 1257 1679 interim
1282 1665 1303 1694 ,
1333 1609 1631 1681 bustum
1665 1608 2075 1706 reipublicae
2100 1606 2183 1695 ¹³,
2214 1613 2342 1704 qui
2373 1623 2445 1679 te
2469 1633 2726 1679 consu·

595 1717 735 1787 lem
776 1731 929 1786 tum
968 1721 1213 1786 Romae
1248 1719 1422 1789 dicis
1461 1717 1718 1799 fuisse,
1752 1718 1975 1789 verbo
2016 1743 2414 1815 numquam
2460 1717 2728 1816 signifi-

597 1827 777 1897 caris
816 1828 1243 1897 senteutiam
1281 1843 1478 1901 tuam
1513 1832 1731 1899 tantis
1769 1832 1843 1899 in
1883 1826 2270 1923 naufragiis
2307 1830 2632 1899 civitatis.

696 1939 780 2003 V.
814 1935 1198 2023 Nondum,
1237 1962 1399 2033 quae
1429 1936 1754 2024 feceris¹⁹
1783 1937 1910 2009 sed
1944 1963 2104 2035 quae
2131 1940 2282 2010 lieri
2317 1964 2568 2036 passus
2602 1942 2734 2022 sis,

602 2045 783 2116 dico.
817 2028 1069 2143 Neque
1108 2070 1276 2117 vero
1310 2049 1617 2117 multum
1655 2051 1982 2133 interest,
2021 2050 2410 2144 praesertim
2447 2052 2518 2118 in
2551 2073 2733 2118 con·

606 2157 798 2244 sule,
857 2171 1098 2227 utrum
1141 2160 1292 2255 ipse
1331 2159 1749 2255 perniciosis
1792 2156 2106 2254 legibus,
2155 2156 2508 2255 improbis
2555 2183 2736 2229 con-

680 2314 730 2362 9.
756 2301 891 2363 Ergo
914 2298 1631 2369 hisfimdamentis.Postqnatn

611 2379 758 2428 ludos
777 2378 1134 2443 compitalitios
1150 2376 1255 2426 fleri
1270 2380 1431 2426 sinens
1444 2414 1459 2436 ,
1478 2370 1632 2425 totius

610 2464 911 2525 magistratus
934 2457 1131 2521 gerendi
1157 2459 1396 2520 specimen
1419 2456 1630 2505 edidisti.

690 2538 959 2587 10.Triduo
974 2546 1103 2600 post.
1123 2534 1282 2582 Pridie
1300 2550 1452 2582 nonas
1465 2535 1634 2594 janua·

618 2623 709 2667 rias
750 2632 921 2682 passus
960 2631 1009 2662 es
1049 2616 1108 2662 P.
1139 2614 1299 2662 Clodii
1340 2613 1525 2659 tribuni
1559 2613 1628 2677 pl.

618 2699 897 2764 rogatione,
919 2694 1047 2756 leges
1071 2692 1242 2740 AEliam
1266 2700 1313 2737 et
1342 2688 1520 2737 Fufiam
1548 2688 1633 2735 ab·

619 2778 796 2841 rogari.

695 2871 773 2905 11.
800 2857 902 2901 lea:
925 2851 1057 2901 AElt'a
1092 2862 1141 2897 et
1175 2848 1317 2916 Fufia
1348 2864 1516 2896 eversa
1543 2859 1630 2896 est.

622 2939 732 2984 ttaec
757 2944 855 2982 erat
874 2968 887 2990 ‚
914 2943 968 2978 ut
993 2928 1203 2978 ostendit
1223 2928 1472 2976 Manutius
1491 2928 1632 2975 susis-

618 3017 736 3062 sime
760 3012 890 3061 libro
917 3011 977 3058 de
1006 3010 1193 3072 legibus
1225 3007 1466 3066 romanis,
1509 3007 1635 3055 inter

619 3105 869 3156 utramque
909 3089 1184 3144 distinctio,
1224 3086 1359 3151 quod
1398 3086 1480 3134 lex
1513 3086 1635 3135 AE'lia

620 3174 680 3220 de
706 3172 933 3237 auspiciis
969 3181 1117 3228 esset,
1156 3167 1526 3216 obnuntiatione
1551 3182 1637 3214 an-

619 3267 790 3314 gurum
828 3262 875 3298 et
909 3253 1297 3313 magistratuum,
1334 3257 1380 3294 et
1404 3247 1634 3295 interces-

617 3330 754 3377 sione
774 3329 1108 3385 tribunorum3
1138 3326 1456 3388 iuberetque,
1490 3334 1548 3372 nt
1581 3343 1640 3372 eo

620 3407 825 3470 die‚qno
845 3407 1203 3462 obnuntiatum‚
1221 3415 1303 3451 aut
1324 3403 1637 3451 intercessum

619 3485 810 3541 fnisset,
839 3484 1034 3531 comitia
1061 3482 1381 3539 solverentur,
1409 3496 1502 3526 nec
1530 3498 1636 3528 om-

620 3563 739 3610 m’no
764 3577 874 3609 cum
900 3560 1090 3623 populo
1121 3568 1371 3622 agentum
1410 3557 1489 3604 lex
1519 3575 1635 3608 vero

622 3640 751 3690 Fufia
796 3638 965 3686 diebus
1007 3638 1140 3683 fastis
1172 3651 1285 3682 cnm
1324 3636 1517 3699 populo
1556 3640 1636 3701 agi

622 3719 914 3785 prohiberet,
940 3715 1139 3778 diesque
1158 3713 1494 3762 tantummodo
1512 3731 1634 3763 non·

620 3799 778 3848 mllos
799 3796 1086 3858 relinqueret
1104 3827 1120 3851 ‚
1146 3794 1230 3857 qui
1255 3810 1284 3841 a
1312 3795 1522 3841 comitiis
1548 3794 1633 3843 ha-

620 3878 791 3927 bendis
815 3875 1081 3924 comitiales
1107 3875 1395 3923 dicerentur.
1417 3875 1518 3922 Has
1543 3891 1630 3922 au-

621 3970 715 4006 tem
747 3957 875 4019 leges
904 3953 1321 4019 propugnaculum
1355 3953 1636 4019 reipublicae

619 4046 787 4093 vocat,
838 4032 973 4097 quod
1013 4033 1105 4078 hac
1150 4032 1336 4079 ratione
1385 4031 1637 4079 tolleretur

617 4126 774 4180 legum
803 4112 1158 4161 tribunitiarum
1193 4109 1488 4171 multitudo,
1514 4126 1634 4172 quas

1719 2300 1760 2347 si
1797 2299 1997 2362 singulis
2034 2298 2204 2347 diebus
2245 2301 2349 2347 sine
2396 2300 2743 2349 intercessione

1720 2389 1766 2427 ct
1786 2378 2156 2427 obnuntiatione
2176 2379 2299 2428 ferre
2322 2379 2559 2440 licuisset,
2581 2380 2744 2429 multae

1721 2458 1980 2506 seditiones
2007 2458 2314 2506 exstitissent.

1800 2553 1818 2582 ι
1832 2547 1879 2583 a.
1902 2537 2100 2584 Sublata
2119 2548 2203 2585 est.
2224 2537 2428 2586 Clodius
2442 2548 2550 2585 tum
2569 2538 2623 2584 in
2642 2538 2745 2584 aliis

1722 2611 1865 2663 rebiis
1898 2632 2153 2664 censorum
2194 2616 2440 2664 minuebat
2488 2618 2746 2665 auctorita·

1724 2701 1845 2753 teni.
1885 2707 1988 2742 tum
2032 2695 2351 2760 prohibebat,
2397 2712 2459 2743 ne
2503 2697 2538 2741 ii
2582 2713 2748 2759 quem·

1721 2791 1867 2839 quam
1885 2786 2053 2821 senatu
2072 2775 2360 2835 dejicerent,
2379 2774 2472 2820 nisi
2500 2776 2585 2838 qui
2617 2774 2747 2838 apud

1722 2870 1805 2901 eos
1844 2864 2119 2910 accusatus,
2176 2853 2526 2916 damnatusque
2578 2854 2746 2900 fuisset

1724 2933 1938 2981 censoris
1966 2932 2216 2995 utriusque
2243 2931 2497 2978 sententia.

1800 3013 1878 3058 13.
1910 3014 2107 3057 Bustmn
2136 3009 2422 3074 reipublt'coe.
2454 3010 2628 3058 Tradit
2655 3010 2744 3057 ali-

1725 3091 1837 3137 cubi
1867 3088 1971 3138 Cic.
2000 3106 2059 3135 ne
2100 3085 2355 3151 naufragio
2385 3086 2561 3151 finias,
2592 3105 2744 3151 quum

1722 3168 1785 3216 ab
1805 3168 2036 3215 incendio
2054 3180 2102 3216 et
2123 3167 2314 3215 flamma
2336 3168 2602 3231 inceperis:
2630 3178 2745 3231 apte

1728 3259 1887 3295 tamen
1915 3249 2010 3295 hoc
2048 3245 2157 3294 loco
2193 3258 2397 3309 utraque
2435 3246 2746 3294 translatione

1727 3326 2005 3392 reipublicae
2072 3325 2389 3373 calamitatem
2457 3337 2713 3388 exaggerat
2734 3360 2748 3380 ,

1725 3406 1861 3470 quasi
1880 3405 2068 3453 flamma
2090 3420 2203 3452 cum
2225 3403 2454 3451 fluctibns
2480 3403 2748 3465 conjurarit

1724 3485 1786 3532 ad
1806 3483 2087 3548 reipublicae
2109 3483 2372 3547 perniciem
2402 3483 2607 3529 omniuo
2632 3498 2752 3529 con·

1723 3563 2075 3610 summandam.

1791 3643 1885 3688 vt.
1913 3657 1958 3688 1.
1985 3640 2238 3696 Nondum,
2274 3636 2599 3704 quaesecen's.
2629 3640 2751 3685 Prn-

1722 3721 1893 3768 deuter
1907 3719 2012 3766 haec
2029 3718 2165 3766 addit
2181 3752 2196 3776 ,
2216 3718 2392 3781 partim
2423 3727 2477 3764 ut
2504 3716 2748 3778 objectio·

1721 3815 1830 3847 uem
1878 3807 2085 3860 occupet
2108 3831 2122 3852 ,
2167 3796 2393 3859 viamque
2453 3795 2753 3843 defensionis

1720 3892 1912 3924 omnem
1935 3874 2227 3939 prat-cludat,
2253 3874 2429 3938 partim
2471 3885 2527 3922 ut
2556 3877 2751 3923 andito-

1723 3972 1828 4003 rum
1849 3956 2035 4003 animos
2053 3956 2288 4014 maiorum
2311 3954 2546 4001 scelerum
2577 3970 2748 4018 exspe-

1722 4037 1934 4084 ctatione
1961 4050 2218 4099 suspensos
2243 4032 2305 4081 ad
2325 4033 2653 4081 attentionem
2678 4035 2747 4080 in—

1723 4114 1859 4163 vitet.
