2994 4778
696 417 1077 487 ORATIO
1121 418 1322 485 PRO
1370 418 1467 484 M.
1522 417 1912 487 COELIO.
2226 414 2364 488 233

241 539 484 610 subito
522 561 611 608 ex
652 535 930 608 balneis
963 538 1281 609 mulieris
1314 539 1519 608 amici
1542 535 1597 623 ⁶,
1640 538 2136 633 Liciniumque
2172 562 2364 609 com-

246 648 844 747 prehendissent:
884 648 1302 746 imploraret
1345 642 1724 718 hominum
1770 646 1986 717 fidem
2014 700 2032 731 ,
2077 662 2292 744 atque
2325 673 2367 718 a

247 786 325 832 se
380 761 570 831 illam
625 759 964 858 pyxidem
1028 760 1355 832 traditam
1403 773 1849 857 pernegaret.
1897 762 2130 848 Quem
2181 783 2365 854 quo-

246 870 461 942 modo
499 871 601 942 illi
637 870 1300 967 reprehenderent?
1341 869 1601 940 vidisse
1651 893 1727 939 se
1771 868 2180 939 dicerentv?
2216 872 2365 939 Pri·

243 1006 440 1051 mum
508 980 597 1051 ad
660 1005 735 1051 se
793 994 1211 1051 revocarent
1260 980 1550 1049 maximi
1609 973 1994 1049 facinoris⁸
2058 980 2369 1062 crimem,

236 1089 505 1162 deinde
555 1090 628 1160 id
674 1114 750 1162 se
792 1089 1047 1161 vidisse
1090 1089 1447 1175 dicerent,
1482 1088 1721 1186 quod,
1763 1112 1914 1184 quo
1964 1085 2176 1158 loco⁹
2220 1088 2369 1157 col-

235 1200 458 1273 locati
493 1199 814 1289 fuerant,
851 1224 1000 1270 non
1036 1200 1439 1297 potuissent
1472 1197 1739 1268 videre.
1775 1200 2127 1293 Tempore
2159 1197 2373 1291 igitur

237 1315 399 1408 ipso
433 1335 526 1381 se
573 1309 1080 1392 ostenderunt,
1132 1333 1361 1405 quum
1410 1308 1728 1380 Licinius
1771 1308 2117 1391 venisset,
2165 1307 2373 1403 pyxi-

236 1418 407 1490 dem
451 1416 862 1515 expediret,
912 1442 1206 1488 manum
1261 1420 1692 1515 porrigeret,
1741 1439 2102 1487 venenum
2137 1415 2373 1486 trade-

235 1542 371 1600 ret.
415 1531 622 1598 Mimi
651 1538 711 1572 ¹⁰
747 1550 919 1625 ergo
956 1542 1063 1598 est
1098 1529 1243 1622 jam
1290 1528 1559 1625 exituS,
1592 1551 1742 1597 non
1782 1524 2080 1597 fabulae:
2115 1530 2190 1595 in
2221 1550 2370 1623 quo

238 1660 476 1735 quum
516 1636 833 1709 clausula
854 1646 910 1682 ¹¹
959 1661 1106 1707 non
1140 1637 1530 1723 invenitur,
1567 1634 1749 1732 fugit
1784 1635 2038 1731 aliquis
2070 1660 2110 1706 e
2143 1635 2371 1705 mani-

239 1748 520 1837 bus¹²;
577 1748 840 1820 deinde
902 1744 1190 1820 scabilla
1256 1760 1698 1843 concrepant
1732 1741 1815 1830 ¹³,
1872 1744 2174 1816 aulaeum
2234 1742 2372 1812 tol-

241 1857 413 1929 litur
437 1861 525 1926 ¹4.

310 1997 361 2044 6.
415 1996 640 2044 Mulieris
686 1995 845 2044 amici.
895 1995 1083 2045 Erneet.
1137 1995 1265 2045 delet

243 2076 382 2123 verba
403 2076 514 2122 dno
536 2096 561 2116 «ι
578 2075 793 2123 mulieris
810 2076 953 2124 amici
971 2096 1018 2124 ο.

314 2172 357 2215 7.
389 2154 583 2202 Vidisse
600 2171 653 2202 se
667 2154 917 2202 dicerent?
935 2157 1009 2202 Sc.
1029 2155 1264 2202 Licinium

248 2234 390 2280 aet-via
406 2231 603 2281 Clodiae
623 2250 860 2280 venenum
885 2233 1166 2281 tradentem.

319 2313 369 2361 8.
398 2311 618 2361 maxims·
624 2309 877 2375 facinoris
903 2313 1097 2361 crimen.
1129 2311 1267 2361 Perl-

256 2392 409 2439 culum
433 2392 629 2439 adirent
654 2409 734 2450 ne,
755 2408 944 2441 veneno
967 2392 1018 2440 in
1045 2392 1266 2440 manibus

256 2487 418 2518 eornm
437 2472 767 2536 deprehenso,
799 2473 1050 2520 calumniae
1068 2473 1121 2519 in
1141 2473 1267 2519 Lici·

255 2548 388 2596 nium
413 2561 461 2597 et
485 2548 708 2597 veneficii
730 2560 952 2597 auctores
974 2550 1268 2612 dicerentur,

252 2637 304 2674 et
319 2628 379 2676 ita
399 2630 577 2675 crimen
596 2629 647 2674 in
667 2644 719 2675 ae
737 2637 1038 2676 revocarent.

322 2723 368 2769 9.
392 2710 504 2770 Quo
524 2707 651 2753 Ioco.
676 2707 786 2753 Sive
802 2707 854 2754 in
875 2706 1144 2766 veatibnlo,
1164 2708 1268 2755 sive

245 2777 299 2824 in
319 2778 492 2826 intimo
510 2777 822 2835 balnearum3
841 2776 892 2823 in
915 2777 1156 2825 vestibulo
1175 2793 1265 2826 neo

245 2856 387 2906 latere
409 2867 718 2922 potnerunt,
743 2872 835 2904 nec
860 2872 924 2905 ex
947 2856 1133 2904 intimi·
1157 2856 1266 2904 bal-

243 2938 350 2984 nei·
374 2936 562 2984 videre.

323 3031 403 3063 ιο.
433 3014 594 3062 nimt
619 3015 803 3062 Mimua
822 3025 896 3062 eet
914 3015 1045 3062 actio
1068 3013 1268 3062 histrio·

237 3095 359 3143 nica
385 3093 776 3156 turpissimorum
812 3094 1077 3140 facinorum
1103 3093 1264 3140 finita-

238 3175 365 3221 trix.
403 3173 638 3221 Octavius
681 3173 922 3220 Ferrarina
956 3172 1017 3220 de
1043 3183 1265 3236 pantom-

237 3264 288 3300 et
309 3252 477 3299 mimis
492 3285 508 3309 ,
529 3262 566 3299 t.
588 3254 636 3299 11
662 3251 805 3299 Thea.
827 3251 1059 3314 salle-ngr.
1077 3274 1102 3293 ιι
1121 3251 1267 3300 Nulla

235 3333 291 3379 in
342 3330 506 3378 mimia
525 3364 542 3389 ,
585 3340 641 3377 nt
686 3331 739 3378 in
777 3329 1017 3378 oomoedia
1032 3364 1046 3388 ,
1089 3329 1267 3378 fabula

236 3411 569 3467 constitutio,
600 3420 650 3457 et
673 3408 787 3457 ideo
810 3409 975 3458 aberat
995 3410 1237 3457 connexio
1251 3443 1268 3468 ,

233 3499 285 3536 et
310 3489 503 3537 aolntio
517 3523 534 3549 ‚
563 3504 675 3551 qne
693 3487 943 3535 eomoediae
958 3499 1121 3552 partes
1138 3504 1267 3553 proe-

235 3569 405 3632 cipue
422 3583 527 3616 eane
548 3567 712 3615 solent
730 3587 775 3615 n.

315 3662 337 3693 a
357 3663 407 3695 r.
450 3645 703 3695 Clausala.
749 3646 926 3692 Seneca
973 3645 1115 3708 epiat.
1161 3661 1221 3706 77
1249 3659 1264 3694 :

234 3746 262 3766 α
285 3725 564 3786 Quomodo
613 3723 776 3771 sabula
797 3758 813 3784 ,
862 3725 934 3770 aie
971 3724 1071 3772 vita
1105 3740 1119 3774 ε
1166 3741 1269 3773 non

232 3801 482 3868 qnandiu
497 3836 512 3862 ,
552 3803 642 3851 aed
685 3818 832 3866 qnam
870 3802 995 3850 bene
1032 3813 1138 3851 acta
1175 3804 1268 3863 ait,

229 3883 395 3930 refert
408 3898 424 3940 ;
438 3882 562 3929 nihil
573 3881 644 3936 ,ad
661 3897 762 3930 rem
780 3883 1014 3946 pertinet,
1036 3895 1136 3944 qno
1151 3882 1267 3930 loco

228 3961 460 4009 decima.
511 3963 834 4024 Quocumque
883 3961 1016 4008 volet
1066 3960 1230 4009 desine
1251 3977 1266 4022 ;

226 4050 444 4089 tantum
461 4039 641 4086 bonam
660 4038 919 4087 clanenlam
940 4038 1135 4104 impone
1156 4061 1199 4089 ι.

313 4135 406 4165 12.
453 4117 616 4181 rugit.
638 4152 649 4165 .
672 4149 685 4162 .
713 4136 740 4165 e
765 4116 998 4166 manibus.
1028 4117 1167 4166 Talea
1190 4136 1268 4167 ao·

1351 2003 1517 2051 lebant
1535 2017 1636 2049 ease
1662 1998 1920 2047 mimorum
1940 1999 2126 2055 exitna,
2146 2010 2202 2047 nt
2222 2015 2372 2061 quum

1350 2097 1426 2129 rea
1464 2097 1565 2129 non
1594 2078 1923 2143 expediretur,
1961 2078 2074 2141 fnga
2105 2077 2376 2125 elaberetur

1351 2160 1423 2218 ia,
1460 2161 1599 2219 cuine
1628 2168 1787 2221 partea
1821 2154 2101 2219 agebantur.
2131 2158 2248 2204 Jnv.
2283 2167 2374 2204 eat.

1351 2238 1506 2285 xm:
1530 2258 1555 2278 ι
1576 2238 1780 2284 Mimum
1805 2234 1903 2297 agit
1923 2233 2032 2293 ille,
2051 2234 2237 2283 Urbani
2255 2250 2377 2297 qua-

1350 2315 1443 2362 lem
1466 2314 1699 2379 fugitivus
1718 2328 1878 2361 scurra
1900 2313 2077 2361 Catulli
2100 2335 2142 2363 ιι.

1429 2412 1449 2441 1
1461 2397 1512 2443 3.
1534 2395 1748 2443 Scabilla
1766 2405 2079 2457 concrepant.
2099 2396 2248 2441 Erant
2266 2410 2371 2440 sca·

1352 2473 1470 2522 billa
1521 2473 1811 2537 crepitacula
1853 2488 1915 2519 ex
1954 2472 2082 2519 ferro
2126 2473 2145 2534 (
2169 2472 2372 2520 Lucian.

1352 2553 1523 2601 Saltat.
1541 2554 1692 2613 vm,
1716 2553 1777 2599 83
1794 2584 1808 2607 ,
1832 2543 2055 2618 oid-apo&
2082 2540 2379 2617 ὑπόδημα),

1350 2643 1436 2680 ant
1467 2648 1530 2679 ex
1568 2631 1701 2695 ligno
1738 2629 1953 2693 (Pollux
1984 2631 2113 2685 vn,
2150 2643 2215 2674 22
2237 2661 2252 2685 ,
2287 2630 2373 2688 87,

1350 2710 1528 2772 ξύλινον
1555 2703 1867 2778 ὑπόδημα),
1888 2725 1998 2772 que
2022 2707 2228 2772 pedibus
2252 2723 2371 2755 con·

1351 2789 1452 2837 enti
1471 2788 1722 2845 solebant,
1748 2799 1800 2835 et
1820 2789 2077 2851 strepitum
2102 2786 2367 2844 faciebant,

1351 2868 1423 2916 nti
1445 2868 1591 2915 docet
1606 2869 1804 2931 antiqua
1823 2877 2003 2927 atatna,
2017 2865 2071 2913 in
2091 2880 2187 2929 qua
2207 2879 2376 2910 oecur-

1350 2947 1414 2994 rit
1436 2946 1715 3002 scabillum,
1747 2944 2099 3009 confirmatque
2124 2946 2375 2993 Rubeniu-

1351 3024 1412 3072 de
1451 3028 1526 3073 Re
1566 3025 1814 3084 vestiaria,
1853 3027 1929 3081 11,
1973 3039 2068 3090 17:
2100 3045 2127 3066 «ι
2146 3024 2375 3087 Crepitu·

1348 3101 1432 3149 ille
1451 3103 1763 3150 scabillorum
1783 3106 1973 3166 aignnm
2000 3113 2103 3150 erat
2120 3103 2261 3150 aulaei
2286 3102 2381 3149 tol·

1353 3180 1488 3228 lendi
1506 3203 1551 3229 n.
1600 3181 1905 3244 Angustinna
1939 3182 2027 3229 lib.
2061 3183 2131 3228 IV
2166 3181 2228 3229 de
2264 3197 2375 3229 mn·

1350 3258 1449 3305 sica
1469 3271 1482 3305 :
1527 3281 1552 3300 κ
1574 3261 1756 3322 Quaero
1800 3275 1860 3307 ex
1901 3271 1947 3307 te
1984 3269 2148 3306 utrum
2187 3259 2377 3322 poeaint

1351 3335 1572 3400 copulari
1611 3337 1705 3384 eibi
1752 3336 1901 3401 pede·
1924 3370 1940 3396 ,
1984 3353 2110 3401 quoa
2153 3337 2377 3401 copulari

1353 3426 1582 3479 oportet,
1607 3426 1893 3479 perpetuum
1918 3415 2176 3479 quemdam
2205 3432 2373 3464 nnme-

1352 3509 1458 3541 rum
1481 3510 1643 3542 creare
1656 3527 1672 3553 ,
1700 3493 1783 3542 nbi
1804 3494 1966 3542 nnllna
1984 3493 2095 3542 fini·
2113 3505 2373 3560 appaream

1352 3572 1504 3621 veluti
1528 3589 1680 3637 quum
1707 3573 2047 3639 symphoniaci
2073 3574 2271 3621 scabilla
2296 3573 2377 3620 vel

1353 3650 1573 3715 cymbala
1595 3651 1806 3715 pedibu·
1830 3654 2080 3709 feriantur,
2102 3653 2247 3700 certia
2267 3652 2375 3716 qui·

1352 3729 1461 3778 dem
1489 3731 1729 3778 numeria.
1748 3765 1761 3778 .
1784 3765 1799 3778 .
1828 3731 1897 3779 ita
1929 3741 1986 3778 nt
2027 3732 2070 3777 ai
2106 3731 2248 3778 tibiae
2273 3745 2377 3777 non

1350 3808 1520 3857 andiaa
1538 3845 1554 3869 ,
1584 3808 1722 3856 nullo
1757 3810 1909 3858 modo
1943 3809 2016 3857 ibi
2054 3820 2222 3858 notare
2258 3824 2378 3874 poa·

1351 3887 1441 3943 ⁸3⁸2
1465 3902 1721 3950 quousque
1747 3898 2003 3951 procurrat
2020 3888 2267 3936 connexio
2285 3904 2369 3952 pe·

1353 3963 1500 4022 dnm,
1530 3975 1624 4011 etc.
1646 3984 1672 4005 ι-

1429 4059 1450 4090 1
1460 4050 1510 4099 4.
1526 4042 1752 4090 Auloeum
1763 4043 1972 4091 aeuitur.
1985 4044 2160 4091 Velnm
2176 4042 2380 4108 pintan,

1357 4122 1495 4182 cnjus
1522 4136 1626 4169 non
1648 4121 1802 4170 ιοΙιιιιι
1829 4125 1880 4169 in
1907 4121 2094 4170 adibus
2119 4137 2266 4177 naus,
2289 4119 2377 4167 aed
