2994 4778
579 363 719 434 360
1221 366 1318 430 Μ.
1369 366 1445 431 Τ.
1501 363 2049 431 CICERONIS

576 478 772 555 lum⁸
812 483 1072 554 domus
1099 508 1258 553 mea
1278 537 1296 569 ‚
1335 481 1461 553 sed
1506 496 1740 551 totum
1780 480 2138 573 Palatium,
2166 497 2420 552 senatu
2443 537 2465 567 ‚
2493 486 2696 580 equi·

572 593 768 663 tibus
801 593 1149 678 romanis,
1183 594 1466 664 civitate
1494 592 1737 680 omni,
1766 591 1965 661 Italia
1998 606 2254 663 cuncta
2274 648 2293 679 ‚
2325 591 2699 679 refertum,

573 725 801 797 quum
841 717 920 772 tu
967 727 1117 771 non
1162 702 1380 772 modo
1418 701 1506 771 ad
1552 726 1719 772 eum
1757 703 2178 773 Ciceronem
2218 703 2467 796 (mitto
2507 707 2702 773 enim

576 810 1002 898 domestica,
1060 836 1220 906 quae
1266 813 1508 907 negari
1562 826 1899 908 possunt3
1950 811 2101 882 haec
2165 836 2702 898 commemor0‚

577 946 737 1016 quae
770 937 937 991 sunt
974 921 1202 1018 palam
1234 923 1259 1017 )
1298 946 1448 991 non
1488 921 1749 1004 mode,
1798 925 2134 1017 inquam,
2181 924 2270 992 ad
2321 948 2492 993 eum
2526 979 2545 1006 ,
2592 929 2704 995 cui

573 1033 875 1126 primam
929 1032 1233 1101 comitiis
1273 1036 1413 1100 tuis
1441 1030 1741 1102 dederas
1773 1030 2091 1101 tabulam
2113 1043 2144 1089 9
2186 1037 2703 1130 praerogativae,

575 1166 793 1237 quern
845 1143 919 1213 in
967 1156 1218 1213 senatu
1265 1145 1695 1212 sententiam
1758 1138 2062 1238 rogabas
2110 1143 2436 1228 tertium,
2491 1167 2703 1212 num·

574 1277 793 1347 quam
831 1252 1254 1349 adspirasti,
1310 1251 1435 1322 sed
1470 1250 1813 1322 omnibus
1855 1251 2167 1322 consiliis
2193 1305 2212 1338 ,
2256 1276 2419 1347 quae
2464 1252 2553 1322 ad
2589 1277 2705 1323 me

574 1352 1133 1460 opprimendum
1178 1361 1640 1458 parabantur,
1685 1386 1831 1430 non
1871 1358 2252 1432 interfuisti
2282 1361 2565 1447 solnm,
2591 1387 2710 1431 ve·

576 1496 737 1540 rum
786 1472 998 1541 etiam
1039 1470 1525 1541 crudelissime
1561 1470 1926 1568 praefuisti.

580 1598 584 1611 ·
674 1583 790 1649 VI.
825 1580 1003 1650 Mihi
1041 1606 1214 1650 vero
1242 1581 1419 1678 ipsi,
1453 1604 1692 1651 coram
1725 1604 1994 1676 genero
2019 1589 2257 1665 meo¹,
2286 1583 2713 1676 propinquo

578 1704 742 1775 tuo,
798 1715 963 1785 quae
1016 1689 1254 1760 dicere
1303 1715 1517 1760 ausus
1567 1689 1686 1761 es?
1717 1695 1988 1786 Egere,
2027 1686 2200 1758 foris
2237 1698 2433 1760 esse²
2483 1690 2712 1759 Gabi-

584 1800 817 1884 nium3
861 1801 1015 1869 sine
1075 1801 1443 1895 provincia
1480 1813 1665 1868 stare
1706 1825 1856 1868 non
1900 1822 2153 1895 posse3
2198 1812 2398 1895 spem'
2440 1797 2713 1870 habere

583 1934 620 1977 a
645 1908 944 1979 tribuno
979 1908 1319 2007 plebi8,si
1346 1924 1470 1978 tua
1502 1909 1797 1978 consilia
1823 1933 1987 1978 cum
2025 1908 2144 1977 illo
2179 1908 2715 2002 conjunxisses3

586 2044 626 2087 a
654 2034 907 2090 senatu
947 2020 1242 2116 quidem
1283 2019 1693 2115 desperasse
1718 2015 1788 2103 3;
1825 2017 2040 2112 hujus
2061 2030 2148 2086 .te
2183 2015 2555 2113 cupiditati
2587 2016 2712 2086 ob·

588 2130 832 2224 sequi,
872 2133 1078 2200 sicuti
1124 2154 1257 2226 ego
1296 2127 1618 2199 fecissem
1652 2132 1725 2197 in
1766 2127 2037 2223 collega
2074 2151 2275 2209 meo;
2315 2126 2495 2196 nihil
2520 2151 2712 2212 esse,

578 2236 785 2330 quod
820 2237 1227 2333 praesidium
1255 2239 1631 2311 consulum
1659 2236 2150 2335 implorarem3
2181 2235 2316 2306 sibi
2346 2262 2715 2332 quemque

587 2346 965 2419 consulere
996 2363 1352 2446 oportere.
1394 2353 1628 2446 Atque
1664 2348 1811 2418 haec
1847 2345 2083 2418 dicere
2126 2346 2243 2416 vix
2282 2345 2540 2418 audeo.
2580 2350 2719 2418 Ve-

585 2481 773 2544 reor,
799 2482 888 2528 ne
911 2464 1040 2553 qui
1066 2464 1153 2530 sit
1175 2514 1192 2544 ‚
1230 2461 1358 2555 qui
1386 2461 1591 2529 istius
1618 2459 1969 2554 insignem
1997 2458 2433 2553 nequitiam,
2461 2456 2723 2529 frontis

594 2655 776 2707 cupato
813 2643 937 2707 leges
968 2644 1084 2692 AElia
1121 2656 1168 2692 et
1212 2643 1341 2692 Fufia
1383 2642 1608 2706 deflagra-

593 2733 738 2782 rnnt,
792 2739 902 2785 quae
946 2724 1073 2786 leges
1118 2724 1331 2786 auspicia
1372 2723 1609 2770 hactenns

594 2816 775 2847 summa
804 2803 1033 2863 religione
1059 2814 1247 2850 servata
1271 2801 1605 2851 continebant.

664 2881 713 2927 8.
735 2883 863 2928 Erat
885 2898 981 2928 non
1005 2883 1180 2930 solum.
1201 2884 1365 2944 Quu'm
1391 2880 1609 2944 plerique

593 2977 758 3008 omnes
786 2976 844 3008 ex
868 2972 1065 3018 senatu,
1095 2971 1144 3007 et
1169 2960 1380 3024 equestri
1408 2959 1606 3021 ordine,

592 3057 747 3104 neque
766 3040 921 3088 solum
942 3058 1004 3088 ex
1026 3039 1266 3088 veteribus
1291 3040 1504 3097 civibus,
1524 3039 1610 3087 sed

591 3120 733 3166 etiam
753 3136 812 3168 ex
834 3120 969 3168 Italia
995 3130 1109 3184 post
1130 3119 1312 3167 bellum
1332 3119 1509 3167 sociale
1536 3135 1610 3166 re·

592 3214 703 3245 cens
734 3201 785 3245 in
821 3201 1067 3248 civitatem
1104 3200 1388 3263 adscriptis,
1419 3200 1481 3246 ita
1514 3200 1609 3248 fre-

592 3287 795 3339 quenter
812 3279 981 3325 auxilii
1000 3279 1288 3342 consiliique
1302 3279 1449 3326 dandi
1471 3296 1609 3340 cansa

593 3354 793 3401 donnum
812 3371 963 3402 meam
988 3357 1303 3403 convenirent
1318 3393 1333 3417 ,
1360 3367 1413 3404 nt
1436 3358 1614 3405 redun-

594 3434 738 3480 dante
766 3434 1074 3482 multitudine
1097 3445 1252 3481 totum
1281 3445 1495 3481 montem
1523 3439 1612 3482 Pa-

589 3512 809 3571 latinum,
824 3512 876 3558 in
896 3529 997 3575 quo
1014 3529 1116 3559 mea
1137 3512 1309 3559 doinus
1330 3525 1421 3571 est,
1439 3514 1612 3577 opple·

594 3601 698 3639 rent
720 3602 734 3637 :
765 3606 1026 3653 numquam
1050 3590 1276 3637 accedere
1307 3604 1510 3638 conatus
1528 3609 1606 3652 es,

596 3682 650 3718 ut
675 3670 832 3717 amico
859 3669 1190 3732 indignissime
1224 3679 1396 3717 vexato
1422 3669 1610 3734 aliquid

593 3749 701 3812 opis
727 3747 897 3795 consul
926 3748 1137 3794 afferres.
1318 3734 1321 3736 .

664 3845 718 3888 9.
761 3828 979 3876 Dederas
1022 3828 1256 3876 tabulam.
1301 3830 1399 3892 Qui
1428 3829 1502 3876 vel
1533 3847 1610 3877 co·

592 3907 739 3952 mitiis
760 3918 1024 3969 praeerant,
1065 3907 1143 3954 vel
1169 3908 1332 3958 saltem
1361 3909 1446 3972 qui
1473 3919 1608 3956 eraut

590 3984 858 4042 candidati,
899 3996 1133 4047 quantum
1172 3985 1325 4048 liquet
1368 4003 1428 4033 ex
1465 3988 1602 4037 Cice-

1696 2644 1896 2707 primam
1926 2643 2259 2707 praemgativae
2284 2643 2501 2691 tabulam
2534 2645 2721 2692 defere-

1697 2723 1842 2782 bant,
1872 2732 1927 2769 ut
1957 2722 2042 2769 ille
2071 2723 2257 2785 primns
2285 2724 2334 2769 in
2363 2727 2691 2787 praerogativa
2710 2759 2727 2780 ,

1698 2814 1843 2867 atque
1887 2802 2009 2848 adeo
2055 2803 2105 2848 in
2151 2801 2267 2848 totis
2312 2802 2530 2849 comitiis
2580 2804 2726 2850 ferret

1699 2881 1996 2944 suffragium.
2019 2881 2333 2944 praerogativa
2357 2880 2443 2928 illa
2464 2894 2598 2944 erat,
2616 2900 2726 2947 quae

1698 2961 1852 3024 prima
1877 2961 2162 3006 sententiam
2189 2960 2387 3008 serebat.

1768 3043 1855 3088 Vl.
1889 3055 1908 3085 1
1925 3077 1937 3090 .
1969 3039 2160 3086 Genera
2184 3055 2312 3088 meo.
2337 3039 2396 3087 C.
2420 3041 2627 3099 Pisone,
2644 3042 2722 3088 cui

1697 3119 1903 3168 Tulliam
1928 3118 2199 3166 ducendam
2224 3118 2438 3166 dederat.

1773 3214 1823 3247 ο.
1846 3197 2170 3262 Egere,soris
2199 3214 2299 3246 esse
2328 3197 2609 3246 Gabinium.
2639 3200 2720 3244 In·

1701 3288 1939 3342 terpretor
1952 3294 2051 3324 non
2070 3294 2171 3325 esse
2195 3280 2245 3324 in
2264 3278 2364 3324 suis
2388 3278 2614 3332 nummis,
2628 3275 2719 3323 ned

1700 3358 1751 3404 in
1796 3373 1888 3408 aere
1928 3356 2119 3415 alieno,
2154 3356 2289 3420 quod
2337 3356 2576 3404 debitores
2610 3369 2718 3402 non

1701 3436 1887 3498 possint
1931 3433 2073 3480 facile
2118 3434 2252 3481 domi
2291 3451 2390 3482 suae
2425 3433 2645 3481 inveniri.

1774 3516 1820 3561 3.
1846 3518 1892 3561 A
1917 3529 2017 3559 sen.
2046 3530 2093 3575 q.
2115 3515 2401 3576 desperasse.
2418 3514 2533 3560 Non
2554 3511 2648 3558 fuit
2669 3511 2724 3558 iu

1701 3603 1938 3655 potestate
1963 3602 2157 3639 senatus
2174 3592 2219 3639 ei
2238 3591 2540 3656 provinciam
2569 3590 2722 3638 dene·

1699 3686 1810 3732 gare
1846 3685 1859 3718 :
1906 3687 2026 3740 nam¹
2071 3670 2259 3734 legibus
2307 3671 2482 3733 populi
2537 3671 2726 3718 romani

1698 3749 1979 3797 consulibus
2058 3749 2321 3813 designatis
2401 3750 2728 3798 decernendae

1697 3838 1830 3875 erant
1850 3829 2130 3892 provinciae.
2159 3831 2284 3878 Puto
2311 3829 2481 3892 igitur,
2507 3829 2608 3875 hoc
2633 3846 2728 3894 po·

1697 3906 1793 3953 tius
1826 3906 1890 3953 ad
1915 3919 2195 3955 ornamenta
2219 3907 2596 3970 provinciarum
2622 3925 2730 3971 per-

1698 3987 1876 4042 tinere,
1929 3986 2077 4035 veluti
2121 3988 2183 4035 ad
2241 3988 2506 4034 exercitum
2556 4000 2603 4035 et
2647 4006 2730 4052 pe-

587 4081 730 4124 rone,
762 4063 905 4112 alicui
934 4081 992 4112 ex
1019 4064 1185 4111 amicis
1221 4064 1424 4112 honoris
1463 4081 1601 4114 causa
1694 4063 1899 4111 cuniam.
