2994 4778
659 483 792 547 roo
1278 462 1373 530 M.
1427 462 1506 529 T.
1559 460 2138 532 CICERONIS

640 581 864 654 modo
898 579 1322 679 approbavit
1341 633 1362 667 ,
1389 578 1514 650 sed
1543 603 1693 650 non
1723 578 2296 677 indignissimum
2322 578 2602 653 facinus
2633 608 2766 683 pu·

637 693 844 778 tavit,
897 690 1100 762 illum
1140 715 1293 762 non
1330 689 1564 760 dicam
1600 689 1843 785 loqui,
1883 689 2011 761 sed
2048 690 2290 761 vivere
2325 715 2407 761 ac
2444 693 2765 789 spirare?

642 804 808 899 quis
848 800 1018 888 fuit,
1064 802 1373 898 quinon
1412 799 1571 893 ejus
1611 822 1785 870 voce
1821 799 2158 869 maculari
2203 801 2760 897 rempublicam,

637 937 902 1011 seque,
941 913 1001 982 si
1033 934 1199 982 eum
1230 908 1544 995 audiret,
1583 908 1848 980 scelere
1880 908 2224 1006 adstringi
2252 908 2765 984 arbitraretur?

736 1027 853 1094 LI..
881 1021 1114 1093 Venio
1140 1018 1228 1089 ad
1255 1019 1567 1104 comitia,
1588 1021 1734 1089 sive
1758 1021 2294 1115 magistratuum
2327 1020 2594 1117 placet,
2619 1025 2764 1096 sive

633 1132 894 1230 legum.
928 1136 1152 1225 Leges
1184 1127 1509 1199 videmus
1551 1151 1735 1225 saepe
1769 1126 1936 1199 ferri
1974 1129 2255 1199 multas,
2292 1131 2569 1202 Omitto
2604 1158 2724 1205 eas
2745 1187 2765 1223 ,

634 1266 797 1338 quae
833 1238 1163 1309 feruntur
1204 1237 1337 1324 ita,
1378 1238 1497 1306 vix
1535 1251 1618 1307 ut
1666 1237 1946 1333 quini¹‚
1984 1252 2058 1309 et
2094 1237 2168 1308 hi
2211 1264 2300 1310 ex
2349 1240 2481 1311 alia
2524 1243 2718 1315 tribu
2743 1300 2763 1332 ,

633 1352 761 1447 qui
798 1346 1218 1443 suffragium
1249 1345 1524 1435 ferant,
1560 1348 2034 1444 reperiantur.
2075 1352 2183 1419 De
2210 1373 2367 1433 me,
2410 1375 2630 1447 quem
2664 1368 2766 1449 ty-

630 1482 939 1531 rannum
972 1511 992 1544 ‚
1032 1472 1249 1553 atque
1292 1471 1698 1554 ereptorem
1739 1457 2087 1529 libertatis
2124 1483 2277 1530 esse
2314 1459 2642 1549 dicebat,
2690 1467 2759 1534 in

631 1573 748 1642 illa
785 1572 994 1641 ruina
1026 1568 1435 1664 reipublicae
1477 1567 1651 1640 dicit
1685 1594 1763 1642 se
1815 1571 2041 1667 legem
2073 1572 2337 1643 tulisse.
2403 1576 2585 1663 Quis
2616 1589 2763 1665 est,

632 1682 762 1780 qui
800 1705 875 1753 se
898 1734 918 1767 ‚
951 1704 1181 1776 quum
1218 1693 1470 1751 contra
1507 1703 1626 1749 me
1658 1677 2053 1767 ferebatur,
2095 1682 2307 1752 inisse
2342 1681 2762 1781 suffragium

630 1790 1104 1864 confiteatur?
1151 1792 1397 1879 Quum
1442 1803 1681 1859 autern
1725 1788 1815 1860 de
1853 1815 1969 1862 me
2019 1791 2272 1862 eodem
2313 1816 2402 1862 ex
2442 1810 2764 1867 senatus-

629 1899 1000 1987 consulto,
1061 1900 1370 1969 comitiis
1409 1900 1894 1987 centuriatis2,
1941 1898 2342 1989 ferebatur,
2399 1907 2564 1998 quis
2617 1920 2763 1991 est,

628 2015 759 2113 qui
788 2037 936 2084 non
967 2011 1397 2111 profiteatur
1424 2035 1500 2081 se
1523 2009 1842 2098 affuisse,
1871 2027 1942 2083 et
1971 2011 2388 2111 suffragium
2421 2014 2511 2085 de
2530 2016 2763 2089 salute

629 2150 788 2198 mea
833 2125 1126 2197 tulisse?
1184 2127 1358 2195 Utra
1407 2126 1627 2220 igitur
1664 2148 1874 2195 causa
1929 2125 2346 2223 popularis³
2388 2127 2608 2201 (lebet
2657 2133 2762 2201 vi-

630 2236 828 2309 deri?
851 2238 926 2309 in
955 2259 1099 2333 qua
1131 2258 1383 2304 omnes
1413 2233 1820 2304 honestates
1844 2236 2176 2323 civitatiS‚
2198 2262 2453 2309 omnes
2485 2254 2759 2329 aetateS‚

628 2372 883 2423 omnes
910 2348 1200 2420 ordines
1236 2371 1376 2418 una
1406 2332 1912 2418 consentiunt?
1939 2373 2031 2419 an
2055 2350 2143 2421 ‘in
2171 2375 2316 2449 qua
2342 2350 2547 2424 furiae
2587 2379 2765 2428 con·

629 2465 856 2533 citatae
876 2475 1243 2555 tamquam
1265 2456 1355 2528 ad
1389 2457 1608 2528 funus
1645 2458 2089 2555 reipublicae‘*
2127 2463 2567 2534 convolant?
2603 2472 2721 2537 An
2742 2523 2760 2556 ‚

628 2569 859 2643 sicubi
890 2569 1117 2641 aderit
1145 2567 1418 2640 Gellius
1432 2564 1488 2655 ⁵,
1529 2566 1748 2636 homo
1783 2581 1860 2637 et
1889 2566 2106 2641 fratre
2142 2571 2484 2668 indignus
2500 2571 2559 2660 ⁶,
2602 2576 2761 2646 viro

700 2745 779 2791 LI.
816 2759 859 2789 ι.
891 2741 990 2804 Vi:
1006 2750 1061 2787 ut
1076 2737 1231 2803 quini.
1256 2738 1468 2787 Multum
1488 2738 1541 2786 in
1557 2739 1652 2787 boc

628 2821 802 2870 Cicero
836 2830 1080 2877 moratur,
1116 2831 1171 2867 nt
1194 2819 1401 2882 probet,
1433 2819 1484 2866 id
1517 2813 1654 2881 qnod

630 2899 786 2955 dixit,
812 2900 864 2946 in
892 2914 951 2946 eo
974 2914 1075 2946 esse
1092 2908 1216 2945 statu
1237 2898 1510 2954 civitatem,
1537 2907 1594 2944 ut
1612 2898 1654 2944 si

629 2978 984 3026 conductorum
1050 2986 1389 3024 removeantur
1450 2991 1611 3039 operae
1635 3012 1650 3036 ‚

629 3072 798 3105 omnes
815 3055 943 3104 idem
963 3054 1023 3103 de
1040 3054 1288 3120 republica
1307 3055 1532 3103 sentiant.

702 3154 750 3188 a.
769 3137 849 3184 Ex
864 3136 1275 3184 senatusconsulto
1288 3170 1304 3194 ‚
1324 3133 1528 3183 comitiis
1546 3149 1651 3179 cen·

629 3216 835 3266 curiatis.
863 3217 1022 3279 Qusm
1046 3214 1323 3265 dissnssisse
1341 3218 1397 3263 P.
1421 3213 1650 3264 Clodium

629 3294 811 3358 opinor
837 3310 900 3342 ex
924 3309 984 3342 eo
999 3327 1014 3351 ‚
1038 3295 1171 3378 qnod
1192 3295 1379 3342 dictum
1397 3303 1473 3340 est
1489 3291 1654 3355 proxi·

626 3388 703 3420 me
726 3386 742 3420 ε
774 3394 801 3414 ο
818 3371 953 3422 cedo
977 3387 1112 3419 nunc
1145 3374 1361 3433 ejusdem
1403 3371 1537 3418 illins
1560 3369 1656 3416 ini·

627 3451 743 3498 mici
770 3450 864 3497 mei
889 3450 950 3497 de
974 3466 1051 3498 me
1077 3451 1246 3498 eodem
1273 3450 1336 3497 sd
1364 3465 1531 3496 verum
1556 3463 1646 3512 po·

625 3526 798 3592 pulum
820 3527 873 3576 in
891 3541 1064 3591 compo
1085 3525 1265 3576 Martio
1289 3528 1577 3575 concionem
1590 3539 1643 3574 n:

622 3607 824 3655 sundere
842 3605 971 3653 enim
990 3617 1040 3653 et
1055 3607 1332 3655 dissuadere
1348 3607 1501 3670 leges,
1518 3618 1647 3655 ante-

622 3701 767 3750 quam
790 3685 1048 3744 ferrentur,
1071 3700 1172 3733 non
1193 3685 1342 3732 modo
1364 3685 1647 3747 magistrati-

621 3764 742 3823 bus,
773 3779 939 3811 verum
970 3762 1114 3812 etism
1138 3764 1338 3826 privatis
1362 3763 1644 3812 hominibus

618 3842 826 3898 licebat,
856 3841 992 3905 quod
1015 3842 1067 3889 in
1092 3841 1220 3890 libro
1239 3843 1301 3890 de
1324 3843 1531 3907 Legibus
1556 3858 1645 3890 co-

615 3923 754 3987 piose
776 3921 1064 3974 ostenditur.

686 4003 738 4050 3.
766 4002 929 4049 Causa
944 3998 1206 4064 populatis.
1229 4000 1458 4049 Ostendit
1475 4013 1645 4051 orator

614 4097 716 4129 non
736 4079 994 4144 populares
1014 4094 1116 4127 esse
1132 4095 1216 4128 eos
1233 4114 1250 4140 ,
1270 4081 1357 4143 qui
1376 4097 1403 4127 a
1422 4081 1639 4129 factiosis

608 4159 800 4208 civibus
837 4157 1070 4208 concitsti
1100 4157 1449 4222 rempublicam
1466 4194 1481 4219 ,
1506 4175 1636 4223 με·

1740 2750 1871 2789 tents
1886 2740 2121 2792 libertatis
2138 2760 2280 2792 cause
2296 2778 2313 2806 ,
2327 2743 2653 2808 turbsverint3
2671 2745 2762 2793 sed

1739 2820 1774 2866 ii
1801 2822 1852 2867 in
1879 2837 2083 2884 quorum
2119 2822 2318 2871 salutem
2349 2824 2563 2887 populus
2600 2826 2765 2873 omnis

1738 2897 1989 2947 communi
2016 2917 2256 2949 consensu
2283 2901 2652 2966 conspiraverit.

1811 2986 1864 3033 4.
1899 2981 2165 3043 Tamquam
2192 2978 2433 3044 adsumus
2458 2981 2760 3045 reipublice.

1737 3057 1797 3103 Et
1813 3057 2124 3124 recte‚suriae
2136 3062 2420 3120 convolant,
2441 3061 2576 3125 qnod
2596 3062 2765 3111 volare

1735 3135 1881 3184 furias
1905 3149 2065 3201 poetae
2085 3139 2276 3187 dicunt:
2299 3151 2429 3187 recte
2449 3142 2621 3198 etism,
2643 3157 2765 3189 eon·

1735 3215 1900 3264 citaeae
1916 3233 1937 3264 .-
1958 3217 2083 3264 nihil
2104 3218 2232 3265 enim
2250 3217 2494 3282 placidum
2521 3229 2606 3266 aut
2630 3230 2766 3268 tem-

1740 3305 1959 3357 perstum
1992 3296 2045 3342 in
2082 3296 2228 3343 furies
2268 3296 2398 3345 cadit
2438 3310 2452 3344 ε
2494 3299 2768 3350 rectissime

1741 3388 1886 3430 vero,
1917 3395 1942 3415 α
1961 3375 2117 3424 Furio
2144 3377 2208 3424 sd
2236 3377 2380 3424 funus
2407 3378 2671 3426 convolant
2695 3400 2722 3422 ι
2743 3393 2762 3429 t

1732 3451 1868 3514 quod
1893 3453 2015 3500 nihil
2035 3454 2305 3513 jucundum
2329 3467 2414 3503 aut
2434 3455 2598 3517 laetnm
2619 3457 2770 3507 turin

1735 3529 1944 3593 diligunt
1964 3549 1979 3579 ε
2004 3549 2177 3598 operas
2201 3535 2350 3597 igitur
2372 3534 2666 3594 Clodi-nu,
2698 3536 2768 3585 nd

1732 3609 2011 3672 reipublice
2038 3614 2298 3676 perniciem
2323 3614 2638 3662 libentissime
2663 3632 2767 3664 eo-

1731 3698 1899 3736 euntes
1907 3706 2036 3747 ,vere
2049 3703 2097 3739 et
2107 3692 2305 3755 proprie
2313 3691 2461 3740 furias
2470 3692 2742 3756 appellavit
2750 3730 2768 3743 .

1805 3766 1853 3814 5.
1884 3767 2082 3816 Gellius.
2112 3772 2187 3824 Is,
2214 3785 2358 3834 quem
2381 3770 2554 3817 Cicero
2572 3770 2626 3818 in
2642 3786 2773 3820 ora-

1733 3848 1866 3893 tione
1880 3847 1930 3893 in
1939 3847 2184 3895 Vatinium
2196 3846 2488 3896 nutriculsm
2502 3848 2775 3900 seditioso.

1730 3941 1835 3974 mm
1854 3925 2075 3974 nominst
2087 3943 2102 3985 3
2116 3926 2252 3989 qnod
2268 3926 2531 3976 seditiones
2547 3926 2771 3978 libenter

1731 4004 1919 4052 foveret
1964 4014 2109 4068 atque
2155 4004 2302 4053 aleret
2338 4021 2354 4054 :
2412 4005 2540 4054 dixit
2584 4017 2634 4054 et
2675 4008 2768 4057 bie

1729 4083 2060 4132 testimonium
2085 4085 2139 4130 in
2155 4083 2393 4132 Sextium.

1798 4163 1851 4210 6.
1889 4165 2059 4212 Fran-e
2087 4163 2327 4228 indignus.
2354 4166 2412 4213 1..
2440 4163 2602 4214 Genio
2620 4200 2638 4227 ,
2666 4167 2769 4230 qui
