2994 4778
588 409 727 491 442
1226 408 1320 474 Μ.
1373 409 1448 474 T.
1474 388 1481 391 ’
1504 408 2070 485 clcssnoms

585 527 675 599 de
696 529 1018 625 pecuniis
1036 526 1457 625 repetundis
1482 557 1497 598 ε
1525 552 1672 623 quo
1697 527 1790 599 de
1808 530 1979 599 reo?
2002 528 2092 600 de
2116 531 2360 625 equite
2381 550 2722 600 romano.

590 642 679 706 At
707 640 840 707 iste
866 635 1051 707 ordo
1094 636 1249 733 lege
1281 661 1365 708 ea
1392 662 1542 707 non
1575 652 1886 707 tenetur.
1926 637 2093 720 1110,
2132 639 2407 734 inquit,
2448 641 2725 736 capite,

592 743 795 843 quod
841 761 994 818 erat
1050 749 1124 816 in
1182 750 1635 834 Postumum,
1680 745 1882 844 quod
1929 749 2003 817 in
2059 747 2442 818 Gabinium
2495 747 2730 841 judex

596 880 815 941 essae,
852 855 1029 927 nihil
1069 853 1382 927 Gabinio
1417 856 1663 927 datum
1687 910 1707 943 ‚
1745 880 1972 953 quum
2009 860 2087 925 in
2131 880 2295 928 eum
2331 857 2495 927 lites
2535 857 2724 927 aesti·

591 981 982 1037 marentur.
1019 971 1110 1037 At
1141 990 1335 1037 nunc
1363 965 1601 1036 audio,
1635 971 1824 1036 Reus
1850 968 2066 1060 igitur
2091 970 2474 1036 Postumus
2502 979 2612 1035 est
2637 989 2730 1033 ea

592 1076 786 1173 lege,
818 1101 963 1174 qua
995 1103 1146 1148 nou
1190 1074 1409 1147 modo
1443 1077 1630 1173 ipse,
1667 1075 1790 1146 sed
1819 1090 2017 1146 totus
2050 1076 2262 1146 etiam
2299 1074 2481 1145 ordo
2519 1073 2722 1145 solu·

596 1202 710 1258 tus
755 1210 839 1258 ac
872 1185 1056 1259 liber
1083 1202 1209 1259 est.

690 1302 807 1369 Vl.
849 1300 979 1369 Hic
1007 1323 1143 1396 ego
1181 1321 1376 1368 nunc
1407 1322 1553 1368 non
1585 1319 1713 1367 vos
1738 1298 1938 1392 prius
1967 1293 2407 1393 implorabO,
2441 1295 2725 1390 equites

594 1409 915 1495 romani,
939 1432 1253 1505 quorum
1276 1406 1394 1501 jus
1416 1406 1691 1501 judicio
1719 1420 2055 1489 tentatur,
2091 1430 2308 1502 quam
2331 1429 2459 1475 vos
2476 1457 2495 1487 ‚
2522 1427 2731 1474 sena-

598 1526 865 1603 tores¹‚
910 1542 1227 1615 quorum
1275 1518 1512 1614 agitur
1545 1515 1724 1587 fides
1767 1520 1840 1587 iu
1879 1516 2080 1587 hunc
2116 1515 2449 1586 ordinem
2495 1542 2516 1583 .·
2562 1537 2728 1610 quae

598 1626 893 1723 quidem
917 1651 1143 1723 quum
1175 1651 1363 1724 saepe
1396 1640 1599 1715 ante,
1620 1640 1777 1697 tum
1797 1629 1872 1695 in
1893 1626 2027 1697 hac
2053 1628 2209 1723 ipsa
2245 1649 2456 1697 causa
2492 1646 2731 1720 nuper

599 1749 706 1805 est
731 1737 1040 1831 cognita.
1058 1738 1238 1806 Nam
1269 1760 1501 1833 quum
1531 1738 1812 1834 optimo
1835 1748 1908 1806 et
1939 1736 2516 1833 praestantissimo
2547 1758 2732 1804 con-

489 1835 496 1841 ’
599 1844 789 1929 sule,
817 1847 946 1913 Cn.
971 1847 1357 1955 Pompei0‚
1395 1845 1484 1916 de
1519 1844 1652 1915 hac
1681 1848 1834 1943 ipsa
1869 1845 2309 1940 quaestione²
2344 1841 2732 1929 referente,

603 1955 1027 2025 exsisterent
1049 1953 1441 2041 nonnullae,
1457 1955 1581 2025 sed
1607 1978 1981 2052 perpaucae
2008 1969 2251 2025 tamen
2276 1951 2548 2024 acerbae
2574 1974 2736 2021 sen·

603 2065 877 2148 tentiae,
924 2089 1087 2162 quae
1136 2079 1552 2146 censerent,
1600 2078 1682 2134 ut
1721 2061 2073 2150 tribuni³,
2118 2078 2200 2134 ut
2245 2061 2592 2161 praefecti,
2647 2075 2736 2129 ut

602 2173 890 2262 scribae,
946 2190 1027 2244 ut
1079 2175 1376 2245 comites
1438 2198 1695 2245 omnes
1752 2174 2295 2271 magistratuum
2321 2226 2340 2259 ‚
2393 2172 2545 2267 lege
2593 2169 2735 2239 hac

602 2291 1021 2354 tenerentur
1060 2311 1075 2350 ε
1122 2309 1288 2370 vos,
1341 2309 1504 2369 VOS,
1557 2285 1889 2379 inquam,
1931 2284 2104 2380 ipsi,
2144 2297 2216 2352 et
2261 2296 2556 2352 senatus
2595 2276 2737 2351 fre·

601 2416 831 2488 quens
881 2396 1171 2482 restitit3
1222 2410 1339 2480 et„
1381 2419 1821 2492 quamquam
1867 2409 2064 2483 tum,
2119 2407 2422 2491 propter
2467 2392 2736 2461 multo-

599 2527 761 2573 rum
808 2503 1096 2591 delicta,
1148 2507 1362 2575 etiam
1418 2506 1507 2576 ad
1555 2505 2049 2577 innocentium
2098 2501 2498 2602 periculum
2558 2515 2740 2573 tem·

603 2638 739 2708 pus
824 2614 1002 2685 illud
1084 2630 1445 2685 exarserat
1469 2670 1489 2702 ‚
1567 2630 1808 2685 tamen
1840 2668 1859 2697 ‚
1935 2636 2160 2708 quum
2244 2610 2491 2682 odium
2582 2636 2739 2681 non

600 2724 1168 2819 restinguerem,
1207 2724 1377 2795 huic
1416 2724 1655 2795 ordini
1690 2727 1928 2820 ignem
1974 2747 2240 2793 novum
2288 2722 2543 2817 subjici
2584 2746 2739 2791 non

602 2835 874 2904 sivistis.
925 2839 1078 2905 Hoc
1117 2833 1407 2906 animo⁴
1436 2836 1650 2932 igitur
1687 2849 1996 2906 senatus,
2037 2833 2286 2924 Quid?
2319 2858 2485 2918 VOS,
2523 2837 2740 2929 equi·

604 2959 711 3015 tes
755 2945 1070 3031 romani,
1122 2945 1295 3040 quid
1347 2945 1639 3017 tandem
1680 2945 1847 3016 estis
1885 2941 2162 3014 acturi?
2205 2942 2500 3013 Glaucia
2551 2941 2740 3012 sole-

606 3053 726 3124 bat
746 3051 798 3138 5,
866 3053 1089 3126 homo
1138 3056 1503 3154 impurus,
1561 3054 1685 3127 sed
1737 3068 1978 3145 tamen
2027 3066 2324 3137 acutus,
2373 3051 2740 3149 populum

605 3207 667 3253 de
685 3223 766 3253 reo
784 3213 811 3254 ,θ
833 3208 969 3255 Orat.
993 3210 1067 3254 De
1085 3206 1242 3271 equite
1259 3225 1478 3255 romano.
1505 3210 1538 3255 J
1541 3208 1624 3256 ud.

608 3285 679 3331 Ae
699 3284 825 3333 ἔστι.)
850 3297 948 3334 etc.
969 3289 1105 3334 Orat.
1130 3288 1243 3346 1110,
1262 3286 1435 3350 inquit,
1451 3287 1627 3351 eapite.

609 3363 703 3409 nic
740 3364 875 3411 locus
895 3365 1098 3412 omnino
1144 3376 1216 3412 eet
1262 3377 1553 3428 corruptus,
1580 3375 1630 3412 et

609 3440 758 3487 multa
791 3440 983 3490 desunt.
1016 3443 1142 3498 mo,
1179 3444 1231 3490 id
1265 3454 1360 3500 est,
1396 3444 1485 3489 illo
1522 3444 1630 3506 ipso

604 3519 763 3582 capite
794 3519 912 3581 legis
930 3556 944 3578 ,
966 3536 1067 3583 quo
1095 3523 1296 3583 pecunia
1327 3521 1632 3582 pervenerit,

608 3607 810 3646 tenetur.
839 3596 980 3644 Nihil
995 3597 1203 3644 Gab‘im'o
1230 3598 1413 3645 dacum.
1440 3598 1500 3645 Id
1524 3610 1596 3646 eet
1613 3632 1629 3659 ,

607 3676 818 3724 severim
843 3674 1039 3744 habitus
1062 3687 1150 3724 eet.

676 3758 763 3803 vl.
797 3773 841 3803 1.
872 3757 1033 3818 Quam
1057 3770 1174 3814 vos,
1193 3767 1447 3804 senatores.
1477 3755 1628 3804 Sede·

607 3834 726 3881 bant
761 3835 892 3881 enim
921 3832 1111 3894 judices
1139 3844 1242 3882 tum
1276 3835 1490 3898 equites,
1526 3846 1630 3883 tum

607 3924 879 3973 senatores,
908 3911 1012 3975 lege
1032 3912 1287 3971 judiciaria
1306 3948 1321 3972 ,
1347 3930 1493 3978 quam
1519 3915 1631 3963 tulit

610 3990 835 4040 Aurelius
861 3993 1031 4049 Cotta,
1057 4003 1257 4055 praetor‚
1282 4009 1361 4039 an.
1387 3995 1509 4041 683.

682 4088 732 4119 α.
760 4073 833 4118 De
854 4071 949 4119 bac
966 4069 1074 4135 ipsa
1093 4071 1358 4135 qteoem‘one
1374 4068 1631 4136 referente.

612 4151 854 4199 Nimirum
894 4148 956 4198 ad
992 4160 1227 4198 senatum.
1255 4150 1439 4201 Consul
1473 4160 1632 4199 autem

1715 3206 1891 3254 referre
1919 3203 2172 3252 dicebatur
2187 3239 2203 3265 ‚
2225 3219 2376 3268 quum
2401 3219 2506 3251 rem
2528 3204 2745 3267 aliquam

1715 3285 2015 3333 senatoribus
2043 3282 2443 3331 considerandam
2478 3299 2536 3331 ac
2572 3283 2744 3330 decer·

1717 3365 1926 3412 nendum
1964 3374 2291 3428 proponeret,
2328 3374 2381 3411 ut
2421 3372 2751 3410 senatuscon-

1718 3443 1898 3491 sultum
1926 3441 2078 3490 fieret.

1794 3523 1842 3569 3.
1876 3520 2090 3568 Tribuni.
2118 3518 2234 3568 Scil.
2265 3519 2500 3568 militum:
2534 3532 2752 3582 φαιιιοι·

1719 3599 1940 3647 tribunos
1980 3599 2187 3647 lubebat
2228 3613 2434 3662 quaeque
2482 3598 2633 3661 legio·
2677 3625 2753 3635 —

1717 3676 1958 3742 Proeseeeae'.
1987 3677 2099 3726 Scil.
2123 3679 2365 3740 equitum.

1790 3764 1840 3812 4.
1881 3759 1988 3804 Hoc
2027 3756 2213 3804 αηὺηο.
2266 3756 2405 3803 Illam
2457 3755 2754 3804 brevitatem

1721 3851 1824 3882 non
1873 3834 2052 3900 probat
2100 3834 2288 3882 Weisk.
2339 3845 2488 3898 atque
2531 3834 2756 3883 additum

1719 3914 1902 3977 aliquid
1934 3930 2036 3961 esse
2076 3924 2246 3977 putat,
2284 3923 2342 3960 ut
2378 3924 2428 3961 ee
2463 3930 2597 3961 nunc
2629 3914 2756 3971 erit,

1722 4002 1805 4039 aut
1832 4003 1882 4039 ee
1906 4009 2037 4040 nune
2068 4009 2169 4040 esse
2194 3992 2410 4054 debebit,
2446 3993 2588 4056 quod
2623 4010 2758 4041 nunc

1720 4071 1933 4118 evanuit.

1796 4151 1845 4200 5.
1905 4151 2112 4199 Glaucia
2159 4149 2360 4198 solebat.
2415 4152 2472 4200 C.
2522 4150 2762 4198 Servilius
