<?xml version="1.0" encoding="UTF-8"?>
<!DOCTYPE html PUBLIC "-//W3C//DTD XHTML 1.0 Transitional//EN"
    "http://www.w3.org/TR/xhtml1/DTD/xhtml1-transitional.dtd">
<html xmlns="http://www.w3.org/1999/xhtml" xml:lang="en" lang="en">
 <head>
  <title>
</title>
<meta http-equiv="Content-Type" content="text/html;charset=utf-8" />
  <meta name='ocr-system' content='tesseract 3.04.00' />
  <meta name='ocr-capabilities' content='ocr_page ocr_carea ocr_par ocr_line ocrx_word'/>
</head>
<body>
  <div class='ocr_page' id='page_1' title='image "./mtciceronisquae06lemagoog_0582.png"; bbox 0 0 2994 4778; ppageno 0'>
   <div class='ocr_carea' id='block_1_1' title="bbox 638 433 2115 531">
    <p class='ocr_par' dir='ltr' id='par_1_1' title="bbox 638 433 2115 531">
     <span class='ocr_line' id='line_1_1' title="bbox 638 433 2115 531; baseline -0.002 -25"><span class='ocrx_word' id='word_1_1' title='bbox 638 433 775 531; x_wconf 82' lang='lat'>572</span> <span class='ocrx_word' id='word_1_2' title='bbox 914 443 925 452; x_wconf 94' lang='lat'>·</span> <span class='ocrx_word' id='word_1_3' title='bbox 1274 437 1371 503; x_wconf 87' lang='grc' dir='ltr'>Μ.</span> <span class='ocrx_word' id='word_1_4' title='bbox 1422 437 1500 504; x_wconf 90' lang='lat' dir='ltr'>T.</span> <span class='ocrx_word' id='word_1_5' title='bbox 1553 436 2115 505; x_wconf 76' lang='lat' dir='ltr'>clcERoms</span> 
     </span>
    </p>
   </div>
   <div class='ocr_carea' id='block_1_2' title="bbox 631 553 2759 2844">
    <p class='ocr_par' dir='ltr' id='par_1_2' title="bbox 631 553 2759 2074">
     <span class='ocr_line' id='line_1_2' title="bbox 637 553 2754 652; baseline 0 -25"><span class='ocrx_word' id='word_1_6' title='bbox 637 557 944 627; x_wconf 86' lang='lat' dir='ltr'>curitas¹</span> <span class='ocrx_word' id='word_1_7' title='bbox 1019 553 1380 652; x_wconf 64' lang='lat' dir='ltr'>quaedam,</span> <span class='ocrx_word' id='word_1_8' title='bbox 1446 571 1600 626; x_wconf 86' lang='lat' dir='ltr'>erat</span> <span class='ocrx_word' id='word_1_9' title='bbox 1656 572 2023 628; x_wconf 85' lang='lat' dir='ltr'>certamen</span> <span class='ocrx_word' id='word_1_10' title='bbox 2082 556 2265 625; x_wconf 87' lang='lat' dir='ltr'>inter</span> <span class='ocrx_word' id='word_1_11' title='bbox 2327 555 2754 627; x_wconf 86' lang='lat' dir='ltr'>clarissimos</span> 
     </span>
     <span class='ocr_line' id='line_1_3' title="bbox 634 663 2758 763; baseline 0 -28"><span class='ocrx_word' id='word_1_12' title='bbox 634 666 855 736; x_wconf 86' lang='lat' dir='ltr'>duces</span> <span class='ocrx_word' id='word_1_13' title='bbox 885 693 901 734; x_wconf 74' lang='grc' dir='ltr'>ε</span> <span class='ocrx_word' id='word_1_14' title='bbox 934 665 1144 735; x_wconf 90' lang='lat' dir='ltr'>multi</span> <span class='ocrx_word' id='word_1_15' title='bbox 1167 663 1596 736; x_wconf 85' lang='lat' dir='ltr'>dubitabant</span> <span class='ocrx_word' id='word_1_16' title='bbox 1614 720 1634 752; x_wconf 86' lang='lat'>‚</span> <span class='ocrx_word' id='word_1_17' title='bbox 1671 665 1851 763; x_wconf 88' lang='lat' dir='ltr'>quid</span> <span class='ocrx_word' id='word_1_18' title='bbox 1878 667 2232 763; x_wconf 86' lang='lat' dir='ltr'>optimum</span> <span class='ocrx_word' id='word_1_19' title='bbox 2260 679 2486 752; x_wconf 88' lang='lat' dir='ltr'>esset;</span> <span class='ocrx_word' id='word_1_20' title='bbox 2517 666 2758 750; x_wconf 84' lang='lat' dir='ltr'>multi,</span> 
     </span>
     <span class='ocr_line' id='line_1_4' title="bbox 636 772 2758 873; baseline 0 -28"><span class='ocrx_word' id='word_1_21' title='bbox 636 774 816 872; x_wconf 90' lang='lat' dir='ltr'>quid</span> <span class='ocrx_word' id='word_1_22' title='bbox 876 773 1014 846; x_wconf 84' lang='lat' dir='ltr'>sibi</span> <span class='ocrx_word' id='word_1_23' title='bbox 1065 774 1468 873; x_wconf 83' lang='lat' dir='ltr'>expediret;</span> <span class='ocrx_word' id='word_1_24' title='bbox 1525 776 1769 863; x_wconf 87' lang='lat' dir='ltr'>multi,</span> <span class='ocrx_word' id='word_1_25' title='bbox 1826 774 2004 873; x_wconf 89' lang='lat' dir='ltr'>quid</span> <span class='ocrx_word' id='word_1_26' title='bbox 2049 772 2363 862; x_wconf 79' lang='lat' dir='ltr'>deceret3</span> <span class='ocrx_word' id='word_1_27' title='bbox 2421 775 2758 846; x_wconf 86' lang='lat' dir='ltr'>nonnulli</span> 
     </span>
     <span class='ocr_line' id='line_1_5' title="bbox 637 882 2758 982; baseline -0.001 -25"><span class='ocrx_word' id='word_1_28' title='bbox 637 885 884 974; x_wconf 86' lang='lat' dir='ltr'>etiam,</span> <span class='ocrx_word' id='word_1_29' title='bbox 921 883 1096 982; x_wconf 92' lang='lat' dir='ltr'>quid</span> <span class='ocrx_word' id='word_1_30' title='bbox 1137 886 1400 956; x_wconf 86' lang='lat' dir='ltr'>liceret.</span> <span class='ocrx_word' id='word_1_31' title='bbox 1443 883 1824 957; x_wconf 88' lang='lat' dir='ltr'>Perfuncta</span> <span class='ocrx_word' id='word_1_32' title='bbox 1854 882 2264 981; x_wconf 83' lang='lat' dir='ltr'>respublica</span> <span class='ocrx_word' id='word_1_33' title='bbox 2297 897 2399 953; x_wconf 87' lang='lat' dir='ltr'>est</span> <span class='ocrx_word' id='word_1_34' title='bbox 2431 883 2579 954; x_wconf 92' lang='lat' dir='ltr'>hoc</span> <span class='ocrx_word' id='word_1_35' title='bbox 2624 887 2758 954; x_wconf 89' lang='lat' dir='ltr'>mi·</span> 
     </span>
     <span class='ocr_line' id='line_1_6' title="bbox 636 992 2758 1092; baseline -0.001 -25"><span class='ocrx_word' id='word_1_36' title='bbox 636 1019 799 1067; x_wconf 82' lang='lat' dir='ltr'>sero</span> <span class='ocrx_word' id='word_1_37' title='bbox 835 993 1174 1092; x_wconf 83' lang='lat' dir='ltr'>fatalique</span> <span class='ocrx_word' id='word_1_38' title='bbox 1196 994 1391 1067; x_wconf 89' lang='lat' dir='ltr'>bello</span> <span class='ocrx_word' id='word_1_39' title='bbox 1411 1008 1440 1038; x_wconf 83' lang='lat'>²</span> <span class='ocrx_word' id='word_1_40' title='bbox 1477 997 1692 1066; x_wconf 82' lang='lat' dir='ltr'>:vicit</span> <span class='ocrx_word' id='word_1_41' title='bbox 1718 999 1804 1080; x_wconf 87' lang='lat' dir='ltr'>is,</span> <span class='ocrx_word' id='word_1_42' title='bbox 1830 996 2129 1091; x_wconf 90' lang='lat' dir='ltr'>quinon</span> <span class='ocrx_word' id='word_1_43' title='bbox 2161 992 2449 1065; x_wconf 82' lang='lat' dir='ltr'>fortuna</span> <span class='ocrx_word' id='word_1_44' title='bbox 2473 994 2758 1064; x_wconf 88' lang='lat' dir='ltr'>inflam-</span> 
     </span>
     <span class='ocr_line' id='line_1_7' title="bbox 631 1101 2759 1202; baseline 0.001 -29"><span class='ocrx_word' id='word_1_45' title='bbox 631 1101 908 1175; x_wconf 84' lang='lat' dir='ltr'>maret³</span> <span class='ocrx_word' id='word_1_46' title='bbox 960 1101 1209 1174; x_wconf 90' lang='lat' dir='ltr'>odium</span> <span class='ocrx_word' id='word_1_47' title='bbox 1264 1128 1507 1186; x_wconf 85' lang='lat' dir='ltr'>suum,</span> <span class='ocrx_word' id='word_1_48' title='bbox 1561 1104 1690 1175; x_wconf 86' lang='lat' dir='ltr'>sed</span> <span class='ocrx_word' id='word_1_49' title='bbox 1743 1103 2070 1175; x_wconf 88' lang='lat' dir='ltr'>bonitate</span> <span class='ocrx_word' id='word_1_50' title='bbox 2115 1104 2409 1192; x_wconf 81' lang='lat' dir='ltr'>leniret3</span> <span class='ocrx_word' id='word_1_51' title='bbox 2455 1129 2593 1175; x_wconf 89' lang='lat' dir='ltr'>nec</span> <span class='ocrx_word' id='word_1_52' title='bbox 2634 1107 2759 1202; x_wconf 91' lang='lat' dir='ltr'>qui</span> 
     </span>
     <span class='ocr_line' id='line_1_8' title="bbox 633 1211 2757 1309; baseline 0 -27"><span class='ocrx_word' id='word_1_53' title='bbox 633 1236 928 1299; x_wconf 86' lang='lat' dir='ltr'>omnes,</span> <span class='ocrx_word' id='word_1_54' title='bbox 981 1211 1249 1309; x_wconf 68' lang='lat' dir='ltr'>quibus</span> <span class='ocrx_word' id='word_1_55' title='bbox 1302 1215 1521 1284; x_wconf 85' lang='lat' dir='ltr'>iratus</span> <span class='ocrx_word' id='word_1_56' title='bbox 1575 1228 1800 1298; x_wconf 87' lang='lat' dir='ltr'>esset,</span> <span class='ocrx_word' id='word_1_57' title='bbox 1852 1213 2144 1285; x_wconf 90' lang='lat' dir='ltr'>eosdem</span> <span class='ocrx_word' id='word_1_58' title='bbox 2203 1215 2421 1284; x_wconf 86' lang='lat' dir='ltr'>etiam</span> <span class='ocrx_word' id='word_1_59' title='bbox 2474 1212 2757 1299; x_wconf 86' lang='lat' dir='ltr'>exsilio,</span> 
     </span>
     <span class='ocr_line' id='line_1_9' title="bbox 636 1321 2758 1419; baseline 0.001 -28"><span class='ocrx_word' id='word_1_60' title='bbox 636 1336 762 1392; x_wconf 81' lang='lat' dir='ltr'>aut</span> <span class='ocrx_word' id='word_1_61' title='bbox 794 1337 1026 1394; x_wconf 88' lang='lat' dir='ltr'>morte</span> <span class='ocrx_word' id='word_1_62' title='bbox 1072 1322 1327 1419; x_wconf 88' lang='lat' dir='ltr'>dignos</span> <span class='ocrx_word' id='word_1_63' title='bbox 1357 1321 1737 1417; x_wconf 85' lang='lat' dir='ltr'>judicaret.</span> <span class='ocrx_word' id='word_1_64' title='bbox 1774 1328 1990 1393; x_wconf 88' lang='lat' dir='ltr'>Arma</span> <span class='ocrx_word' id='word_1_65' title='bbox 2019 1321 2110 1393; x_wconf 89' lang='lat' dir='ltr'>ab</span> <span class='ocrx_word' id='word_1_66' title='bbox 2143 1322 2294 1392; x_wconf 89' lang='lat' dir='ltr'>aliis</span> <span class='ocrx_word' id='word_1_67' title='bbox 2328 1323 2596 1419; x_wconf 88' lang='lat' dir='ltr'>posita,</span> <span class='ocrx_word' id='word_1_68' title='bbox 2618 1321 2758 1394; x_wconf 74' lang='lat' dir='ltr'>ab⁴</span> 
     </span>
     <span class='ocr_line' id='line_1_10' title="bbox 635 1427 2756 1529; baseline 0.001 -29"><span class='ocrx_word' id='word_1_69' title='bbox 635 1430 789 1501; x_wconf 84' lang='lat' dir='ltr'>aliis</span> <span class='ocrx_word' id='word_1_70' title='bbox 866 1446 1111 1529; x_wconf 87' lang='lat' dir='ltr'>erepta</span> <span class='ocrx_word' id='word_1_71' title='bbox 1177 1446 1368 1503; x_wconf 91' lang='lat' dir='ltr'>sunt.</span> <span class='ocrx_word' id='word_1_72' title='bbox 1436 1436 1765 1529; x_wconf 81' lang='lat' dir='ltr'>Ingratus</span> <span class='ocrx_word' id='word_1_73' title='bbox 1815 1446 1923 1503; x_wconf 85' lang='lat' dir='ltr'>est</span> <span class='ocrx_word' id='word_1_74' title='bbox 1988 1427 2495 1528; x_wconf 87' lang='lat' dir='ltr'>injustusque⁵</span> <span class='ocrx_word' id='word_1_75' title='bbox 2547 1434 2756 1519; x_wconf 83' lang='lat' dir='ltr'>civiS,</span> 
     </span>
     <span class='ocr_line' id='line_1_11' title="bbox 634 1541 2757 1639; baseline 0 -29"><span class='ocrx_word' id='word_1_76' title='bbox 634 1544 763 1635; x_wconf 92' lang='lat' dir='ltr'>qui</span> <span class='ocrx_word' id='word_1_77' title='bbox 780 1593 800 1627; x_wconf 92' lang='lat'>,</span> <span class='ocrx_word' id='word_1_78' title='bbox 827 1565 1190 1612; x_wconf 85' lang='lat' dir='ltr'>armorum</span> <span class='ocrx_word' id='word_1_79' title='bbox 1220 1541 1543 1639; x_wconf 88' lang='lat' dir='ltr'>periculo</span> <span class='ocrx_word' id='word_1_80' title='bbox 1571 1541 1950 1628; x_wconf 85' lang='lat' dir='ltr'>liberatus,</span> <span class='ocrx_word' id='word_1_81' title='bbox 1975 1544 2294 1611; x_wconf 85' lang='lat' dir='ltr'>animum</span> <span class='ocrx_word' id='word_1_82' title='bbox 2319 1555 2566 1612; x_wconf 88' lang='lat' dir='ltr'>tamen</span> <span class='ocrx_word' id='word_1_83' title='bbox 2594 1545 2757 1611; x_wconf 86' lang='lat' dir='ltr'>reti-</span> 
     </span>
     <span class='ocr_line' id='line_1_12' title="bbox 634 1650 2756 1747; baseline 0.001 -29"><span class='ocrx_word' id='word_1_84' title='bbox 634 1665 763 1719; x_wconf 85' lang='lat' dir='ltr'>net</span> <span class='ocrx_word' id='word_1_85' title='bbox 805 1667 1157 1722; x_wconf 87' lang='lat' dir='ltr'>armatum</span> <span class='ocrx_word' id='word_1_86' title='bbox 1211 1679 1228 1722; x_wconf 76' lang='lat' dir='ltr'><strong><em>z</em></strong></span> <span class='ocrx_word' id='word_1_87' title='bbox 1284 1667 1368 1722; x_wconf 87' lang='lat' dir='ltr'>ut</span> <span class='ocrx_word' id='word_1_88' title='bbox 1411 1656 1628 1722; x_wconf 87' lang='lat' dir='ltr'>etiam</span> <span class='ocrx_word' id='word_1_89' title='bbox 1676 1651 1793 1721; x_wconf 91' lang='lat' dir='ltr'>ille</span> <span class='ocrx_word' id='word_1_90' title='bbox 1842 1652 1933 1722; x_wconf 89' lang='lat' dir='ltr'>sit</span> <span class='ocrx_word' id='word_1_91' title='bbox 1982 1650 2260 1734; x_wconf 81' lang='lat' dir='ltr'>melior,</span> <span class='ocrx_word' id='word_1_92' title='bbox 2317 1651 2445 1747; x_wconf 90' lang='lat' dir='ltr'>qui</span> <span class='ocrx_word' id='word_1_93' title='bbox 2485 1651 2564 1720; x_wconf 88' lang='lat' dir='ltr'>in</span> <span class='ocrx_word' id='word_1_94' title='bbox 2607 1653 2756 1721; x_wconf 84' lang='lat' dir='ltr'>acie</span> 
     </span>
     <span class='ocr_line' id='line_1_13' title="bbox 633 1756 2753 1858; baseline 0 -31"><span class='ocrx_word' id='word_1_95' title='bbox 633 1758 924 1846; x_wconf 87' lang='lat' dir='ltr'>cecidit,</span> <span class='ocrx_word' id='word_1_96' title='bbox 983 1761 1112 1856; x_wconf 90' lang='lat' dir='ltr'>qui</span> <span class='ocrx_word' id='word_1_97' title='bbox 1159 1762 1234 1830; x_wconf 91' lang='lat' dir='ltr'>in</span> <span class='ocrx_word' id='word_1_98' title='bbox 1286 1785 1497 1831; x_wconf 89' lang='lat' dir='ltr'>causa</span> <span class='ocrx_word' id='word_1_99' title='bbox 1538 1765 1845 1832; x_wconf 86' lang='lat' dir='ltr'>animam</span> <span class='ocrx_word' id='word_1_100' title='bbox 1897 1756 2308 1858; x_wconf 73' lang='lat' dir='ltr'>profudit63</span> <span class='ocrx_word' id='word_1_101' title='bbox 2357 1783 2524 1854; x_wconf 62' lang='lat' dir='ltr'>quae</span> <span class='ocrx_word' id='word_1_102' title='bbox 2564 1762 2753 1829; x_wconf 89' lang='lat' dir='ltr'>enim</span> 
     </span>
     <span class='ocr_line' id='line_1_14' title="bbox 632 1868 2751 1966; baseline 0 -29"><span class='ocrx_word' id='word_1_103' title='bbox 632 1870 1020 1964; x_wconf 84' lang='lat' dir='ltr'>pertinacia</span> <span class='ocrx_word' id='word_1_104' title='bbox 1073 1870 1550 1966; x_wconf 88' lang='lat' dir='ltr'>quibusdam,</span> <span class='ocrx_word' id='word_1_105' title='bbox 1602 1870 1849 1941; x_wconf 88' lang='lat' dir='ltr'>eadem</span> <span class='ocrx_word' id='word_1_106' title='bbox 1907 1869 2057 1941; x_wconf 90' lang='lat' dir='ltr'>aliis</span> <span class='ocrx_word' id='word_1_107' title='bbox 2092 1870 2496 1940; x_wconf 88' lang='lat' dir='ltr'>constantia</span> <span class='ocrx_word' id='word_1_108' title='bbox 2535 1868 2751 1939; x_wconf 78' lang='lat' dir='ltr'>videri</span> 
     </span>
     <span class='ocr_line' id='line_1_15' title="bbox 634 1992 2350 2074; baseline 0 -26"><span class='ocrx_word' id='word_1_109' title='bbox 634 1992 898 2074; x_wconf 88' lang='lat' dir='ltr'>potest.</span> <span class='ocrx_word' id='word_1_110' title='bbox 2343 2041 2350 2048; x_wconf 92' lang='lat'>.</span> 
     </span>
    </p>

    <p class='ocr_par' dir='ltr' id='par_1_3' title="bbox 631 2086 2752 2844">
     <span class='ocr_line' id='line_1_16' title="bbox 726 2086 2751 2183; baseline 0 -26"><span class='ocrx_word' id='word_1_111' title='bbox 726 2086 868 2158; x_wconf 88' lang='lat' dir='ltr'>Sed</span> <span class='ocrx_word' id='word_1_112' title='bbox 904 2088 1054 2183; x_wconf 88' lang='lat' dir='ltr'>jam</span> <span class='ocrx_word' id='word_1_113' title='bbox 1107 2095 1340 2162; x_wconf 88' lang='lat' dir='ltr'>omnis</span> <span class='ocrx_word' id='word_1_114' title='bbox 1391 2090 1611 2161; x_wconf 85' lang='lat' dir='ltr'>fracta</span> <span class='ocrx_word' id='word_1_115' title='bbox 1654 2089 1999 2161; x_wconf 84' lang='lat' dir='ltr'>dissensio</span> <span class='ocrx_word' id='word_1_116' title='bbox 2043 2103 2150 2159; x_wconf 89' lang='lat' dir='ltr'>est</span> <span class='ocrx_word' id='word_1_117' title='bbox 2197 2091 2459 2176; x_wconf 88' lang='lat' dir='ltr'>armis,</span> <span class='ocrx_word' id='word_1_118' title='bbox 2512 2103 2586 2159; x_wconf 87' lang='lat' dir='ltr'>et</span> <span class='ocrx_word' id='word_1_119' title='bbox 2631 2114 2751 2158; x_wconf 85' lang='lat' dir='ltr'>ex-</span> 
     </span>
     <span class='ocr_line' id='line_1_17' title="bbox 632 2197 2750 2294; baseline 0.001 -29"><span class='ocrx_word' id='word_1_120' title='bbox 632 2198 890 2267; x_wconf 84' lang='lat' dir='ltr'>stincta</span> <span class='ocrx_word' id='word_1_121' title='bbox 912 2199 1245 2294; x_wconf 72' lang='lat' dir='ltr'>aequitate</span> <span class='ocrx_word' id='word_1_122' title='bbox 1267 2201 1555 2271; x_wconf 87' lang='lat' dir='ltr'>victoris</span> <span class='ocrx_word' id='word_1_123' title='bbox 1576 2228 1592 2269; x_wconf 91' lang='lat'><strong>:</strong></span> <span class='ocrx_word' id='word_1_124' title='bbox 1610 2212 1848 2282; x_wconf 85' lang='lat' dir='ltr'>restat,</span> <span class='ocrx_word' id='word_1_125' title='bbox 1872 2214 1956 2269; x_wconf 89' lang='lat' dir='ltr'>ut</span> <span class='ocrx_word' id='word_1_126' title='bbox 1973 2222 2226 2284; x_wconf 87' lang='lat' dir='ltr'>omnes</span> <span class='ocrx_word' id='word_1_127' title='bbox 2245 2221 2477 2269; x_wconf 87' lang='lat' dir='ltr'>unum</span> <span class='ocrx_word' id='word_1_128' title='bbox 2508 2197 2750 2283; x_wconf 87' lang='lat' dir='ltr'>velint,</span> 
     </span>
     <span class='ocr_line' id='line_1_18' title="bbox 632 2304 2750 2406; baseline 0.001 -32"><span class='ocrx_word' id='word_1_129' title='bbox 632 2307 762 2402; x_wconf 92' lang='lat' dir='ltr'>qui</span> <span class='ocrx_word' id='word_1_130' title='bbox 804 2306 1026 2378; x_wconf 89' lang='lat' dir='ltr'>modo</span> <span class='ocrx_word' id='word_1_131' title='bbox 1080 2308 1351 2381; x_wconf 87' lang='lat' dir='ltr'>habent</span> <span class='ocrx_word' id='word_1_132' title='bbox 1387 2308 1654 2406; x_wconf 87' lang='lat' dir='ltr'>aliquid</span> <span class='ocrx_word' id='word_1_133' title='bbox 1691 2332 1842 2378; x_wconf 89' lang='lat' dir='ltr'>non</span> <span class='ocrx_word' id='word_1_134' title='bbox 1895 2306 2127 2377; x_wconf 88' lang='lat' dir='ltr'>solum</span> <span class='ocrx_word' id='word_1_135' title='bbox 2183 2306 2592 2404; x_wconf 79' lang='lat' dir='ltr'>sapientiae,</span> <span class='ocrx_word' id='word_1_136' title='bbox 2634 2304 2750 2376; x_wconf 85' lang='lat' dir='ltr'>sed</span> 
     </span>
     <span class='ocr_line' id='line_1_19' title="bbox 633 2416 2752 2506; baseline 0 -21"><span class='ocrx_word' id='word_1_137' title='bbox 633 2416 848 2487; x_wconf 89' lang='lat' dir='ltr'>etiam</span> <span class='ocrx_word' id='word_1_138' title='bbox 895 2420 1215 2490; x_wconf 89' lang='lat' dir='ltr'>sanitatis</span> <span class='ocrx_word' id='word_1_139' title='bbox 1236 2432 1286 2488; x_wconf 84' lang='lat'>⁷.</span> <span class='ocrx_word' id='word_1_140' title='bbox 1333 2421 1481 2490; x_wconf 89' lang='lat' dir='ltr'>Nisi</span> <span class='ocrx_word' id='word_1_141' title='bbox 1531 2433 1639 2506; x_wconf 83' lang='lat' dir='ltr'>te,</span> <span class='ocrx_word' id='word_1_142' title='bbox 1693 2422 1770 2488; x_wconf 92' lang='lat' dir='ltr'>C.</span> <span class='ocrx_word' id='word_1_143' title='bbox 1818 2422 2070 2501; x_wconf 84' lang='lat' dir='ltr'>Caesar,</span> <span class='ocrx_word' id='word_1_144' title='bbox 2117 2416 2350 2501; x_wconf 86' lang='lat' dir='ltr'>salvo,</span> <span class='ocrx_word' id='word_1_145' title='bbox 2405 2430 2479 2486; x_wconf 87' lang='lat' dir='ltr'>et</span> <span class='ocrx_word' id='word_1_146' title='bbox 2515 2419 2590 2486; x_wconf 91' lang='lat' dir='ltr'>in</span> <span class='ocrx_word' id='word_1_147' title='bbox 2627 2420 2752 2487; x_wconf 86' lang='lat' dir='ltr'>ista</span> 
     </span>
     <span class='ocr_line' id='line_1_20' title="bbox 631 2525 2751 2625; baseline 0.001 -31"><span class='ocrx_word' id='word_1_148' title='bbox 631 2529 1024 2613; x_wconf 88' lang='lat' dir='ltr'>sententia,</span> <span class='ocrx_word' id='word_1_149' title='bbox 1075 2552 1219 2624; x_wconf 89' lang='lat' dir='ltr'>qua</span> <span class='ocrx_word' id='word_1_150' title='bbox 1262 2552 1487 2625; x_wconf 90' lang='lat' dir='ltr'>quum</span> <span class='ocrx_word' id='word_1_151' title='bbox 1530 2542 1779 2615; x_wconf 88' lang='lat' dir='ltr'>antea,</span> <span class='ocrx_word' id='word_1_152' title='bbox 1830 2541 1981 2596; x_wconf 89' lang='lat' dir='ltr'>tum</span> <span class='ocrx_word' id='word_1_153' title='bbox 2021 2525 2238 2596; x_wconf 89' lang='lat' dir='ltr'>hodie</span> <span class='ocrx_word' id='word_1_154' title='bbox 2293 2526 2408 2596; x_wconf 79' lang='lat' dir='ltr'>vel</span> <span class='ocrx_word' id='word_1_155' title='bbox 2448 2530 2751 2596; x_wconf 84' lang='lat' dir='ltr'>maxime</span> 
     </span>
     <span class='ocr_line' id='line_1_21' title="bbox 631 2638 2749 2733; baseline 0.001 -30"><span class='ocrx_word' id='word_1_156' title='bbox 631 2658 807 2706; x_wconf 90' lang='lat' dir='ltr'>usus</span> <span class='ocrx_word' id='word_1_157' title='bbox 860 2661 974 2722; x_wconf 88' lang='lat' dir='ltr'>es,</span> <span class='ocrx_word' id='word_1_158' title='bbox 1035 2652 1398 2727; x_wconf 87' lang='lat' dir='ltr'>manente,</span> <span class='ocrx_word' id='word_1_159' title='bbox 1445 2638 1617 2708; x_wconf 90' lang='lat' dir='ltr'>salvi</span> <span class='ocrx_word' id='word_1_160' title='bbox 1670 2661 1824 2707; x_wconf 88' lang='lat' dir='ltr'>esse</span> <span class='ocrx_word' id='word_1_161' title='bbox 1862 2661 2011 2706; x_wconf 91' lang='lat' dir='ltr'>non</span> <span class='ocrx_word' id='word_1_162' title='bbox 2049 2659 2456 2733; x_wconf 78' lang='lat' dir='ltr'>possumus,</span> <span class='ocrx_word' id='word_1_163' title='bbox 2515 2638 2749 2725; x_wconf 83' lang='lat' dir='ltr'>Quare</span> 
     </span>
     <span class='ocr_line' id='line_1_22' title="bbox 632 2744 2747 2844; baseline -0 -29"><span class='ocrx_word' id='word_1_164' title='bbox 632 2769 885 2835; x_wconf 86' lang='lat' dir='ltr'>omnes</span> <span class='ocrx_word' id='word_1_165' title='bbox 927 2761 999 2817; x_wconf 89' lang='lat' dir='ltr'>te</span> <span class='ocrx_word' id='word_1_166' title='bbox 1017 2800 1039 2833; x_wconf 91' lang='lat'><em>,</em></span> <span class='ocrx_word' id='word_1_167' title='bbox 1086 2750 1215 2844; x_wconf 92' lang='lat' dir='ltr'>qui</span> <span class='ocrx_word' id='word_1_168' title='bbox 1242 2747 1393 2819; x_wconf 87' lang='lat' dir='ltr'>haec</span> <span class='ocrx_word' id='word_1_169' title='bbox 1426 2748 1613 2817; x_wconf 85' lang='lat' dir='ltr'>salva</span> <span class='ocrx_word' id='word_1_170' title='bbox 1656 2770 1808 2818; x_wconf 89' lang='lat' dir='ltr'>esse</span> <span class='ocrx_word' id='word_1_171' title='bbox 1836 2745 2206 2831; x_wconf 79' lang='lat' dir='ltr'>volumuS‚</span> <span class='ocrx_word' id='word_1_172' title='bbox 2241 2760 2314 2815; x_wconf 87' lang='lat' dir='ltr'>et</span> <span class='ocrx_word' id='word_1_173' title='bbox 2348 2744 2747 2830; x_wconf 84' lang='lat' dir='ltr'>hortamur,</span> 
     </span>
    </p>
   </div>
   <div class='ocr_carea' id='block_1_3' title="bbox 588 2957 2747 4210">
    <p class='ocr_par' dir='ltr' id='par_1_4' title="bbox 588 2957 2747 3507">
     <span class='ocr_line' id='line_1_23' title="bbox 699 2957 2744 3034; baseline 0 -19"><span class='ocrx_word' id='word_1_174' title='bbox 699 2969 769 3016; x_wconf 77' lang='lat' dir='ltr'>X.</span> <span class='ocrx_word' id='word_1_175' title='bbox 801 2957 1175 3021; x_wconf 24' lang='lat' dir='ltr'>neobscun‘tbs.</span> <span class='ocrx_word' id='word_1_176' title='bbox 1202 2969 1337 3032; x_wconf 86' lang='lat' dir='ltr'>Quid</span> <span class='ocrx_word' id='word_1_177' title='bbox 1361 2970 1641 3034; x_wconf 75' lang='lat' dir='ltr'>reipublicae</span> <span class='ocrx_word' id='word_1_178' title='bbox 1726 2980 1801 3017; x_wconf 87' lang='lat' dir='ltr'>est</span> <span class='ocrx_word' id='word_1_179' title='bbox 1844 2967 2073 3015; x_wconf 72' lang='lat' dir='ltr'>adversus</span> <span class='ocrx_word' id='word_1_180' title='bbox 2104 2969 2339 3017; x_wconf 65' lang='lat' dir='ltr'>cmm</span> <span class='ocrx_word' id='word_1_181' title='bbox 2362 3003 2377 3026; x_wconf 94' lang='lat'><strong><em>‚</em></strong></span> <span class='ocrx_word' id='word_1_182' title='bbox 2413 2968 2496 3015; x_wconf 86' lang='lat' dir='ltr'>cui</span> <span class='ocrx_word' id='word_1_183' title='bbox 2548 2968 2744 3015; x_wconf 73' lang='lat' dir='ltr'>salutem</span> 
     </span>
     <span class='ocr_line' id='line_1_24' title="bbox 629 3045 2747 3109; baseline 0 -15"><span class='ocrx_word' id='word_1_184' title='bbox 629 3046 957 3105; x_wconf 51' lang='lat' dir='ltr'>conducerem</span> <span class='ocrx_word' id='word_1_185' title='bbox 984 3047 1115 3095; x_wconf 84' lang='lat' dir='ltr'>unde</span> <span class='ocrx_word' id='word_1_186' title='bbox 1128 3050 1210 3109; x_wconf 80' lang='lat' dir='ltr'>jns</span> <span class='ocrx_word' id='word_1_187' title='bbox 1226 3060 1274 3095; x_wconf 87' lang='lat' dir='ltr'>et</span> <span class='ocrx_word' id='word_1_188' title='bbox 1294 3065 1459 3096; x_wconf 82' lang='lat' dir='ltr'>verum</span> <span class='ocrx_word' id='word_1_189' title='bbox 1478 3057 1641 3097; x_wconf 78' lang='lat' dir='ltr'>staret.</span> <span class='ocrx_word' id='word_1_190' title='bbox 1729 3046 1897 3104; x_wconf 86' lang='lat' dir='ltr'>debet;</span> <span class='ocrx_word' id='word_1_191' title='bbox 1934 3047 2142 3106; x_wconf 80' lang='lat' dir='ltr'>injustus</span> <span class='ocrx_word' id='word_1_192' title='bbox 2159 3080 2175 3102; x_wconf 87' lang='lat'>‚</span> <span class='ocrx_word' id='word_1_193' title='bbox 2201 3046 2314 3108; x_wconf 73' lang='lat' dir='ltr'>quin</span> <span class='ocrx_word' id='word_1_194' title='bbox 2340 3060 2443 3092; x_wconf 83' lang='lat' dir='ltr'>non</span> <span class='ocrx_word' id='word_1_195' title='bbox 2468 3045 2574 3104; x_wconf 78' lang='lat' dir='ltr'>jam</span> <span class='ocrx_word' id='word_1_196' title='bbox 2599 3047 2747 3094; x_wconf 71' lang='lat' dir='ltr'>laces-</span> 
     </span>
     <span class='ocr_line' id='line_1_25' title="bbox 628 3125 2567 3189; baseline 0.001 -16"><span class='ocrx_word' id='word_1_197' title='bbox 628 3126 813 3174; x_wconf 81' lang='lat' dir='ltr'>Conser</span> <span class='ocrx_word' id='word_1_198' title='bbox 852 3128 903 3174; x_wconf 89' lang='lat' dir='ltr'>in</span> <span class='ocrx_word' id='word_1_199' title='bbox 942 3125 1160 3175; x_wconf 74' lang='lat' dir='ltr'>eamdem</span> <span class='ocrx_word' id='word_1_200' title='bbox 1200 3128 1484 3176; x_wconf 73' lang='lat' dir='ltr'>sententiam</span> <span class='ocrx_word' id='word_1_201' title='bbox 1519 3138 1642 3176; x_wconf 76' lang='lat' dir='ltr'>orat.</span> <span class='ocrx_word' id='word_1_202' title='bbox 1731 3129 1850 3174; x_wconf 78' lang='lat' dir='ltr'>situs</span> <span class='ocrx_word' id='word_1_203' title='bbox 1876 3126 2015 3174; x_wconf 72' lang='lat' dir='ltr'>alteri</span> <span class='ocrx_word' id='word_1_204' title='bbox 2041 3127 2142 3173; x_wconf 83' lang='lat' dir='ltr'>vim</span> <span class='ocrx_word' id='word_1_205' title='bbox 2167 3126 2343 3172; x_wconf 83' lang='lat' dir='ltr'>inferre</span> <span class='ocrx_word' id='word_1_206' title='bbox 2370 3126 2567 3189; x_wconf 62' lang='lat' dir='ltr'>qna-rit.</span> 
     </span>
     <span class='ocr_line' id='line_1_26' title="bbox 625 3202 2745 3270; baseline 0 -19"><span class='ocrx_word' id='word_1_207' title='bbox 625 3219 719 3268; x_wconf 82' lang='lat' dir='ltr'>pro</span> <span class='ocrx_word' id='word_1_208' title='bbox 746 3205 902 3268; x_wconf 68' lang='lat' dir='ltr'>Ligur.</span> <span class='ocrx_word' id='word_1_209' title='bbox 925 3221 1034 3269; x_wconf 72' lang='lat' dir='ltr'>esp.</span> <span class='ocrx_word' id='word_1_210' title='bbox 1055 3208 1106 3253; x_wconf 88' lang='grc'>6.</span> <span class='ocrx_word' id='word_1_211' title='bbox 1803 3207 1854 3255; x_wconf 81' lang='grc'>6.</span> <span class='ocrx_word' id='word_1_212' title='bbox 1878 3209 1939 3254; x_wconf 84' lang='lat' dir='ltr'>In</span> <span class='ocrx_word' id='word_1_213' title='bbox 1966 3223 2012 3256; x_wconf 81' lang='lat' dir='ltr'>c.</span> <span class='ocrx_word' id='word_1_214' title='bbox 2042 3204 2236 3270; x_wconf 77' lang='lat' dir='ltr'>a.prof.</span> <span class='ocrx_word' id='word_1_215' title='bbox 2262 3208 2319 3251; x_wconf 87' lang='lat' dir='ltr'>In</span> <span class='ocrx_word' id='word_1_216' title='bbox 2340 3202 2644 3251; x_wconf 75' lang='lat' dir='ltr'>defendenda</span> <span class='ocrx_word' id='word_1_217' title='bbox 2668 3219 2745 3251; x_wconf 75' lang='lat' dir='ltr'>sun</span> 
     </span>
     <span class='ocr_line' id='line_1_27' title="bbox 588 3283 2743 3348; baseline -0.002 -15"><span class='ocrx_word' id='word_1_218' title='bbox 588 3320 607 3333; x_wconf 84' lang='grc'><strong><em>.</em></strong></span> <span class='ocrx_word' id='word_1_219' title='bbox 698 3298 747 3330; x_wconf 70' lang='lat' dir='ltr'>a.</span> <span class='ocrx_word' id='word_1_220' title='bbox 769 3283 1026 3347; x_wconf 77' lang='lat' dir='ltr'>Fatale&#39;que</span> <span class='ocrx_word' id='word_1_221' title='bbox 1044 3284 1184 3333; x_wconf 79' lang='lat' dir='ltr'>bello.</span> <span class='ocrx_word' id='word_1_222' title='bbox 1205 3284 1483 3333; x_wconf 76' lang='lat' dir='ltr'>Excusandi</span> <span class='ocrx_word' id='word_1_223' title='bbox 1503 3300 1643 3332; x_wconf 72' lang='lat' dir='ltr'>causa</span> <span class='ocrx_word' id='word_1_224' title='bbox 1677 3294 1682 3297; x_wconf 84' lang='lat'><em>&#39;</em></span> <span class='ocrx_word' id='word_1_225' title='bbox 1732 3301 1870 3334; x_wconf 73' lang='lat' dir='ltr'>cansa</span> <span class='ocrx_word' id='word_1_226' title='bbox 1900 3287 2009 3332; x_wconf 67' lang='lat' dir='ltr'>vit:</span> <span class='ocrx_word' id='word_1_227' title='bbox 2035 3283 2301 3348; x_wconf 81' lang='lat' dir='ltr'>perieulum</span> <span class='ocrx_word' id='word_1_228' title='bbox 2329 3284 2603 3340; x_wconf 68' lang='lat' dir='ltr'>arcessivit,</span> <span class='ocrx_word' id='word_1_229' title='bbox 2631 3299 2743 3330; x_wconf 83' lang='lat' dir='ltr'>mor·</span> 
     </span>
     <span class='ocr_line' id='line_1_28' title="bbox 626 3359 2745 3429; baseline 0.001 -22"><span class='ocrx_word' id='word_1_230' title='bbox 626 3359 852 3421; x_wconf 70' lang='lat' dir='ltr'>Caes-ris,</span> <span class='ocrx_word' id='word_1_231' title='bbox 871 3361 1050 3408; x_wconf 87' lang='lat' dir='ltr'>bellum</span> <span class='ocrx_word' id='word_1_232' title='bbox 1073 3362 1218 3410; x_wconf 80' lang='lat' dir='ltr'>civile</span> <span class='ocrx_word' id='word_1_233' title='bbox 1238 3364 1339 3410; x_wconf 79' lang='lat' dir='ltr'>fato</span> <span class='ocrx_word' id='word_1_234' title='bbox 1369 3374 1421 3410; x_wconf 89' lang='lat' dir='ltr'>et</span> <span class='ocrx_word' id='word_1_235' title='bbox 1449 3363 1641 3410; x_wconf 73' lang='lat' dir='ltr'>cuidam</span> <span class='ocrx_word' id='word_1_236' title='bbox 1731 3375 1826 3413; x_wconf 87' lang='lat' dir='ltr'>tem</span> <span class='ocrx_word' id='word_1_237' title='bbox 1868 3365 2124 3429; x_wconf 79' lang='lat' dir='ltr'>oppetivit.</span> <span class='ocrx_word' id='word_1_238' title='bbox 2172 3363 2423 3411; x_wconf 81' lang='lat' dir='ltr'>Wormins</span> <span class='ocrx_word' id='word_1_239' title='bbox 2466 3362 2530 3410; x_wconf 86' lang='lat' dir='ltr'>de</span> <span class='ocrx_word' id='word_1_240' title='bbox 2571 3364 2745 3411; x_wconf 76' lang='lat' dir='ltr'>Catone</span> 
     </span>
     <span class='ocr_line' id='line_1_29' title="bbox 627 3438 2744 3507; baseline 0.002 -25"><span class='ocrx_word' id='word_1_241' title='bbox 627 3438 900 3485; x_wconf 70' lang='lat' dir='ltr'>necessitati</span> <span class='ocrx_word' id='word_1_242' title='bbox 928 3439 1115 3489; x_wconf 82' lang='lat' dir='ltr'>tribuit.</span> <span class='ocrx_word' id='word_1_243' title='bbox 1728 3444 1810 3492; x_wconf 85' lang='lat' dir='ltr'>hic</span> <span class='ocrx_word' id='word_1_244' title='bbox 1834 3444 1908 3506; x_wconf 78' lang='lat' dir='ltr'>agi</span> <span class='ocrx_word' id='word_1_245' title='bbox 1933 3453 2073 3507; x_wconf 75' lang='lat' dir='ltr'>putat</span> <span class='ocrx_word' id='word_1_246' title='bbox 2090 3477 2104 3500; x_wconf 90' lang='lat'>,</span> <span class='ocrx_word' id='word_1_247' title='bbox 2141 3458 2230 3489; x_wconf 86' lang='lat' dir='ltr'>nec</span> <span class='ocrx_word' id='word_1_248' title='bbox 2260 3442 2363 3489; x_wconf 83' lang='lat' dir='ltr'>scio</span> <span class='ocrx_word' id='word_1_249' title='bbox 2405 3457 2467 3489; x_wconf 73' lang='lat' dir='ltr'>nn</span> <span class='ocrx_word' id='word_1_250' title='bbox 2505 3457 2644 3499; x_wconf 81' lang='lat' dir='ltr'>vere,</span> <span class='ocrx_word' id='word_1_251' title='bbox 2671 3452 2744 3487; x_wconf 87' lang='lat' dir='ltr'>ut·</span> 
     </span>
    </p>

    <p class='ocr_par' dir='ltr' id='par_1_5' title="bbox 621 3515 2747 3820">
     <span class='ocr_line' id='line_1_30' title="bbox 696 3515 2747 3584; baseline 0.001 -21"><span class='ocrx_word' id='word_1_252' title='bbox 696 3517 744 3563; x_wconf 82' lang='lat'>3.</span> <span class='ocrx_word' id='word_1_253' title='bbox 778 3515 887 3562; x_wconf 79' lang='lat' dir='ltr'>Non</span> <span class='ocrx_word' id='word_1_254' title='bbox 911 3516 1122 3579; x_wconf 78' lang='lat' dir='ltr'>somma</span> <span class='ocrx_word' id='word_1_255' title='bbox 1159 3518 1499 3583; x_wconf 62' lang='lat' dir='ltr'>inflammaret.</span> <span class='ocrx_word' id='word_1_256' title='bbox 1535 3520 1635 3581; x_wconf 84' lang='lat' dir='ltr'>Qui</span> <span class='ocrx_word' id='word_1_257' title='bbox 1724 3537 1930 3584; x_wconf 78' lang='lat' dir='ltr'>eumque</span> <span class='ocrx_word' id='word_1_258' title='bbox 1970 3521 2243 3583; x_wconf 85' lang='lat' dir='ltr'>ingeniose3</span> <span class='ocrx_word' id='word_1_259' title='bbox 2285 3531 2333 3567; x_wconf 87' lang='lat' dir='ltr'>et</span> <span class='ocrx_word' id='word_1_260' title='bbox 2372 3530 2542 3566; x_wconf 77' lang='lat' dir='ltr'>orator</span> <span class='ocrx_word' id='word_1_261' title='bbox 2587 3530 2747 3566; x_wconf 81' lang='lat' dir='ltr'>noster</span> 
     </span>
     <span class='ocr_line' id='line_1_31' title="bbox 625 3593 2670 3671; baseline 0.002 -29"><span class='ocrx_word' id='word_1_262' title='bbox 625 3609 726 3671; x_wconf 52' lang='grc' dir='ltr'>ηομ</span> <span class='ocrx_word' id='word_1_263' title='bbox 756 3593 1005 3642; x_wconf 79' lang='lat' dir='ltr'>efferretur</span> <span class='ocrx_word' id='word_1_264' title='bbox 1028 3595 1153 3641; x_wconf 81' lang='lat' dir='ltr'>felici</span> <span class='ocrx_word' id='word_1_265' title='bbox 1184 3594 1365 3642; x_wconf 72' lang='lat' dir='ltr'>rernm&#39;</span> <span class='ocrx_word' id='word_1_266' title='bbox 1381 3611 1636 3655; x_wconf 82' lang='lat' dir='ltr'>successu,</span> <span class='ocrx_word' id='word_1_267' title='bbox 1723 3600 1995 3665; x_wconf 79' lang='lat' dir='ltr'>optandum</span> <span class='ocrx_word' id='word_1_268' title='bbox 2020 3610 2143 3646; x_wconf 88' lang='lat' dir='ltr'>esset</span> <span class='ocrx_word' id='word_1_269' title='bbox 2166 3610 2222 3646; x_wconf 87' lang='lat' dir='ltr'>nt</span> <span class='ocrx_word' id='word_1_270' title='bbox 2244 3598 2423 3645; x_wconf 75' lang='lat' dir='ltr'>clarius</span> <span class='ocrx_word' id='word_1_271' title='bbox 2449 3598 2670 3646; x_wconf 75' lang='lat' dir='ltr'>dixisset.</span> 
     </span>
     <span class='ocr_line' id='line_1_32' title="bbox 621 3671 2746 3740; baseline 0 -19"><span class='ocrx_word' id='word_1_272' title='bbox 621 3684 671 3721; x_wconf 87' lang='lat' dir='ltr'>et</span> <span class='ocrx_word' id='word_1_273' title='bbox 696 3672 923 3721; x_wconf 76' lang='lat' dir='ltr'>insolenti</span> <span class='ocrx_word' id='word_1_274' title='bbox 952 3671 1152 3719; x_wconf 74' lang='lat' dir='ltr'>victoria</span> <span class='ocrx_word' id='word_1_275' title='bbox 1179 3673 1448 3731; x_wconf 84' lang='lat' dir='ltr'>subnixus,</span> <span class='ocrx_word' id='word_1_276' title='bbox 1490 3690 1547 3720; x_wconf 73' lang='lat' dir='ltr'>es</span> <span class='ocrx_word' id='word_1_277' title='bbox 1581 3675 1631 3722; x_wconf 91' lang='lat' dir='ltr'>in</span> <span class='ocrx_word' id='word_1_278' title='bbox 1795 3696 1845 3740; x_wconf 86' lang='lat'>7.</span> <span class='ocrx_word' id='word_1_279' title='bbox 1884 3678 2130 3725; x_wconf 72' lang='lat' dir='ltr'>Sanitaeis.</span> <span class='ocrx_word' id='word_1_280' title='bbox 2168 3679 2350 3725; x_wconf 88' lang='lat' dir='ltr'>Omnes</span> <span class='ocrx_word' id='word_1_281' title='bbox 2389 3678 2521 3725; x_wconf 78' lang='lat' dir='ltr'>cives</span> <span class='ocrx_word' id='word_1_282' title='bbox 2554 3677 2746 3740; x_wconf 79' lang='lat' dir='ltr'>conspi-</span> 
     </span>
     <span class='ocr_line' id='line_1_33' title="bbox 621 3745 2741 3820; baseline 0 -18"><span class='ocrx_word' id='word_1_283' title='bbox 621 3752 780 3800; x_wconf 72' lang='lat' dir='ltr'>&#39;victos</span> <span class='ocrx_word' id='word_1_284' title='bbox 804 3752 1099 3801; x_wconf 70' lang='lat' dir='ltr'>abuteretur·</span> <span class='ocrx_word' id='word_1_285' title='bbox 1724 3768 1826 3805; x_wconf 86' lang='lat' dir='ltr'>rent</span> <span class='ocrx_word' id='word_1_286' title='bbox 1845 3792 1861 3815; x_wconf 76' lang='lat'>,</span> <span class='ocrx_word' id='word_1_287' title='bbox 1890 3773 1989 3804; x_wconf 91' lang='lat' dir='ltr'>non</span> <span class='ocrx_word' id='word_1_288' title='bbox 2017 3756 2167 3805; x_wconf 86' lang='lat' dir='ltr'>modo</span> <span class='ocrx_word' id='word_1_289' title='bbox 2201 3758 2285 3820; x_wconf 87' lang='lat' dir='ltr'>qui</span> <span class='ocrx_word' id='word_1_290' title='bbox 2319 3745 2502 3817; x_wconf 76' lang='lat' dir='ltr'>maiore</span> <span class='ocrx_word' id='word_1_291' title='bbox 2536 3756 2741 3819; x_wconf 75' lang='lat' dir='ltr'>quadam</span> 
     </span>
    </p>

    <p class='ocr_par' dir='ltr' id='par_1_6' title="bbox 621 3829 2745 4135">
     <span class='ocr_line' id='line_1_34' title="bbox 694 3829 2745 3900; baseline 0.001 -21"><span class='ocrx_word' id='word_1_292' title='bbox 694 3833 745 3888; x_wconf 74' lang='grc'>4.</span> <span class='ocrx_word' id='word_1_293' title='bbox 773 3834 934 3880; x_wconf 81' lang='lat' dir='ltr'>Graev.</span> <span class='ocrx_word' id='word_1_294' title='bbox 963 3829 1157 3877; x_wconf 70' lang='lat' dir='ltr'>damnat</span> <span class='ocrx_word' id='word_1_295' title='bbox 1177 3831 1277 3887; x_wconf 81' lang='lat' dir='ltr'>ab,-</span> <span class='ocrx_word' id='word_1_296' title='bbox 1296 3832 1505 3879; x_wconf 67' lang='lat' dir='ltr'>retinent</span> <span class='ocrx_word' id='word_1_297' title='bbox 1530 3847 1635 3879; x_wconf 87' lang='lat' dir='ltr'>om·</span> <span class='ocrx_word' id='word_1_298' title='bbox 1722 3836 1977 3900; x_wconf 73' lang='lat' dir='ltr'>prudentia</span> <span class='ocrx_word' id='word_1_299' title='bbox 2043 3836 2265 3883; x_wconf 76' lang='lat' dir='ltr'>instructi</span> <span class='ocrx_word' id='word_1_300' title='bbox 2335 3834 2461 3882; x_wconf 79' lang='lat' dir='ltr'>clare</span> <span class='ocrx_word' id='word_1_301' title='bbox 2547 3844 2745 3882; x_wconf 83' lang='lat' dir='ltr'>cernunt</span> 
     </span>
     <span class='ocr_line' id='line_1_35' title="bbox 622 3909 2743 3978; baseline 0.001 -22"><span class='ocrx_word' id='word_1_302' title='bbox 622 3923 706 3956; x_wconf 76' lang='lat' dir='ltr'>nes</span> <span class='ocrx_word' id='word_1_303' title='bbox 740 3912 870 3971; x_wconf 77' lang='lat' dir='ltr'><strong>Aug.</strong></span> <span class='ocrx_word' id='word_1_304' title='bbox 910 3910 1031 3956; x_wconf 74' lang='lat' dir='ltr'>Maii</span> <span class='ocrx_word' id='word_1_305' title='bbox 1072 3909 1285 3958; x_wconf 85' lang='lat' dir='ltr'>codices.</span> <span class='ocrx_word' id='word_1_306' title='bbox 1322 3913 1446 3958; x_wconf 86' lang='lat' dir='ltr'>Sunt</span> <span class='ocrx_word' id='word_1_307' title='bbox 1489 3912 1633 3960; x_wconf 74' lang='lat' dir='ltr'>etiam</span> <span class='ocrx_word' id='word_1_308' title='bbox 1722 3913 1844 3978; x_wconf 85' lang='lat' dir='ltr'>qnid</span> <span class='ocrx_word' id='word_1_309' title='bbox 1872 3931 1899 3961; x_wconf 86' lang='lat' dir='ltr'>e</span> <span class='ocrx_word' id='word_1_310' title='bbox 1924 3913 2170 3976; x_wconf 79' lang='lat' dir='ltr'>republica</span> <span class='ocrx_word' id='word_1_311' title='bbox 2198 3914 2285 3971; x_wconf 82' lang='lat' dir='ltr'>sit,</span> <span class='ocrx_word' id='word_1_312' title='bbox 2307 3912 2393 3959; x_wconf 76' lang='lat' dir='ltr'>sed</span> <span class='ocrx_word' id='word_1_313' title='bbox 2419 3913 2563 3959; x_wconf 76' lang='lat' dir='ltr'>etiam</span> <span class='ocrx_word' id='word_1_314' title='bbox 2590 3914 2743 3959; x_wconf 83' lang='lat' dir='ltr'>minus</span> 
     </span>
     <span class='ocr_line' id='line_1_36' title="bbox 621 3986 2743 4055; baseline 0.001 -22"><span class='ocrx_word' id='word_1_315' title='bbox 621 3986 839 4050; x_wconf 73' lang='lat' dir='ltr'>exempla</span> <span class='ocrx_word' id='word_1_316' title='bbox 864 3986 1057 4035; x_wconf 83' lang='lat' dir='ltr'>Cluent.</span> <span class='ocrx_word' id='word_1_317' title='bbox 1088 3988 1151 4034; x_wconf 78' lang='lat'>28</span> <span class='ocrx_word' id='word_1_318' title='bbox 1174 4004 1189 4049; x_wconf 71' lang='grc' dir='ltr'>ς</span> <span class='ocrx_word' id='word_1_319' title='bbox 1228 3990 1368 4037; x_wconf 85' lang='lat' dir='ltr'>Verr.</span> <span class='ocrx_word' id='word_1_320' title='bbox 1396 3991 1494 4045; x_wconf 88' lang='lat'>111,</span> <span class='ocrx_word' id='word_1_321' title='bbox 1533 3991 1596 4046; x_wconf 74' lang='lat'>48</span> <span class='ocrx_word' id='word_1_322' title='bbox 1619 4004 1633 4050; x_wconf 89' lang='grc'><strong>;</strong></span> <span class='ocrx_word' id='word_1_323' title='bbox 1723 3991 2046 4055; x_wconf 76' lang='lat' dir='ltr'>intelligentes</span> <span class='ocrx_word' id='word_1_324' title='bbox 2077 4002 2160 4038; x_wconf 74' lang='lat' dir='ltr'>ant</span> <span class='ocrx_word' id='word_1_325' title='bbox 2185 3991 2330 4038; x_wconf 73' lang='lat' dir='ltr'>etism</span> <span class='ocrx_word' id='word_1_326' title='bbox 2355 3991 2535 4039; x_wconf 77' lang='lat' dir='ltr'>Caesari</span> <span class='ocrx_word' id='word_1_327' title='bbox 2563 3990 2743 4053; x_wconf 74' lang='lat' dir='ltr'>aliquid</span> 
     </span>
     <span class='ocr_line' id='line_1_37' title="bbox 623 4066 2745 4135; baseline 0.002 -23"><span class='ocrx_word' id='word_1_328' title='bbox 623 4066 786 4114; x_wconf 74' lang='lat' dir='ltr'>Vatin.</span> <span class='ocrx_word' id='word_1_329' title='bbox 819 4080 902 4121; x_wconf 63' lang='grc' dir='ltr'>ια,</span> <span class='ocrx_word' id='word_1_330' title='bbox 947 4074 1039 4112; x_wconf 87' lang='lat' dir='ltr'>etc.</span> <span class='ocrx_word' id='word_1_331' title='bbox 1214 4098 1217 4101; x_wconf 21' lang='grc' dir='ltr'><strong>π</strong></span> <span class='ocrx_word' id='word_1_332' title='bbox 1699 4068 2087 4129; x_wconf 76' lang='lat' dir='ltr'>&#39;succensentes,</span> <span class='ocrx_word' id='word_1_333' title='bbox 2132 4068 2284 4135; x_wconf 71' lang='lat' dir='ltr'>niodo</span> <span class='ocrx_word' id='word_1_334' title='bbox 2331 4085 2393 4116; x_wconf 88' lang='lat' dir='ltr'>ne</span> <span class='ocrx_word' id='word_1_335' title='bbox 2455 4070 2522 4115; x_wconf 78' lang='lat' dir='ltr'>ita</span> <span class='ocrx_word' id='word_1_336' title='bbox 2583 4068 2745 4116; x_wconf 78' lang='lat' dir='ltr'>obtusi</span> 
     </span>
    </p>

    <p class='ocr_par' dir='ltr' id='par_1_7' title="bbox 693 4142 2570 4210">
     <span class='ocr_line' id='line_1_38' title="bbox 693 4142 2570 4210; baseline 0.002 -18"><span class='ocrx_word' id='word_1_337' title='bbox 693 4146 743 4195; x_wconf 83' lang='lat'>5.</span> <span class='ocrx_word' id='word_1_338' title='bbox 765 4148 961 4209; x_wconf 73' lang='lat' dir='ltr'>Ingrat.</span> <span class='ocrx_word' id='word_1_339' title='bbox 981 4156 1052 4192; x_wconf 82' lang='lat' dir='ltr'>ese</span> <span class='ocrx_word' id='word_1_340' title='bbox 1081 4142 1399 4209; x_wconf 76' lang='lat' dir='ltr'>injustasque.</span> <span class='ocrx_word' id='word_1_341' title='bbox 1416 4148 1634 4209; x_wconf 75' lang='lat' dir='ltr'>Ingratus</span> <span class='ocrx_word' id='word_1_342' title='bbox 1724 4149 1821 4195; x_wconf 77' lang='lat' dir='ltr'>sint</span> <span class='ocrx_word' id='word_1_343' title='bbox 1837 4179 1855 4208; x_wconf 83' lang='lat'>‚</span> <span class='ocrx_word' id='word_1_344' title='bbox 1880 4159 1935 4196; x_wconf 86' lang='lat' dir='ltr'>ut</span> <span class='ocrx_word' id='word_1_345' title='bbox 1963 4157 2120 4195; x_wconf 83' lang='lat' dir='ltr'>mente</span> <span class='ocrx_word' id='word_1_346' title='bbox 2142 4146 2272 4210; x_wconf 75' lang='lat' dir='ltr'>capti</span> <span class='ocrx_word' id='word_1_347' title='bbox 2299 4146 2570 4195; x_wconf 69' lang='lat' dir='ltr'>videantur.</span> 
     </span>
    </p>
   </div>
  </div>
 </body>
</html>
