<?xml version="1.0" encoding="UTF-8"?>
<!DOCTYPE html PUBLIC "-//W3C//DTD XHTML 1.0 Transitional//EN"
    "http://www.w3.org/TR/xhtml1/DTD/xhtml1-transitional.dtd">
<html xmlns="http://www.w3.org/1999/xhtml" xml:lang="en" lang="en">
 <head>
  <title>
</title>
<meta http-equiv="Content-Type" content="text/html;charset=utf-8" />
  <meta name='ocr-system' content='tesseract 3.04.00' />
  <meta name='ocr-capabilities' content='ocr_page ocr_carea ocr_par ocr_line ocrx_word'/>
</head>
<body>
  <div class='ocr_page' id='page_1' title='image "./mtciceronisquae06lemagoog_0059.png"; bbox 0 0 2994 4778; ppageno 0'>
   <div class='ocr_carea' id='block_1_1' title="bbox 664 417 2337 517">
    <p class='ocr_par' dir='ltr' id='par_1_1' title="bbox 664 417 2337 517">
     <span class='ocr_line' id='line_1_1' title="bbox 664 417 2337 517; baseline 0 -31"><span class='ocrx_word' id='word_1_1' title='bbox 664 417 1052 486; x_wconf 84' lang='lat' dir='ltr'><strong>ORATIO</strong></span> <span class='ocrx_word' id='word_1_2' title='bbox 1103 417 1303 484; x_wconf 90' lang='lat' dir='ltr'><strong>PRO</strong></span> <span class='ocrx_word' id='word_1_3' title='bbox 1353 417 1430 484; x_wconf 91' lang='lat' dir='ltr'><strong>P.</strong></span> <span class='ocrx_word' id='word_1_4' title='bbox 1481 417 1884 487; x_wconf 84' lang='lat' dir='ltr'><strong>sEleo.</strong></span> <span class='ocrx_word' id='word_1_5' title='bbox 2242 425 2337 517; x_wconf 75' lang='lat'><strong>49</strong></span> 
     </span>
    </p>
   </div>
   <div class='ocr_carea' id='block_1_2' title="bbox 213 534 2370 2830">
    <p class='ocr_par' dir='ltr' id='par_1_2' title="bbox 213 534 2368 2475">
     <span class='ocr_line' id='line_1_2' title="bbox 213 534 2336 634; baseline 0.002 -23"><span class='ocrx_word' id='word_1_6' title='bbox 213 564 353 611; x_wconf 86' lang='lat' dir='ltr'><strong>nec</strong></span> <span class='ocrx_word' id='word_1_7' title='bbox 395 541 548 610; x_wconf 92' lang='lat' dir='ltr'><strong>sine</strong></span> <span class='ocrx_word' id='word_1_8' title='bbox 614 562 700 610; x_wconf 93' lang='lat' dir='ltr'><strong>ea</strong></span> <span class='ocrx_word' id='word_1_9' title='bbox 754 534 1152 634; x_wconf 84' lang='lat' dir='ltr'><strong>quidquam</strong></span> <span class='ocrx_word' id='word_1_10' title='bbox 1206 536 1694 634; x_wconf 86' lang='lat' dir='ltr'><strong>expetendum</strong></span> <span class='ocrx_word' id='word_1_11' title='bbox 1739 565 1887 613; x_wconf 88' lang='lat' dir='ltr'><strong>esse</strong></span> <span class='ocrx_word' id='word_1_12' title='bbox 1942 543 2218 615; x_wconf 88' lang='lat' dir='ltr'><strong>homini</strong></span> <span class='ocrx_word' id='word_1_13' title='bbox 2260 548 2336 616; x_wconf 87' lang='lat' dir='ltr'><strong>iu</strong></span> 
     </span>
     <span class='ocr_line' id='line_1_3' title="bbox 219 651 2337 748; baseline -0.005 -27"><span class='ocrx_word' id='word_1_14' title='bbox 219 655 355 721; x_wconf 85' lang='lat' dir='ltr'><strong>vita</strong></span> <span class='ocrx_word' id='word_1_15' title='bbox 389 663 804 747; x_wconf 81' lang='lat' dir='ltr'><strong>putassem3</strong></span> <span class='ocrx_word' id='word_1_16' title='bbox 842 661 1193 730; x_wconf 87' lang='lat' dir='ltr'><strong>mortem,</strong></span> <span class='ocrx_word' id='word_1_17' title='bbox 1237 672 1457 743; x_wconf 90' lang='lat' dir='ltr'><strong>quam</strong></span> <span class='ocrx_word' id='word_1_18' title='bbox 1510 651 1724 719; x_wconf 90' lang='lat' dir='ltr'><strong>etiam</strong></span> <span class='ocrx_word' id='word_1_19' title='bbox 1769 654 2073 748; x_wconf 84' lang='lat' dir='ltr'><strong>virgines</strong></span> <span class='ocrx_word' id='word_1_20' title='bbox 2114 655 2337 727; x_wconf 84' lang='lat' dir='ltr'>Athe-</span> 
     </span>
     <span class='ocr_line' id='line_1_4' title="bbox 221 756 2340 858; baseline 0.002 -27"><span class='ocrx_word' id='word_1_21' title='bbox 221 764 361 846; x_wconf 90' lang='lat' dir='ltr'><strong>nis,</strong></span> <span class='ocrx_word' id='word_1_22' title='bbox 417 761 615 856; x_wconf 84' lang='lat' dir='ltr'><strong>regis</strong></span> <span class='ocrx_word' id='word_1_23' title='bbox 643 812 663 846; x_wconf 93' lang='lat'><strong>,</strong></span> <span class='ocrx_word' id='word_1_24' title='bbox 720 757 1006 854; x_wconf 89' lang='lat' dir='ltr'>opinor,</span> <span class='ocrx_word' id='word_1_25' title='bbox 1063 757 1441 828; x_wconf 85' lang='lat' dir='ltr'>Erechthei</span> <span class='ocrx_word' id='word_1_26' title='bbox 1495 756 1693 846; x_wconf 80' lang='lat' dir='ltr'><strong>filiae,</strong></span> <span class='ocrx_word' id='word_1_27' title='bbox 1740 784 1875 857; x_wconf 87' lang='lat' dir='ltr'><strong>pro</strong></span> <span class='ocrx_word' id='word_1_28' title='bbox 1913 765 2131 858; x_wconf 85' lang='lat' dir='ltr'><strong>patria</strong></span> <span class='ocrx_word' id='word_1_29' title='bbox 2171 788 2340 837; x_wconf 89' lang='lat' dir='ltr'><strong>con-</strong></span> 
     </span>
     <span class='ocr_line' id='line_1_5' title="bbox 218 867 2343 966; baseline 0.003 -27"><span class='ocrx_word' id='word_1_30' title='bbox 218 871 593 966; x_wconf 83' lang='lat' dir='ltr'><strong>tempsisse</strong></span> <span class='ocrx_word' id='word_1_31' title='bbox 640 868 1008 954; x_wconf 82' lang='lat' dir='ltr'><strong>dicuntur,</strong></span> <span class='ocrx_word' id='word_1_32' title='bbox 1056 890 1190 963; x_wconf 87' lang='lat' dir='ltr'><strong>ego</strong></span> <span class='ocrx_word' id='word_1_33' title='bbox 1235 869 1343 936; x_wconf 87' lang='lat' dir='ltr'><strong>vir</strong></span> <span class='ocrx_word' id='word_1_34' title='bbox 1387 867 1827 957; x_wconf 85' lang='lat' dir='ltr'><strong>consularis,</strong></span> <span class='ocrx_word' id='word_1_35' title='bbox 1876 874 2091 942; x_wconf 87' lang='lat' dir='ltr'><strong>tantis</strong></span> <span class='ocrx_word' id='word_1_36' title='bbox 2127 874 2343 948; x_wconf 86' lang='lat' dir='ltr'><strong>rebus</strong></span> 
     </span>
     <span class='ocr_line' id='line_1_6' title="bbox 214 977 2345 1075; baseline 0.002 -26"><span class='ocrx_word' id='word_1_37' title='bbox 214 981 478 1075; x_wconf 78' lang='lat' dir='ltr'><strong>gestiS,</strong></span> <span class='ocrx_word' id='word_1_38' title='bbox 518 977 903 1047; x_wconf 80' lang='lat' dir='ltr'><strong>timerem?</strong></span> <span class='ocrx_word' id='word_1_39' title='bbox 951 979 1338 1073; x_wconf 73' lang='lat' dir='ltr'><strong>praesertim</strong></span> <span class='ocrx_word' id='word_1_40' title='bbox 1375 1001 1602 1072; x_wconf 90' lang='lat' dir='ltr'><strong>quum</strong></span> <span class='ocrx_word' id='word_1_41' title='bbox 1649 980 1799 1074; x_wconf 91' lang='lat' dir='ltr'><strong>ejus</strong></span> <span class='ocrx_word' id='word_1_42' title='bbox 1841 1004 2071 1052; x_wconf 88' lang='lat' dir='ltr'><strong>essem</strong></span> <span class='ocrx_word' id='word_1_43' title='bbox 2107 986 2345 1054; x_wconf 85' lang='lat' dir='ltr'><strong>civita-</strong></span> 
     </span>
     <span class='ocr_line' id='line_1_7' title="bbox 218 1085 2349 1183; baseline 0.001 -23"><span class='ocrx_word' id='word_1_44' title='bbox 218 1091 347 1173; x_wconf 76' lang='lat' dir='ltr'><strong>ti5‚</strong></span> <span class='ocrx_word' id='word_1_45' title='bbox 393 1112 489 1158; x_wconf 84' lang='lat' dir='ltr'><strong>ex</strong></span> <span class='ocrx_word' id='word_1_46' title='bbox 544 1111 693 1183; x_wconf 88' lang='lat' dir='ltr'><strong>qua</strong></span> <span class='ocrx_word' id='word_1_47' title='bbox 739 1087 826 1175; x_wconf 89' lang='lat' dir='ltr'><strong>Q.</strong></span> <span class='ocrx_word' id='word_1_48' title='bbox 881 1087 1161 1157; x_wconf 89' lang='lat' dir='ltr'><strong>Mucius</strong></span> <span class='ocrx_word' id='word_1_49' title='bbox 1217 1085 1412 1158; x_wconf 89' lang='lat' dir='ltr'><strong>solus</strong></span> <span class='ocrx_word' id='word_1_50' title='bbox 1461 1088 1539 1158; x_wconf 90' lang='lat' dir='ltr'><strong>in</strong></span> <span class='ocrx_word' id='word_1_51' title='bbox 1589 1103 1814 1160; x_wconf 85' lang='lat' dir='ltr'><strong>castra</strong></span> <span class='ocrx_word' id='word_1_52' title='bbox 1864 1096 2194 1162; x_wconf 85' lang='lat' dir='ltr'><strong>Porsenae</strong></span> <span class='ocrx_word' id='word_1_53' title='bbox 2239 1118 2349 1165; x_wconf 89' lang='lat' dir='ltr'><strong>ve-</strong></span> 
     </span>
     <span class='ocr_line' id='line_1_8' title="bbox 218 1194 2352 1295; baseline 0.003 -28"><span class='ocrx_word' id='word_1_54' title='bbox 218 1198 476 1283; x_wconf 91' lang='lat' dir='ltr'><strong>nisset,</strong></span> <span class='ocrx_word' id='word_1_55' title='bbox 522 1218 838 1291; x_wconf 87' lang='lat' dir='ltr'><strong>eumque</strong></span> <span class='ocrx_word' id='word_1_56' title='bbox 873 1194 1305 1283; x_wconf 87' lang='lat' dir='ltr'><strong>interficere,</strong></span> <span class='ocrx_word' id='word_1_57' title='bbox 1345 1200 1707 1295; x_wconf 89' lang='lat' dir='ltr'><strong>proposita</strong></span> <span class='ocrx_word' id='word_1_58' title='bbox 1741 1198 1876 1270; x_wconf 91' lang='lat' dir='ltr'><strong>sibi</strong></span> <span class='ocrx_word' id='word_1_59' title='bbox 1914 1215 2188 1291; x_wconf 91' lang='lat' dir='ltr'><strong>morte,</strong></span> <span class='ocrx_word' id='word_1_60' title='bbox 2233 1226 2352 1274; x_wconf 90' lang='lat' dir='ltr'><strong>co·</strong></span> 
     </span>
     <span class='ocr_line' id='line_1_9' title="bbox 221 1303 2353 1410; baseline 0.005 -35"><span class='ocrx_word' id='word_1_61' title='bbox 221 1320 436 1377; x_wconf 88' lang='lat' dir='ltr'><strong>natus</strong></span> <span class='ocrx_word' id='word_1_62' title='bbox 476 1303 714 1374; x_wconf 80' lang='lat' dir='ltr'><strong>esset?</strong></span> <span class='ocrx_word' id='word_1_63' title='bbox 758 1328 848 1374; x_wconf 87' lang='lat' dir='ltr'><strong>ex</strong></span> <span class='ocrx_word' id='word_1_64' title='bbox 893 1328 1035 1399; x_wconf 90' lang='lat' dir='ltr'><strong>qua</strong></span> <span class='ocrx_word' id='word_1_65' title='bbox 1079 1308 1151 1374; x_wconf 91' lang='lat' dir='ltr'><strong>P.</strong></span> <span class='ocrx_word' id='word_1_66' title='bbox 1196 1308 1457 1378; x_wconf 83' lang='lat' dir='ltr'><strong>Decius</strong></span> <span class='ocrx_word' id='word_1_67' title='bbox 1511 1309 1823 1404; x_wconf 88' lang='lat' dir='ltr'><strong>primum</strong></span> <span class='ocrx_word' id='word_1_68' title='bbox 1875 1325 2079 1408; x_wconf 88' lang='lat' dir='ltr'><strong>pater</strong></span> <span class='ocrx_word' id='word_1_69' title='bbox 2096 1306 2153 1399; x_wconf 81' lang='lat'><strong>⁸,</strong></span> <span class='ocrx_word' id='word_1_70' title='bbox 2190 1329 2353 1410; x_wconf 89' lang='lat' dir='ltr'><strong>post</strong></span> 
     </span>
     <span class='ocr_line' id='line_1_10' title="bbox 216 1415 2352 1512; baseline 0.003 -26"><span class='ocrx_word' id='word_1_71' title='bbox 216 1416 505 1512; x_wconf 86' lang='lat' dir='ltr'><strong>aliquot</strong></span> <span class='ocrx_word' id='word_1_72' title='bbox 542 1437 771 1483; x_wconf 90' lang='lat' dir='ltr'><strong>annos</strong></span> <span class='ocrx_word' id='word_1_73' title='bbox 809 1418 1036 1509; x_wconf 84' lang='lat' dir='ltr'><strong>patria</strong></span> <span class='ocrx_word' id='word_1_74' title='bbox 1086 1415 1347 1485; x_wconf 87' lang='lat' dir='ltr'><strong>virtute</strong></span> <span class='ocrx_word' id='word_1_75' title='bbox 1390 1417 1736 1512; x_wconf 83' lang='lat' dir='ltr'><strong>praeditus</strong></span> <span class='ocrx_word' id='word_1_76' title='bbox 1785 1417 2053 1508; x_wconf 69' lang='lat' dir='ltr'><strong>filiuso,</strong></span> <span class='ocrx_word' id='word_1_77' title='bbox 2102 1446 2221 1508; x_wconf 88' lang='lat' dir='ltr'><strong>se,</strong></span> <span class='ocrx_word' id='word_1_78' title='bbox 2270 1446 2352 1493; x_wconf 89' lang='lat' dir='ltr'><strong>ac</strong></span> 
     </span>
     <span class='ocr_line' id='line_1_11' title="bbox 216 1525 2355 1626; baseline 0.002 -31"><span class='ocrx_word' id='word_1_79' title='bbox 216 1528 442 1597; x_wconf 83' lang='lat' dir='ltr'><strong>vitam</strong></span> <span class='ocrx_word' id='word_1_80' title='bbox 482 1547 724 1611; x_wconf 89' lang='lat' dir='ltr'><strong>suam,</strong></span> <span class='ocrx_word' id='word_1_81' title='bbox 763 1525 1111 1594; x_wconf 86' lang='lat' dir='ltr'><strong>instructa</strong></span> <span class='ocrx_word' id='word_1_82' title='bbox 1147 1527 1335 1612; x_wconf 89' lang='lat' dir='ltr'><strong>acie,</strong></span> <span class='ocrx_word' id='word_1_83' title='bbox 1367 1550 1504 1622; x_wconf 86' lang='lat' dir='ltr'><strong>pro</strong></span> <span class='ocrx_word' id='word_1_84' title='bbox 1531 1526 1757 1599; x_wconf 87' lang='lat' dir='ltr'><strong>salute</strong></span> <span class='ocrx_word' id='word_1_85' title='bbox 1792 1530 2044 1626; x_wconf 88' lang='lat' dir='ltr'><strong>populi</strong></span> <span class='ocrx_word' id='word_1_86' title='bbox 2077 1532 2355 1603; x_wconf 85' lang='lat' dir='ltr'><strong>romani</strong></span> 
     </span>
     <span class='ocr_line' id='line_1_12' title="bbox 221 1631 2368 1730; baseline 0.002 -25"><span class='ocrx_word' id='word_1_87' title='bbox 221 1636 680 1729; x_wconf 84' lang='lat' dir='ltr'><strong>victoriaque</strong></span> <span class='ocrx_word' id='word_1_88' title='bbox 746 1631 1193 1703; x_wconf 78' lang='lat' dir='ltr'><strong>devovisset?</strong></span> <span class='ocrx_word' id='word_1_89' title='bbox 1244 1657 1335 1703; x_wconf 84' lang='lat' dir='ltr'><strong>ex</strong></span> <span class='ocrx_word' id='word_1_90' title='bbox 1390 1659 1532 1730; x_wconf 90' lang='lat' dir='ltr'><strong>qua</strong></span> <span class='ocrx_word' id='word_1_91' title='bbox 1584 1637 2143 1710; x_wconf 90' lang='lat' dir='ltr'><strong>innumerabiles</strong></span> <span class='ocrx_word' id='word_1_92' title='bbox 2190 1640 2307 1712; x_wconf 90' lang='lat' dir='ltr'><strong>alii</strong></span> <span class='ocrx_word' id='word_1_93' title='bbox 2333 1680 2368 1724; x_wconf 93' lang='lat'><strong>,-</strong></span> 
     </span>
     <span class='ocr_line' id='line_1_13' title="bbox 224 1740 2357 1847; baseline 0.003 -33"><span class='ocrx_word' id='word_1_94' title='bbox 224 1746 487 1843; x_wconf 86' lang='lat' dir='ltr'><strong>partim</strong></span> <span class='ocrx_word' id='word_1_95' title='bbox 549 1740 1025 1840; x_wconf 86' lang='lat' dir='ltr'><strong>adipiscendae</strong></span> <span class='ocrx_word' id='word_1_96' title='bbox 1080 1741 1349 1830; x_wconf 79' lang='lat' dir='ltr'><strong>laudiS,</strong></span> <span class='ocrx_word' id='word_1_97' title='bbox 1393 1747 1648 1840; x_wconf 87' lang='lat' dir='ltr'><strong>partim</strong></span> <span class='ocrx_word' id='word_1_98' title='bbox 1701 1744 2002 1816; x_wconf 65' lang='lat' dir='ltr'><strong>vitandae</strong></span> <span class='ocrx_word' id='word_1_99' title='bbox 2044 1752 2357 1847; x_wconf 88' lang='lat' dir='ltr'><strong>turpitu-</strong></span> 
     </span>
     <span class='ocr_line' id='line_1_14' title="bbox 226 1851 2357 1952; baseline 0.001 -26"><span class='ocrx_word' id='word_1_100' title='bbox 226 1854 413 1926; x_wconf 88' lang='lat' dir='ltr'>dinis</span> <span class='ocrx_word' id='word_1_101' title='bbox 453 1877 707 1936; x_wconf 86' lang='lat' dir='ltr'><strong>causa,</strong></span> <span class='ocrx_word' id='word_1_102' title='bbox 748 1866 1054 1922; x_wconf 89' lang='lat' dir='ltr'><strong>mortem</strong></span> <span class='ocrx_word' id='word_1_103' title='bbox 1095 1853 1173 1921; x_wconf 90' lang='lat' dir='ltr'><strong>in</strong></span> <span class='ocrx_word' id='word_1_104' title='bbox 1214 1853 1424 1923; x_wconf 85' lang='lat' dir='ltr'><strong>variis</strong></span> <span class='ocrx_word' id='word_1_105' title='bbox 1464 1851 1710 1942; x_wconf 84' lang='lat' dir='ltr'><strong>bellis,</strong></span> <span class='ocrx_word' id='word_1_106' title='bbox 1754 1857 2172 1952; x_wconf 66' lang='lat' dir='ltr'><strong>aequissimis</strong></span> <span class='ocrx_word' id='word_1_107' title='bbox 2206 1858 2357 1928; x_wconf 88' lang='lat' dir='ltr'><strong>ani-</strong></span> 
     </span>
     <span class='ocr_line' id='line_1_15' title="bbox 231 1962 2362 2062; baseline 0.002 -27"><span class='ocrx_word' id='word_1_108' title='bbox 231 1967 402 2051; x_wconf 91' lang='lat' dir='ltr'><strong>mis,</strong></span> <span class='ocrx_word' id='word_1_109' title='bbox 456 1962 965 2060; x_wconf 72' lang='lat' dir='ltr'><strong>oppetissent?</strong></span> <span class='ocrx_word' id='word_1_110' title='bbox 1010 1962 1084 2031; x_wconf 88' lang='lat' dir='ltr'><strong>in</strong></span> <span class='ocrx_word' id='word_1_111' title='bbox 1129 1987 1275 2058; x_wconf 89' lang='lat' dir='ltr'><strong>qua</strong></span> <span class='ocrx_word' id='word_1_112' title='bbox 1326 1965 1609 2034; x_wconf 82' lang='lat' dir='ltr'><strong>civitate</strong></span> <span class='ocrx_word' id='word_1_113' title='bbox 1653 1966 1806 2062; x_wconf 88' lang='lat' dir='ltr'><strong>ipse</strong></span> <span class='ocrx_word' id='word_1_114' title='bbox 1842 1967 2362 2051; x_wconf 84' lang='lat' dir='ltr'><strong>meminissem,</strong></span> 
     </span>
     <span class='ocr_line' id='line_1_16' title="bbox 232 2072 2361 2172; baseline 0.001 -27"><span class='ocrx_word' id='word_1_115' title='bbox 232 2091 515 2172; x_wconf 88' lang='lat' dir='ltr'><strong>patrem</strong></span> <span class='ocrx_word' id='word_1_116' title='bbox 574 2072 796 2166; x_wconf 91' lang='lat' dir='ltr'><strong>hujus</strong></span> <span class='ocrx_word' id='word_1_117' title='bbox 857 2076 954 2143; x_wconf 92' lang='lat' dir='ltr'><strong>M.</strong></span> <span class='ocrx_word' id='word_1_118' title='bbox 1009 2073 1238 2143; x_wconf 85' lang='lat' dir='ltr'><strong>Crassi</strong></span> <span class='ocrx_word' id='word_1_119' title='bbox 1270 2082 1356 2159; x_wconf 88' lang='lat'><strong>¹⁰,</strong></span> <span class='ocrx_word' id='word_1_120' title='bbox 1414 2072 1882 2145; x_wconf 86' lang='lat' dir='ltr'><strong>fortissimum</strong></span> <span class='ocrx_word' id='word_1_121' title='bbox 1943 2075 2220 2165; x_wconf 85' lang='lat' dir='ltr'><strong>virum,</strong></span> <span class='ocrx_word' id='word_1_122' title='bbox 2269 2102 2361 2148; x_wconf 77' lang='lat' dir='ltr'><strong>ne</strong></span> 
     </span>
     <span class='ocr_line' id='line_1_17' title="bbox 236 2182 2361 2274; baseline 0.002 -19"><span class='ocrx_word' id='word_1_123' title='bbox 236 2185 514 2257; x_wconf 78' lang='lat' dir='ltr'><strong>videret</strong></span> <span class='ocrx_word' id='word_1_124' title='bbox 544 2193 605 2226; x_wconf 89' lang='lat'><strong>¹¹</strong></span> <span class='ocrx_word' id='word_1_125' title='bbox 683 2184 1031 2252; x_wconf 84' lang='lat' dir='ltr'><strong>victorem</strong></span> <span class='ocrx_word' id='word_1_126' title='bbox 1093 2182 1466 2254; x_wconf 88' lang='lat' dir='ltr'><strong>inimicum</strong></span> <span class='ocrx_word' id='word_1_127' title='bbox 1501 2195 1589 2274; x_wconf 82' lang='lat'><strong>¹²,</strong></span> <span class='ocrx_word' id='word_1_128' title='bbox 1646 2184 1890 2256; x_wconf 91' lang='lat' dir='ltr'><strong>eadem</strong></span> <span class='ocrx_word' id='word_1_129' title='bbox 1953 2185 2084 2256; x_wconf 86' lang='lat' dir='ltr'><strong>sibi</strong></span> <span class='ocrx_word' id='word_1_130' title='bbox 2145 2211 2361 2259; x_wconf 90' lang='lat' dir='ltr'><strong>manu</strong></span> 
     </span>
     <span class='ocr_line' id='line_1_18' title="bbox 240 2291 2362 2393; baseline 0.004 -32"><span class='ocrx_word' id='word_1_131' title='bbox 240 2295 449 2365; x_wconf 74' lang='lat' dir='ltr'><strong>vitam</strong></span> <span class='ocrx_word' id='word_1_132' title='bbox 494 2291 909 2365; x_wconf 87' lang='lat' dir='ltr'><strong>exhausisse</strong></span> <span class='ocrx_word' id='word_1_133' title='bbox 931 2345 951 2377; x_wconf 90' lang='lat'><strong>,</strong></span> <span class='ocrx_word' id='word_1_134' title='bbox 1004 2315 1147 2387; x_wconf 90' lang='lat' dir='ltr'><strong>qua</strong></span> <span class='ocrx_word' id='word_1_135' title='bbox 1193 2307 1501 2364; x_wconf 87' lang='lat' dir='ltr'><strong>mortem</strong></span> <span class='ocrx_word' id='word_1_136' title='bbox 1549 2318 1735 2393; x_wconf 82' lang='lat' dir='ltr'><strong>saepe</strong></span> <span class='ocrx_word' id='word_1_137' title='bbox 1771 2294 2101 2368; x_wconf 86' lang='lat' dir='ltr'><strong>hostibus</strong></span> <span class='ocrx_word' id='word_1_138' title='bbox 2144 2297 2362 2369; x_wconf 87' lang='lat' dir='ltr'><strong>obtu-</strong></span> 
     </span>
     <span class='ocr_line' id='line_1_19' title="bbox 246 2403 1189 2475; baseline -0.01 0"><span class='ocrx_word' id='word_1_139' title='bbox 246 2403 477 2475; x_wconf 78' lang='lat' dir='ltr'><strong>lisset?</strong></span> <span class='ocrx_word' id='word_1_140' title='bbox 1182 2457 1189 2466; x_wconf 81' lang='grc'><strong><em>,</em></strong></span> 
     </span>
    </p>

    <p class='ocr_par' dir='ltr' id='par_1_3' title="bbox 250 2512 2370 2830">
     <span class='ocr_line' id='line_1_20' title="bbox 339 2512 2364 2610; baseline 0.001 -26"><span class='ocrx_word' id='word_1_141' title='bbox 339 2518 553 2584; x_wconf 76' lang='lat' dir='ltr'><strong>XXII.</strong></span> <span class='ocrx_word' id='word_1_142' title='bbox 611 2517 780 2583; x_wconf 87' lang='lat' dir='ltr'><strong>Haec</strong></span> <span class='ocrx_word' id='word_1_143' title='bbox 830 2535 963 2609; x_wconf 87' lang='lat' dir='ltr'><strong>ego</strong></span> <span class='ocrx_word' id='word_1_144' title='bbox 1012 2527 1084 2583; x_wconf 92' lang='lat' dir='ltr'><strong>et</strong></span> <span class='ocrx_word' id='word_1_145' title='bbox 1133 2512 1359 2592; x_wconf 85' lang='lat' dir='ltr'><strong>multa</strong></span> <span class='ocrx_word' id='word_1_146' title='bbox 1403 2513 1537 2584; x_wconf 91' lang='lat' dir='ltr'><strong>alia</strong></span> <span class='ocrx_word' id='word_1_147' title='bbox 1579 2514 1938 2610; x_wconf 78' lang='lat' dir='ltr'><strong>cogitanS,</strong></span> <span class='ocrx_word' id='word_1_148' title='bbox 1982 2513 2123 2585; x_wconf 86' lang='lat' dir='ltr'><strong>hoc</strong></span> <span class='ocrx_word' id='word_1_149' title='bbox 2165 2514 2364 2587; x_wconf 84' lang='lat' dir='ltr'><strong>vide-</strong></span> 
     </span>
     <span class='ocr_line' id='line_1_21' title="bbox 255 2620 2370 2720; baseline 0.002 -28"><span class='ocrx_word' id='word_1_150' title='bbox 255 2620 456 2711; x_wconf 84' lang='lat' dir='ltr'><strong>bam,</strong></span> <span class='ocrx_word' id='word_1_151' title='bbox 500 2626 561 2694; x_wconf 92' lang='lat' dir='ltr'><strong>si</strong></span> <span class='ocrx_word' id='word_1_152' title='bbox 601 2646 885 2693; x_wconf 84' lang='lat' dir='ltr'><strong>causam</strong></span> <span class='ocrx_word' id='word_1_153' title='bbox 926 2621 1288 2720; x_wconf 85' lang='lat' dir='ltr'><strong>publicam</strong></span> <span class='ocrx_word' id='word_1_154' title='bbox 1328 2647 1487 2694; x_wconf 89' lang='lat' dir='ltr'><strong>mea</strong></span> <span class='ocrx_word' id='word_1_155' title='bbox 1527 2647 1721 2693; x_wconf 88' lang='lat' dir='ltr'><strong>mors</strong></span> <span class='ocrx_word' id='word_1_156' title='bbox 1765 2627 2216 2720; x_wconf 86' lang='lat' dir='ltr'><strong>peremisset,</strong></span> <span class='ocrx_word' id='word_1_157' title='bbox 2250 2651 2370 2697; x_wconf 88' lang='lat' dir='ltr'><strong>ne-</strong></span> 
     </span>
     <span class='ocr_line' id='line_1_22' title="bbox 250 2730 2369 2830; baseline 0.001 -26"><span class='ocrx_word' id='word_1_158' title='bbox 250 2734 509 2805; x_wconf 89' lang='lat' dir='ltr'><strong>minem</strong></span> <span class='ocrx_word' id='word_1_159' title='bbox 559 2757 913 2828; x_wconf 84' lang='lat' dir='ltr'><strong>umquam</strong></span> <span class='ocrx_word' id='word_1_160' title='bbox 969 2730 1124 2803; x_wconf 85' lang='lat' dir='ltr'><strong>fore</strong></span> <span class='ocrx_word' id='word_1_161' title='bbox 1147 2785 1166 2818; x_wconf 92' lang='lat'><strong>,</strong></span> <span class='ocrx_word' id='word_1_162' title='bbox 1212 2734 1342 2829; x_wconf 92' lang='lat' dir='ltr'><strong>qui</strong></span> <span class='ocrx_word' id='word_1_163' title='bbox 1374 2731 1675 2805; x_wconf 83' lang='lat' dir='ltr'><strong>auderet</strong></span> <span class='ocrx_word' id='word_1_164' title='bbox 1705 2733 2076 2830; x_wconf 72' lang='lat' dir='ltr'><strong>rsuscipere</strong></span> <span class='ocrx_word' id='word_1_165' title='bbox 2120 2750 2369 2806; x_wconf 89' lang='lat' dir='ltr'><strong>contra</strong></span> 
     </span>
    </p>
   </div>
   <div class='ocr_carea' id='block_1_3' title="bbox 248 2966 1284 4314">
    <p class='ocr_par' dir='ltr' id='par_1_4' title="bbox 248 2966 1269 3192">
     <span class='ocr_line' id='line_1_23' title="bbox 248 2966 1266 3026; baseline -0.002 -9"><span class='ocrx_word' id='word_1_166' title='bbox 248 2967 627 3017; x_wconf 64' lang='lat' dir='ltr'><strong>Atheniensibus</strong></span> <span class='ocrx_word' id='word_1_167' title='bbox 648 2968 907 3026; x_wconf 76' lang='lat' dir='ltr'><strong>inserente,</strong></span> <span class='ocrx_word' id='word_1_168' title='bbox 928 2984 1030 3016; x_wconf 73' lang='lat' dir='ltr'><strong>sene</strong></span> <span class='ocrx_word' id='word_1_169' title='bbox 1048 2966 1110 3017; x_wconf 70' lang='lat' dir='ltr'><strong>ed</strong></span> <span class='ocrx_word' id='word_1_170' title='bbox 1132 2983 1266 3015; x_wconf 85' lang='lat' dir='ltr'><strong>mor-</strong></span> 
     </span>
     <span class='ocr_line' id='line_1_24' title="bbox 251 3046 1269 3111; baseline -0.001 -15"><span class='ocrx_word' id='word_1_171' title='bbox 251 3059 344 3096; x_wconf 78' lang='lat' dir='ltr'><strong>tem</strong></span> <span class='ocrx_word' id='word_1_172' title='bbox 370 3047 620 3096; x_wconf 72' lang='lat' dir='ltr'><strong>obtulisse.</strong></span> <span class='ocrx_word' id='word_1_173' title='bbox 649 3048 830 3096; x_wconf 80' lang='lat' dir='ltr'><strong>Confer</strong></span> <span class='ocrx_word' id='word_1_174' title='bbox 855 3046 1168 3111; x_wconf 78' lang='lat' dir='ltr'><strong>Euripideum</strong></span> <span class='ocrx_word' id='word_1_175' title='bbox 1195 3047 1269 3095; x_wconf 85' lang='lat' dir='ltr'><strong>lo-</strong></span> 
     </span>
     <span class='ocr_line' id='line_1_25' title="bbox 248 3128 1235 3192; baseline -0.001 -17"><span class='ocrx_word' id='word_1_176' title='bbox 248 3144 364 3176; x_wconf 80' lang='lat' dir='ltr'><strong>eum</strong></span> <span class='ocrx_word' id='word_1_177' title='bbox 387 3139 496 3192; x_wconf 74' lang='lat' dir='ltr'><strong>apte</strong></span> <span class='ocrx_word' id='word_1_178' title='bbox 516 3128 853 3176; x_wconf 67' lang='lat' dir='ltr'><strong>illustrandum</strong></span> <span class='ocrx_word' id='word_1_179' title='bbox 879 3130 1027 3187; x_wconf 76' lang='lat' dir='ltr'><strong>Ionis,</strong></span> <span class='ocrx_word' id='word_1_180' title='bbox 1044 3143 1093 3176; x_wconf 80' lang='lat' dir='ltr'><strong>v.</strong></span> <span class='ocrx_word' id='word_1_181' title='bbox 1114 3129 1235 3189; x_wconf 75' lang='lat'><strong>278.</strong></span> 
     </span>
    </p>

    <p class='ocr_par' dir='ltr' id='par_1_5' title="bbox 249 3205 1269 3413">
     <span class='ocr_line' id='line_1_26' title="bbox 319 3205 1268 3270; baseline -0.002 -16"><span class='ocrx_word' id='word_1_182' title='bbox 319 3208 371 3254; x_wconf 80' lang='lat'><strong>8.</strong></span> <span class='ocrx_word' id='word_1_183' title='bbox 407 3209 574 3255; x_wconf 78' lang='lat' dir='ltr'><strong>Pater.</strong></span> <span class='ocrx_word' id='word_1_184' title='bbox 613 3207 712 3270; x_wconf 81' lang='lat' dir='ltr'><strong>Qui</strong></span> <span class='ocrx_word' id='word_1_185' title='bbox 746 3223 798 3254; x_wconf 73' lang='lat' dir='ltr'><strong>se</strong></span> <span class='ocrx_word' id='word_1_186' title='bbox 836 3209 1008 3255; x_wconf 71' lang='lat' dir='ltr'><strong>Latino</strong></span> <span class='ocrx_word' id='word_1_187' title='bbox 1050 3205 1179 3253; x_wconf 83' lang='lat' dir='ltr'><strong>bello</strong></span> <span class='ocrx_word' id='word_1_188' title='bbox 1215 3207 1268 3253; x_wconf 87' lang='lat' dir='ltr'><strong>in</strong></span> 
     </span>
     <span class='ocr_line' id='line_1_27' title="bbox 249 3285 1269 3347; baseline 0.001 -13"><span class='ocrx_word' id='word_1_189' title='bbox 249 3298 452 3334; x_wconf 72' lang='lat' dir='ltr'><strong>armam</strong></span> <span class='ocrx_word' id='word_1_190' title='bbox 463 3286 586 3347; x_wconf 74' lang='lat' dir='ltr'><strong>jecit</strong></span> <span class='ocrx_word' id='word_1_191' title='bbox 610 3286 824 3334; x_wconf 73' lang='lat' dir='ltr'><strong>boetium</strong></span> <span class='ocrx_word' id='word_1_192' title='bbox 842 3297 1075 3334; x_wconf 60' lang='lat' dir='ltr'><strong>catervam</strong></span> <span class='ocrx_word' id='word_1_193' title='bbox 1105 3285 1269 3335; x_wconf 69' lang='lat' dir='ltr'><strong>Livius</strong></span> 
     </span>
     <span class='ocr_line' id='line_1_28' title="bbox 252 3364 492 3413; baseline 0.008 -2"><span class='ocrx_word' id='word_1_194' title='bbox 252 3364 376 3411; x_wconf 77' lang='lat' dir='ltr'><strong>libro</strong></span> <span class='ocrx_word' id='word_1_195' title='bbox 401 3367 492 3413; x_wconf 81' lang='lat' dir='ltr'><strong>1x.</strong></span> 
     </span>
    </p>

    <p class='ocr_par' dir='ltr' id='par_1_6' title="bbox 254 3440 1277 3978">
     <span class='ocr_line' id='line_1_29' title="bbox 319 3440 1269 3505; baseline -0.003 -14"><span class='ocrx_word' id='word_1_196' title='bbox 319 3459 368 3505; x_wconf 84' lang='lat'><strong>9.</strong></span> <span class='ocrx_word' id='word_1_197' title='bbox 402 3442 566 3491; x_wconf 72' lang='lat' dir='ltr'><strong>Filius.</strong></span> <span class='ocrx_word' id='word_1_198' title='bbox 594 3443 691 3505; x_wconf 84' lang='lat' dir='ltr'><strong>Qui</strong></span> <span class='ocrx_word' id='word_1_199' title='bbox 710 3442 763 3489; x_wconf 89' lang='lat' dir='ltr'><strong>in</strong></span> <span class='ocrx_word' id='word_1_200' title='bbox 787 3444 993 3490; x_wconf 76' lang='lat' dir='ltr'><strong>Etrusco</strong></span> <span class='ocrx_word' id='word_1_201' title='bbox 1013 3440 1144 3489; x_wconf 85' lang='lat' dir='ltr'><strong>bello</strong></span> <span class='ocrx_word' id='word_1_202' title='bbox 1170 3457 1269 3488; x_wconf 72' lang='lat' dir='ltr'><strong>sese</strong></span> 
     </span>
     <span class='ocr_line' id='line_1_30' title="bbox 254 3520 1271 3583; baseline 0 -15"><span class='ocrx_word' id='word_1_203' title='bbox 254 3521 467 3569; x_wconf 76' lang='lat' dir='ltr'><strong>devovit.</strong></span> <span class='ocrx_word' id='word_1_204' title='bbox 494 3521 695 3569; x_wconf 68' lang='lat' dir='ltr'><strong>Exstitit</strong></span> <span class='ocrx_word' id='word_1_205' title='bbox 711 3530 870 3569; x_wconf 75' lang='lat' dir='ltr'><strong>autem</strong></span> <span class='ocrx_word' id='word_1_206' title='bbox 886 3522 1057 3570; x_wconf 75' lang='lat' dir='ltr'><strong>tertius</strong></span> <span class='ocrx_word' id='word_1_207' title='bbox 1071 3557 1088 3582; x_wconf 86' lang='lat'><strong>,</strong></span> <span class='ocrx_word' id='word_1_208' title='bbox 1110 3521 1192 3583; x_wconf 88' lang='lat' dir='ltr'><strong>qui</strong></span> <span class='ocrx_word' id='word_1_209' title='bbox 1209 3520 1271 3568; x_wconf 70' lang='lat' dir='ltr'><strong>ab</strong></span> 
     </span>
     <span class='ocr_line' id='line_1_31' title="bbox 255 3599 1275 3663; baseline 0 -16"><span class='ocrx_word' id='word_1_210' title='bbox 255 3599 470 3647; x_wconf 75' lang='lat' dir='ltr'><strong>hostibus</strong></span> <span class='ocrx_word' id='word_1_211' title='bbox 488 3602 850 3648; x_wconf 78' lang='lat' dir='ltr'><strong>circumventus</strong></span> <span class='ocrx_word' id='word_1_212' title='bbox 864 3632 882 3658; x_wconf 80' lang='lat'><strong>,</strong></span> <span class='ocrx_word' id='word_1_213' title='bbox 908 3616 1057 3663; x_wconf 86' lang='lat' dir='ltr'><strong>quum</strong></span> <span class='ocrx_word' id='word_1_214' title='bbox 1085 3600 1275 3647; x_wconf 78' lang='lat' dir='ltr'><strong>sortiter</strong></span> 
     </span>
     <span class='ocr_line' id='line_1_32' title="bbox 259 3679 1275 3742; baseline -0.001 -15"><span class='ocrx_word' id='word_1_215' title='bbox 259 3691 517 3742; x_wconf 74' lang='lat' dir='ltr'><strong>pugnaret,</strong></span> <span class='ocrx_word' id='word_1_216' title='bbox 546 3679 748 3727; x_wconf 80' lang='lat' dir='ltr'><strong>interiit.</strong></span> <span class='ocrx_word' id='word_1_217' title='bbox 764 3680 927 3741; x_wconf 83' lang='lat' dir='ltr'><strong>Quum</strong></span> <span class='ocrx_word' id='word_1_218' title='bbox 953 3694 1071 3726; x_wconf 77' lang='lat' dir='ltr'><strong>vero</strong></span> <span class='ocrx_word' id='word_1_219' title='bbox 1098 3696 1147 3726; x_wconf 75' lang='lat' dir='ltr'><strong>ee</strong></span> <span class='ocrx_word' id='word_1_220' title='bbox 1171 3694 1275 3726; x_wconf 84' lang='lat' dir='ltr'><strong>non</strong></span> 
     </span>
     <span class='ocr_line' id='line_1_33' title="bbox 264 3755 1274 3817; baseline 0.001 -15"><span class='ocrx_word' id='word_1_221' title='bbox 264 3755 522 3805; x_wconf 66' lang='lat' dir='ltr'><strong>devovisset</strong></span> <span class='ocrx_word' id='word_1_222' title='bbox 538 3793 555 3817; x_wconf 90' lang='lat'><strong>,</strong></span> <span class='ocrx_word' id='word_1_223' title='bbox 582 3757 706 3804; x_wconf 79' lang='lat' dir='ltr'><strong>nihil</strong></span> <span class='ocrx_word' id='word_1_224' title='bbox 733 3767 802 3804; x_wconf 78' lang='lat' dir='ltr'><strong>est</strong></span> <span class='ocrx_word' id='word_1_225' title='bbox 830 3773 917 3804; x_wconf 84' lang='lat' dir='ltr'><strong>eur</strong></span> <span class='ocrx_word' id='word_1_226' title='bbox 940 3757 1140 3804; x_wconf 81' lang='lat' dir='ltr'><strong>miretur</strong></span> <span class='ocrx_word' id='word_1_227' title='bbox 1169 3757 1274 3804; x_wconf 73' lang='grc' dir='ltr'><strong>Μι-</strong></span> 
     </span>
     <span class='ocr_line' id='line_1_34' title="bbox 267 3819 1277 3901; baseline 0.003 -19"><span class='ocrx_word' id='word_1_228' title='bbox 267 3836 417 3883; x_wconf 75' lang='lat' dir='ltr'><strong>nutius</strong></span> <span class='ocrx_word' id='word_1_229' title='bbox 441 3837 493 3884; x_wconf 83' lang='lat' dir='ltr'><strong>h.</strong></span> <span class='ocrx_word' id='word_1_230' title='bbox 519 3838 556 3886; x_wconf 88' lang='lat' dir='ltr'><strong>l.</strong></span> <span class='ocrx_word' id='word_1_231' title='bbox 588 3854 615 3884; x_wconf 76' lang='lat' dir='ltr'><strong>a</strong></span> <span class='ocrx_word' id='word_1_232' title='bbox 643 3838 878 3888; x_wconf 74' lang='lat' dir='ltr'><strong>Cicerone</strong></span> <span class='ocrx_word' id='word_1_233' title='bbox 908 3819 1277 3901; x_wconf 63' lang='lat' dir='ltr'><strong>praetermissuni</strong></span> 
     </span>
     <span class='ocr_line' id='line_1_35' title="bbox 270 3915 1139 3978; baseline -0.001 -15"><span class='ocrx_word' id='word_1_234' title='bbox 270 3927 375 3958; x_wconf 75' lang='lat' dir='ltr'><strong>eum</strong></span> <span class='ocrx_word' id='word_1_235' title='bbox 395 3915 476 3978; x_wconf 80' lang='lat' dir='ltr'><strong>qui</strong></span> <span class='ocrx_word' id='word_1_236' title='bbox 495 3915 560 3963; x_wconf 77' lang='lat' dir='ltr'><strong>ad</strong></span> <span class='ocrx_word' id='word_1_237' title='bbox 585 3930 780 3963; x_wconf 68' lang='lat' dir='ltr'><strong>musam</strong></span> <span class='ocrx_word' id='word_1_238' title='bbox 803 3915 924 3962; x_wconf 85' lang='lat' dir='ltr'><strong>nihil</strong></span> <span class='ocrx_word' id='word_1_239' title='bbox 947 3917 1139 3963; x_wconf 72' lang='lat' dir='ltr'><strong>faceret.</strong></span> 
     </span>
    </p>

    <p class='ocr_par' dir='ltr' id='par_1_7' title="bbox 266 3993 1276 4136">
     <span class='ocr_line' id='line_1_36' title="bbox 345 3993 1276 4058; baseline 0.004 -20"><span class='ocrx_word' id='word_1_240' title='bbox 345 4008 423 4040; x_wconf 73' lang='lat' dir='ltr'><strong>ao.</strong></span> <span class='ocrx_word' id='word_1_241' title='bbox 450 3999 645 4043; x_wconf 76' lang='lat' dir='ltr'><strong>Patrem</strong></span> <span class='ocrx_word' id='word_1_242' title='bbox 664 3993 808 4058; x_wconf 72' lang='lat' dir='ltr'><strong>lausus</strong></span> <span class='ocrx_word' id='word_1_243' title='bbox 834 3996 902 4042; x_wconf 77' lang='lat' dir='ltr'><strong>M.</strong></span> <span class='ocrx_word' id='word_1_244' title='bbox 935 3995 1106 4044; x_wconf 80' lang='lat' dir='ltr'><strong>Crassi.</strong></span> <span class='ocrx_word' id='word_1_245' title='bbox 1133 3997 1276 4056; x_wconf 70' lang='lat' dir='ltr'><strong>Ejus,</strong></span> 
     </span>
     <span class='ocr_line' id='line_1_37' title="bbox 266 4072 808 4136; baseline 0.006 -18"><span class='ocrx_word' id='word_1_246' title='bbox 266 4072 351 4135; x_wconf 76' lang='lat' dir='ltr'><strong>qui</strong></span> <span class='ocrx_word' id='word_1_247' title='bbox 368 4074 509 4136; x_wconf 80' lang='lat' dir='ltr'><strong>periit</strong></span> <span class='ocrx_word' id='word_1_248' title='bbox 525 4075 582 4121; x_wconf 82' lang='lat' dir='ltr'><strong>in</strong></span> <span class='ocrx_word' id='word_1_249' title='bbox 604 4072 808 4121; x_wconf 72' lang='lat' dir='ltr'><strong>Pnrthis.</strong></span> 
     </span>
    </p>

    <p class='ocr_par' dir='ltr' id='par_1_8' title="bbox 340 4151 1284 4209">
     <span class='ocr_line' id='line_1_38' title="bbox 340 4151 1284 4209; baseline 0.002 -13"><span class='ocrx_word' id='word_1_250' title='bbox 340 4167 419 4200; x_wconf 79' lang='lat' dir='ltr'><strong>n.</strong></span> <span class='ocrx_word' id='word_1_251' title='bbox 451 4154 532 4200; x_wconf 76' lang='lat' dir='ltr'><strong>Ne</strong></span> <span class='ocrx_word' id='word_1_252' title='bbox 558 4151 777 4209; x_wconf 71' lang='lat' dir='ltr'><strong>videret,</strong></span> <span class='ocrx_word' id='word_1_253' title='bbox 815 4162 905 4201; x_wconf 86' lang='lat' dir='ltr'><strong>ete.</strong></span> <span class='ocrx_word' id='word_1_254' title='bbox 940 4153 1021 4202; x_wconf 76' lang='lat' dir='ltr'><strong>Al.</strong></span> <span class='ocrx_word' id='word_1_255' title='bbox 1069 4169 1172 4201; x_wconf 74' lang='lat' dir='ltr'><strong>«ne</strong></span> <span class='ocrx_word' id='word_1_256' title='bbox 1212 4152 1284 4198; x_wconf 79' lang='lat' dir='ltr'><strong>vi-</strong></span> 
     </span>
    </p>

    <p class='ocr_par' dir='ltr' id='par_1_9' title="bbox 406 4241 1037 4314">
     <span class='ocr_line' id='line_1_39' title="bbox 406 4241 1037 4314; baseline 0 -15"><span class='ocrx_word' id='word_1_257' title='bbox 406 4241 499 4307; x_wconf 82' lang='lat' dir='ltr'><strong>V.</strong></span> <span class='ocrx_word' id='word_1_258' title='bbox 561 4255 654 4299; x_wconf 78' lang='lat' dir='ltr'><strong>Cae’c.</strong></span> <span class='ocrx_word' id='word_1_259' title='bbox 692 4269 798 4314; x_wconf 73' lang='lat' dir='ltr'><strong>pan</strong></span> <span class='ocrx_word' id='word_1_260' title='bbox 827 4253 1037 4302; x_wconf 63' lang='lat' dir='ltr'><strong>nanda.</strong></span> 
     </span>
    </p>
   </div>
   <div class='ocr_carea' id='block_1_4' title="bbox 1354 2969 2390 4216">
    <p class='ocr_par' dir='ltr' id='par_1_10' title="bbox 1354 2969 2390 4216">
     <span class='ocr_line' id='line_1_40' title="bbox 1356 2969 2365 3019; baseline 0.001 -2"><span class='ocrx_word' id='word_1_261' title='bbox 1356 2969 1491 3018; x_wconf 59' lang='grc' dir='ltr'><strong>ἀετοὶ</strong></span> <span class='ocrx_word' id='word_1_262' title='bbox 1512 2969 1749 3018; x_wconf 77' lang='lat' dir='ltr'><strong>victorem</strong></span> <span class='ocrx_word' id='word_1_263' title='bbox 1776 2969 1917 3017; x_wconf 76' lang='lat' dir='ltr'><strong>vivus</strong></span> <span class='ocrx_word' id='word_1_264' title='bbox 1943 2970 2077 3017; x_wconf 87' lang='lat' dir='ltr'><strong>inim.</strong></span> <span class='ocrx_word' id='word_1_265' title='bbox 2098 2992 2122 3010; x_wconf 70' lang='lat' dir='ltr'>a</span> <span class='ocrx_word' id='word_1_266' title='bbox 2150 2971 2199 3019; x_wconf 81' lang='lat' dir='ltr'><strong>J.</strong></span> <span class='ocrx_word' id='word_1_267' title='bbox 2222 2972 2281 3019; x_wconf 83' lang='lat' dir='ltr'><strong>V.</strong></span> <span class='ocrx_word' id='word_1_268' title='bbox 2313 2972 2365 3018; x_wconf 84' lang='lat'><strong>1..</strong></span> 
     </span>
     <span class='ocr_line' id='line_1_41' title="bbox 1430 3048 2369 3098; baseline -0.003 -1"><span class='ocrx_word' id='word_1_269' title='bbox 1430 3066 1512 3097; x_wconf 69' lang='grc' dir='ltr'><strong>ια.</strong></span> <span class='ocrx_word' id='word_1_270' title='bbox 1556 3049 1825 3097; x_wconf 80' lang='lat' dir='ltr'><strong>Inimicum.</strong></span> <span class='ocrx_word' id='word_1_271' title='bbox 1851 3050 1923 3096; x_wconf 90' lang='lat' dir='ltr'><strong>-L.</strong></span> <span class='ocrx_word' id='word_1_272' title='bbox 1961 3050 2182 3098; x_wconf 73' lang='lat' dir='ltr'><strong>cinnam.</strong></span> <span class='ocrx_word' id='word_1_273' title='bbox 2236 3071 2260 3089; x_wconf 74' lang='grc' dir='ltr'><strong>ιι</strong></span> <span class='ocrx_word' id='word_1_274' title='bbox 2284 3048 2369 3095; x_wconf 72' lang='lat'><strong>111·</strong></span> 
     </span>
     <span class='ocr_line' id='line_1_42' title="bbox 1354 3126 2373 3190; baseline -0.004 -15"><span class='ocrx_word' id='word_1_275' title='bbox 1354 3128 1660 3185; x_wconf 74' lang='lat' dir='ltr'><strong>audivimus,</strong></span> <span class='ocrx_word' id='word_1_276' title='bbox 1708 3129 1865 3190; x_wconf 83' lang='lat' dir='ltr'><strong>inquit</strong></span> <span class='ocrx_word' id='word_1_277' title='bbox 1919 3126 1972 3173; x_wconf 84' lang='lat' dir='ltr'><strong>iu</strong></span> <span class='ocrx_word' id='word_1_278' title='bbox 2022 3126 2241 3173; x_wconf 70' lang='lat' dir='ltr'><strong>oratione</strong></span> <span class='ocrx_word' id='word_1_279' title='bbox 2281 3142 2373 3190; x_wconf 88' lang='lat' dir='ltr'><strong>pro</strong></span> 
     </span>
     <span class='ocr_line' id='line_1_43' title="bbox 1357 3203 2375 3267; baseline -0.003 -13"><span class='ocrx_word' id='word_1_280' title='bbox 1357 3208 1556 3264; x_wconf 67' lang='lat' dir='ltr'><strong>Sauro,</strong></span> <span class='ocrx_word' id='word_1_281' title='bbox 1574 3206 1671 3252; x_wconf 88' lang='lat' dir='ltr'><strong>hoe</strong></span> <span class='ocrx_word' id='word_1_282' title='bbox 1688 3219 1806 3251; x_wconf 78' lang='lat' dir='ltr'><strong>vero</strong></span> <span class='ocrx_word' id='word_1_283' title='bbox 1826 3203 2146 3261; x_wconf 72' lang='lat' dir='ltr'><strong>meminimus,</strong></span> <span class='ocrx_word' id='word_1_284' title='bbox 2163 3219 2219 3250; x_wconf 70' lang='lat' dir='ltr'><strong>ae</strong></span> <span class='ocrx_word' id='word_1_285' title='bbox 2239 3219 2375 3267; x_wconf 64' lang='lat' dir='ltr'><strong>pane</strong></span> 
     </span>
     <span class='ocr_line' id='line_1_44' title="bbox 1355 3281 2375 3346; baseline -0.004 -13"><span class='ocrx_word' id='word_1_286' title='bbox 1355 3284 1596 3342; x_wconf 80' lang='lat' dir='ltr'><strong>vidimus,</strong></span> <span class='ocrx_word' id='word_1_287' title='bbox 1630 3281 1847 3344; x_wconf 68' lang='lat' dir='ltr'><strong>ejusdem</strong></span> <span class='ocrx_word' id='word_1_288' title='bbox 1879 3281 2044 3346; x_wconf 73' lang='lat' dir='ltr'><strong>stirpis</strong></span> <span class='ocrx_word' id='word_1_289' title='bbox 2077 3297 2133 3330; x_wconf 76' lang='lat' dir='ltr'><strong>ae</strong></span> <span class='ocrx_word' id='word_1_290' title='bbox 2163 3283 2375 3331; x_wconf 73' lang='lat' dir='ltr'><strong>nominis</strong></span> 
     </span>
     <span class='ocr_line' id='line_1_45' title="bbox 1357 3362 2378 3421; baseline -0.002 -8"><span class='ocrx_word' id='word_1_291' title='bbox 1357 3367 1415 3413; x_wconf 78' lang='lat'><strong>1³.</strong></span> <span class='ocrx_word' id='word_1_292' title='bbox 1451 3365 1706 3421; x_wconf 78' lang='lat' dir='ltr'><strong>Crassum,</strong></span> <span class='ocrx_word' id='word_1_293' title='bbox 1749 3377 1812 3408; x_wconf 85' lang='lat' dir='ltr'><strong>ne</strong></span> <span class='ocrx_word' id='word_1_294' title='bbox 1847 3362 1898 3408; x_wconf 85' lang='lat' dir='ltr'><strong>in</strong></span> <span class='ocrx_word' id='word_1_295' title='bbox 1935 3377 2103 3410; x_wconf 70' lang='lat' dir='ltr'><strong>manus</strong></span> <span class='ocrx_word' id='word_1_296' title='bbox 2143 3362 2378 3411; x_wconf 81' lang='lat' dir='ltr'><strong>incideret</strong></span> 
     </span>
     <span class='ocr_line' id='line_1_46' title="bbox 1359 3440 2375 3504; baseline -0.003 -15"><span class='ocrx_word' id='word_1_297' title='bbox 1359 3442 1694 3500; x_wconf 82' lang='lat' dir='ltr'><strong>inimicorum,</strong></span> <span class='ocrx_word' id='word_1_298' title='bbox 1731 3456 1782 3487; x_wconf 76' lang='lat' dir='ltr'><strong>se</strong></span> <span class='ocrx_word' id='word_1_299' title='bbox 1820 3440 1982 3504; x_wconf 72' lang='lat' dir='ltr'><strong>ipsum</strong></span> <span class='ocrx_word' id='word_1_300' title='bbox 2019 3441 2375 3490; x_wconf 68' lang='lat' dir='ltr'><strong>interemisse».</strong></span> 
     </span>
     <span class='ocr_line' id='line_1_47' title="bbox 1359 3519 2381 3583; baseline -0.001 -14"><span class='ocrx_word' id='word_1_301' title='bbox 1359 3523 1418 3570; x_wconf 76' lang='lat' dir='ltr'><strong>Et</strong></span> <span class='ocrx_word' id='word_1_302' title='bbox 1436 3521 1673 3569; x_wconf 74' lang='lat' dir='ltr'><strong>Pedianus</strong></span> <span class='ocrx_word' id='word_1_303' title='bbox 1691 3521 1797 3568; x_wconf 69' lang='lat' dir='ltr'><strong>hae</strong></span> <span class='ocrx_word' id='word_1_304' title='bbox 1815 3519 2064 3583; x_wconf 71' lang='lat' dir='ltr'><strong>adjungit:</strong></span> <span class='ocrx_word' id='word_1_305' title='bbox 2084 3540 2106 3562; x_wconf 77' lang='grc' dir='ltr'>ι</span> <span class='ocrx_word' id='word_1_306' title='bbox 2130 3521 2221 3568; x_wconf 77' lang='lat' dir='ltr'><strong>nic</strong></span> <span class='ocrx_word' id='word_1_307' title='bbox 2241 3523 2381 3571; x_wconf 75' lang='lat' dir='ltr'><strong>Cras·</strong></span> 
     </span>
     <span class='ocr_line' id='line_1_48' title="bbox 1360 3599 2382 3664; baseline -0.001 -17"><span class='ocrx_word' id='word_1_308' title='bbox 1360 3615 1440 3648; x_wconf 72' lang='lat' dir='ltr'><strong>eus</strong></span> <span class='ocrx_word' id='word_1_309' title='bbox 1461 3600 1555 3648; x_wconf 81' lang='lat' dir='ltr'><strong>fuit</strong></span> <span class='ocrx_word' id='word_1_310' title='bbox 1573 3612 1707 3664; x_wconf 78' lang='lat' dir='ltr'><strong>pater</strong></span> <span class='ocrx_word' id='word_1_311' title='bbox 1729 3599 1883 3649; x_wconf 69' lang='lat' dir='ltr'><strong>crassi</strong></span> <span class='ocrx_word' id='word_1_312' title='bbox 1910 3600 2016 3660; x_wconf 70' lang='lat' dir='ltr'><strong>ejus</strong></span> <span class='ocrx_word' id='word_1_313' title='bbox 2031 3633 2045 3657; x_wconf 91' lang='lat'><strong>,</strong></span> <span class='ocrx_word' id='word_1_314' title='bbox 2067 3599 2152 3662; x_wconf 89' lang='lat' dir='ltr'><strong>qui</strong></span> <span class='ocrx_word' id='word_1_315' title='bbox 2178 3600 2382 3647; x_wconf 66' lang='lat' dir='ltr'><strong>emulus</strong></span> 
     </span>
     <span class='ocr_line' id='line_1_49' title="bbox 1363 3677 2382 3742; baseline 0 -16"><span class='ocrx_word' id='word_1_316' title='bbox 1363 3679 1592 3742; x_wconf 65' lang='lat' dir='ltr'><strong>potentie</strong></span> <span class='ocrx_word' id='word_1_317' title='bbox 1624 3680 1715 3728; x_wconf 89' lang='lat' dir='ltr'><strong>Cn.</strong></span> <span class='ocrx_word' id='word_1_318' title='bbox 1751 3677 1969 3741; x_wconf 82' lang='lat' dir='ltr'><strong>Pompeii</strong></span> <span class='ocrx_word' id='word_1_319' title='bbox 2008 3678 2099 3725; x_wconf 79' lang='lat' dir='ltr'><strong>fuit</strong></span> <span class='ocrx_word' id='word_1_320' title='bbox 2124 3698 2150 3718; x_wconf 77' lang='grc' dir='ltr'><strong>ι·</strong></span> <span class='ocrx_word' id='word_1_321' title='bbox 2180 3692 2193 3725; x_wconf 86' lang='lat'>:</span> <span class='ocrx_word' id='word_1_322' title='bbox 2238 3679 2382 3742; x_wconf 87' lang='lat' dir='ltr'><strong>periit</strong></span> 
     </span>
     <span class='ocr_line' id='line_1_50' title="bbox 1361 3755 2382 3806; baseline -0.001 -1"><span class='ocrx_word' id='word_1_323' title='bbox 1361 3767 1522 3806; x_wconf 70' lang='lat' dir='ltr'><strong>eutem</strong></span> <span class='ocrx_word' id='word_1_324' title='bbox 1556 3757 1609 3803; x_wconf 88' lang='lat' dir='ltr'><strong>in</strong></span> <span class='ocrx_word' id='word_1_325' title='bbox 1641 3755 1969 3803; x_wconf 74' lang='lat' dir='ltr'><strong>dominatione</strong></span> <span class='ocrx_word' id='word_1_326' title='bbox 2005 3757 2057 3802; x_wconf 89' lang='lat' dir='ltr'><strong>L.</strong></span> <span class='ocrx_word' id='word_1_327' title='bbox 2104 3755 2287 3805; x_wconf 65' lang='lat' dir='ltr'><strong>Cinnae.</strong></span> <span class='ocrx_word' id='word_1_328' title='bbox 2324 3760 2346 3804; x_wconf 87' lang='lat'>1</span> <span class='ocrx_word' id='word_1_329' title='bbox 2350 3774 2382 3804; x_wconf 89' lang='lat' dir='ltr'><strong>n</strong></span> 
     </span>
     <span class='ocr_line' id='line_1_51' title="bbox 1365 3832 2384 3901; baseline 0.001 -18"><span class='ocrx_word' id='word_1_330' title='bbox 1365 3835 1604 3901; x_wconf 83' lang='lat' dir='ltr'><strong>prooemio</strong></span> <span class='ocrx_word' id='word_1_331' title='bbox 1630 3846 1786 3883; x_wconf 79' lang='lat' dir='ltr'><strong>autem</strong></span> <span class='ocrx_word' id='word_1_332' title='bbox 1814 3834 1846 3882; x_wconf 87' lang='grc'><strong>1.</strong></span> <span class='ocrx_word' id='word_1_333' title='bbox 1868 3836 1940 3880; x_wconf 92' lang='lat'><strong>111</strong></span> <span class='ocrx_word' id='word_1_334' title='bbox 1960 3832 2020 3881; x_wconf 87' lang='lat' dir='ltr'><strong>de</strong></span> <span class='ocrx_word' id='word_1_335' title='bbox 2038 3834 2171 3882; x_wconf 72' lang='lat' dir='ltr'><strong>Orat.</strong></span> <span class='ocrx_word' id='word_1_336' title='bbox 2205 3856 2227 3877; x_wconf 78' lang='grc' dir='ltr'>ι</span> <span class='ocrx_word' id='word_1_337' title='bbox 2244 3837 2384 3892; x_wconf 87' lang='lat' dir='ltr'><strong>Non,</strong></span> 
     </span>
     <span class='ocr_line' id='line_1_52' title="bbox 1365 3912 2386 3979; baseline 0 -17"><span class='ocrx_word' id='word_1_338' title='bbox 1365 3915 1528 3979; x_wconf 88' lang='lat' dir='ltr'><strong>inquit</strong></span> <span class='ocrx_word' id='word_1_339' title='bbox 1569 3913 1629 3960; x_wconf 88' lang='lat' dir='ltr'><strong>de</strong></span> <span class='ocrx_word' id='word_1_340' title='bbox 1681 3915 1736 3961; x_wconf 80' lang='lat'><strong>1..</strong></span> <span class='ocrx_word' id='word_1_341' title='bbox 1791 3912 1964 3961; x_wconf 64' lang='lat' dir='ltr'><strong>crum</strong></span> <span class='ocrx_word' id='word_1_342' title='bbox 1985 3945 2003 3971; x_wconf 85' lang='lat'><strong>,</strong></span> <span class='ocrx_word' id='word_1_343' title='bbox 2055 3914 2386 3979; x_wconf 83' lang='lat' dir='ltr'><strong>propinquum</strong></span> 
     </span>
     <span class='ocr_line' id='line_1_53' title="bbox 1368 3991 2386 4054; baseline -0.004 -14"><span class='ocrx_word' id='word_1_344' title='bbox 1368 4007 1540 4052; x_wconf 75' lang='lat' dir='ltr'><strong>suum,</strong></span> <span class='ocrx_word' id='word_1_345' title='bbox 1584 3991 1780 4038; x_wconf 72' lang='lat' dir='ltr'><strong>maximi</strong></span> <span class='ocrx_word' id='word_1_346' title='bbox 1816 3991 1963 4038; x_wconf 70' lang='lat' dir='ltr'><strong>animi</strong></span> <span class='ocrx_word' id='word_1_347' title='bbox 2000 3992 2182 4050; x_wconf 84' lang='lat' dir='ltr'><strong>virum,</strong></span> <span class='ocrx_word' id='word_1_348' title='bbox 2220 4003 2386 4054; x_wconf 75' lang='lat' dir='ltr'><strong>suapte</strong></span> 
     </span>
     <span class='ocr_line' id='line_1_54' title="bbox 1369 4069 2390 4120; baseline -0.001 -1"><span class='ocrx_word' id='word_1_349' title='bbox 1369 4071 1677 4120; x_wconf 79' lang='lat' dir='ltr'><strong>intersectum</strong></span> <span class='ocrx_word' id='word_1_350' title='bbox 1711 4086 1855 4119; x_wconf 71' lang='lat' dir='ltr'><strong>manu</strong></span> <span class='ocrx_word' id='word_1_351' title='bbox 1886 4069 2009 4117; x_wconf 80' lang='lat' dir='ltr'><strong>vidit</strong></span> <span class='ocrx_word' id='word_1_352' title='bbox 2026 4093 2068 4118; x_wconf 71' lang='lat' dir='ltr'><strong>a.</strong></span> <span class='ocrx_word' id='word_1_353' title='bbox 2100 4070 2236 4119; x_wconf 82' lang='lat' dir='ltr'><strong>Idem</strong></span> <span class='ocrx_word' id='word_1_354' title='bbox 2262 4081 2313 4118; x_wconf 80' lang='lat' dir='ltr'><strong>et</strong></span> <span class='ocrx_word' id='word_1_355' title='bbox 2338 4069 2390 4118; x_wconf 80' lang='lat' dir='ltr'><strong>in</strong></span> 
     </span>
     <span class='ocr_line' id='line_1_55' title="bbox 1372 4148 2178 4216; baseline -0.004 -16"><span class='ocrx_word' id='word_1_356' title='bbox 1372 4153 1581 4216; x_wconf 74' lang='lat' dir='ltr'><strong>epitome</strong></span> <span class='ocrx_word' id='word_1_357' title='bbox 1605 4151 1800 4200; x_wconf 69' lang='lat' dir='ltr'><strong>Liviam</strong></span> <span class='ocrx_word' id='word_1_358' title='bbox 1818 4185 1832 4208; x_wconf 90' lang='lat'><strong>,</strong></span> <span class='ocrx_word' id='word_1_359' title='bbox 1853 4148 1941 4197; x_wconf 88' lang='lat' dir='ltr'><strong>lib.</strong></span> <span class='ocrx_word' id='word_1_360' title='bbox 1969 4150 2178 4198; x_wconf 79' lang='lat' dir='ltr'><strong>Lxxx.</strong></span> 
     </span>
    </p>
   </div>
   <div class='ocr_carea' id='block_1_5' title="bbox 2110 4236 2155 4316">
    <p class='ocr_par' dir='ltr' id='par_1_11' title="bbox 2110 4236 2155 4316">
     <span class='ocr_line' id='line_1_56' title="bbox 2110 4236 2155 4316; baseline 0 -16"><span class='ocrx_word' id='word_1_361' title='bbox 2110 4236 2155 4316; x_wconf 75' lang='lat'>4</span> 
     </span>
    </p>
   </div>
  </div>
 </body>
</html>
