2994 4778
647 402 779 490 154
1281 406 1380 475 M.
1429 408 1511 476 T.
1570 407 2128 480 CICERONIS

638 528 761 616 lis,
796 525 1156 613 Maximis,
1184 522 1654 615 Africanis¹03
1690 552 2003 624 quorum
2036 528 2337 627 gloriam
2371 529 2594 626 hujus
2630 535 2775 606 vir-

637 650 792 708 tute
818 649 1231 708 renovatam
1259 658 1409 708 non
1436 636 1659 711 modo
1678 662 2075 737 speramus,
2099 663 2354 712 verum
2381 641 2598 711 etiam
2621 642 2774 736 jam

632 746 982 819 videmus.
1025 751 1176 818 Tua
1217 744 1447 835 fram,
1492 761 1704 819 tuum
1753 746 2183 819 maleficium
2211 801 2231 836 ‚
2281 762 2493 820 tuum
2535 751 2775 825 scelus

635 856 810 928 illud
847 869 989 944 est,
1028 870 1099 927 te
1129 854 1234 941 id,
1271 856 1472 954 quod
1514 857 2039 955 promulgasses
2075 858 2585 931 misericordiae
2628 885 2769 931 no-

634 968 860 1055 mine,
895 965 987 1038 ad
1023 964 1463 1040 crudelitatis
1502 982 1786 1065 tempus
1813 966 2192 1039 distulisse.
2239 972 2339 1039 Ac
2375 993 2573 1040 nunc
2601 972 2774 1067 qui-

633 1076 800 1149 dem
834 1080 913 1149 C.
935 1078 1293 1148 Antonius
1327 1076 1462 1147 hac
1495 1101 1643 1148 una
1683 1102 1765 1149 re
1798 1079 2158 1150 miseriam
2199 1090 2469 1150 suam¹¹
2508 1103 2772 1152 conso·

635 1187 857 1274 latur,
895 1183 1096 1283 quod
1136 1186 1479 1283 imagines
1517 1189 1738 1285 patris
1782 1202 1855 1260 et
1895 1186 2130 1260 fratris
2174 1189 2320 1277 sui,
2379 1186 2772 1288 fratrisque

632 1295 958 1385 filiam12,
1003 1321 1153 1367 non
1202 1299 1281 1367 in
1320 1293 1626 1385 familia,
1670 1297 1799 1369 sed
1839 1300 1917 1369 in
1958 1322 2244 1371 carcere
2298 1296 2765 1372 collocatas¹³

633 1405 879 1479 audire
921 1406 1211 1493 maluit,
1248 1430 1469 1503 quam
1514 1408 1785 1480 videre.

719 1520 877 1589 XII.
917 1522 1006 1588 Et
1023 1518 1369 1613 quoniam
1396 1521 1743 1614 pecunias
1770 1518 2077 1591 aliorum
2107 1506 2415 1619 despicis
2433 1574 2456 1608 ,
2484 1518 2579 1593 de
2617 1523 2767 1593 tuis

630 1626 893 1698 divitiis
938 1628 1568 1700 intolerantissime
1629 1629 1990 1726 gloriaris,
2053 1628 2219 1700 volo
2268 1631 2376 1700 uti
2417 1628 2602 1700 mihi
2650 1656 2765 1703 re-

626 1736 1024 1836 spondeas;
1065 1735 1413 1810 fecerisne
1444 1737 1758 1811 foedera¹
1809 1736 2145 1810 tribunus
2177 1735 2411 1837 plebis
2451 1762 2621 1809 cum
2660 1739 2765 1811 ci·

625 1846 1004 1934 vitatibus,
1038 1871 1207 1919 cum
1242 1846 1533 1946 regibus
1558 1902 1578 1936 ,
1629 1872 1795 1920 cum
1830 1848 2302 1920 ten-archiv?
2347 1850 2764 1945 erogarisne

626 1958 965 2052 pecunias
992 1983 1078 2029 ex
1103 1960 1348 2030 aerario
1371 1960 1515 2029 tuis
1539 1956 1860 2056 legibus?
1895 1959 2337 2057 eripuerisne
2353 1955 2762 2055 partes³illo

625 2079 952 2164 tempore
986 2070 1379 2140 carissimas
1418 2069 1680 2167 partim
1715 2092 1755 2140 a
1793 2073 2109 2156 Caesare‚
2148 2068 2408 2165 partim
2438 2092 2480 2139 a
2518 2066 2761 2165 publi-

625 2178 915 2249 canis⁴i³
963 2182 1142 2269 Quoe
1189 2202 1417 2276 quum
1466 2181 1563 2250 ita
1607 2180 1784 2268 sint,
1847 2203 2092 2276 quaero
2150 2201 2240 2248 ex
2282 2192 2393 2267 te,
2439 2179 2633 2250 sisne
2670 2204 2762 2250 ex

699 2349 780 2384 ro.
810 2332 1028 2389 Paulle‘s,
1072 2333 1336 2393 Maxime),
1371 2332 1639 2395 Affleam‘s.
1728 2332 1864 2382 dedit
1887 2332 2759 2383 collocatam.s.v.1..—c·reerun

621 2417 669 2465 A
695 2415 873 2479 quibus
897 2414 1132 2479 originem
1162 2413 1328 2463 ducit:
1367 2430 1395 2463 a
1422 2419 1475 2464 1..
1497 2416 1642 2463 AEmi·

620 2495 690 2544 lio
711 2494 904 2553 Paullo,
929 2494 1089 2559 quide
1107 2493 1395 2541 Macedonia
1420 2493 1636 2550 devicta.

1728 2425 1896 2463 orator
1915 2414 2128 2479 appellat
2139 2413 2323 2462 Vatinii
2351 2413 2588 2473 domum,
2611 2414 2758 2479 flagi·

1727 2494 1808 2543 tiis
1830 2492 2057 2542 omnibus
2084 2493 2464 2557 coinquinatam.

623 2578 863 2638 Pei-seque
883 2588 995 2637 rege
1014 2583 1160 2638 capto
1188 2572 1531 2636 triumphavit3
1554 2572 1640 2635 qui

624 2653 780 2702 fllium
814 2655 877 2716 Q.
906 2652 1057 2701 Fabio
1094 2652 1347 2709 Maximo,
1378 2651 1643 2699 Verrucosi

625 2733 753 2793 filio,
771 2732 1107 2797 adoptandum
1131 2730 1294 2780 dedit:
1319 2747 1348 2778 a
1368 2746 1468 2793 quo
1486 2730 1642 2778 Paulli

621 2812 727 2861 filio
753 2824 1020 2877 prognatus
1049 2820 1121 2857 est
1154 2810 1235 2857 hic
1273 2809 1475 2857 Antonii
1497 2825 1641 2858 aceu-

622 2903 773 2941 sator.
802 2892 849 2939 A
895 2892 959 2953 Q.
1004 2889 1153 2936 Fabio
1187 2887 1430 2943 Maximo,
1469 2887 1558 2951 qui
1591 2898 1640 2937 et

622 2971 807 3036 patris,
834 2980 883 3018 et
905 2970 1014 3028 avi,
1044 2977 1093 3016 et
1116 2981 1201 3016 sua
1228 2968 1405 3017 virtute
1424 2967 1645 3032 insignis,

621 3050 875 3116 adoptavit
892 3085 907 3110 ,
928 3059 986 3098 nt
1011 3048 1114 3096 dixi
1130 3082 1144 3105 ,
1172 3047 1326 3095 Paulli
1360 3045 1534 3097 filium.
1559 3048 1639 3098 Ab

621 3132 852 3180 Africano
890 3130 1101 3185 minore,
1129 3125 1241 3191 quia
1278 3124 1408 3175 filius
1443 3137 1494 3175 et
1536 3126 1640 3192 ipse

620 3211 850 3260 naturalis
875 3208 1029 3257 Paulli
1067 3207 1161 3255 fuit
1176 3242 1191 3266 ,
1232 3217 1282 3256 et
1320 3205 1383 3254 ab
1418 3206 1638 3256 Africani

621 3290 823 3337 minoris
847 3288 953 3336 filio
976 3298 1049 3336 est
1070 3286 1350 3349 adoptatus.

700 3385 720 3416 x
735 3385 782 3418 t.
803 3365 1051 3415 Miser-iam
1072 3380 1227 3413 suam.
1251 3366 1519 3413 Damnatus
1545 3364 1638 3412 fuit

622 3447 866 3499 Antonius
882 3481 898 3507 ,
935 3455 985 3491 et
1017 3444 1071 3490 in
1098 3442 1411 3506 Cephalouioe
1432 3441 1639 3490 insulam

622 3522 957 3589 commigravit
971 3558 987 3585 ,
1014 3520 1099 3568 ubi
1126 3535 1305 3570 novam
1323 3519 1493 3568 urbem
1512 3535 1635 3569 eon.

617 3606 794 3658 stituit.

700 3699 781 3734 ια.
817 3676 1006 3729 Imm&
1042 3676 1230 3745 filiam.
1281 3678 1334 3726 P.
1382 3677 1636 3726 Manutius

619 3774 762 3832 putat
786 3775 892 3809 eam
925 3774 1027 3806 esse
1067 3756 1227 3804 Marci
1260 3756 1467 3805 Antonii
1495 3772 1636 3806 soro-

618 3859 718 3894 rem
734 3878 749 3904 ,
781 3840 865 3905 qui
886 3840 1052 3902 postea
1072 3835 1167 3884 fuit
1188 3836 1428 3886 uiumvir.
1451 3836 1561 3884 Hoc
1580 3839 1636 3886 in

619 3925 833 3975 animum
858 3917 954 3967 sibi
977 3915 1173 3966 induxit
1189 3950 1206 3975 ‚
1243 3916 1381 3981 quod
1410 3918 1635 3966 Vatinius

620 4015 672 4047 η
694 3992 872 4046 Cauri
904 3987 1099 4037 affinem
1129 3989 1412 4049 jactitabat,
1451 4004 1479 4037 a
1506 3989 1637 4039 Julia

616 4092 731 4128 sane
752 4069 955 4122 Antonii
978 4078 1148 4115 matre.

698 4157 781 4205 13.
810 4150 1034 4204 Gravius
1054 4166 1082 4198 e
1105 4164 1182 4213 pr.
1200 4146 1313 4197 edd.
1337 4159 1389 4199 et
1413 4148 1505 4200 MS
1535 4147 1636 4197 Eri.

1799 2574 1915 2621 xn.
1943 2588 1986 2621 ι.
2011 2571 2488 2636 Fecen‘snefoedera.
2510 2571 2759 2620 Foederati

1727 2652 1967 2700 immunes
1995 2662 2163 2701 erant:
2200 2652 2267 2700 its
2299 2651 2525 2699 Vatinius
2551 2663 2757 2715 accepta

1726 2731 1935 2796 pecunia
1974 2747 2003 2778 a
2042 2730 2371 2795 stipendiariis
2411 2729 2641 2794 populis,
2669 2746 2757 2777 eos

1727 2810 1988 2858 soederatos
2028 2826 2130 2857 esse
2182 2809 2286 2872 lege
2331 2809 2557 2856 sancivit.
2599 2809 2756 2871 Quod

1725 2888 1922 2953 quidem
1937 2888 2019 2949 jus
2036 2887 2100 2935 ad
2119 2888 2359 2954 populum
2378 2886 2680 2951 pertinebat.

1800 2983 1850 3015 a.
1902 2969 2020 3018 Cum
2076 2966 2342 3016 tetrarchis.
2396 2968 2519 3015 Rem
2586 2966 2756 3014 obiter

1728 3046 1925 3111 quidem
1946 3047 2159 3110 attingit,
2173 3062 2234 3093 ne
2251 3047 2485 3094 Casas-em
2504 3045 2753 3105 offendat,

1727 3141 1817 3191 per
1841 3142 1987 3191 quem
2007 3126 2113 3174 baec
2136 3127 2297 3174 omnia
2322 3134 2427 3173 aeta
2449 3134 2627 3184 erant3
2661 3125 2753 3172 sed

1727 3206 1914 3254 Vatinii
1930 3205 2179 3253 avaritiam
2204 3214 2252 3253 et
2273 3203 2494 3252 fraudem
2524 3205 2717 3252 incnsn
2731 3237 2752 3262 ‚

1722 3285 1810 3350 qui
1844 3285 2095 3349 pecuniam
2117 3294 2368 3347 acceperat
2388 3282 2453 3330 ab
2476 3282 2563 3341 iis,
2584 3294 2643 3331 ut
2663 3299 2756 3331 eo·

1723 3379 1829 3411 rum
1874 3362 2249 3427 appellationem
2280 3360 2457 3426 populi
2500 3361 2757 3427 suffragii-s

1722 3451 1911 3490 curaret
1935 3441 2318 3506 approbandam.

1794 3522 1845 3570 3.
1892 3525 2083 3570 Partes.
2138 3521 2322 3568 Munus
2343 3551 2359 3577 ,
2403 3521 2714 3568 cni-ationem
2732 3555 2752 3576 .

1725 3598 2135 3663 dispensationem
2150 3599 2330 3657 aerarii,
2356 3612 2468 3662 qun
2494 3597 2562 3646 ad
2587 3600 2759 3648 Casu·

1724 3694 1825 3727 rem
1851 3678 2120 3738 consulem,
2139 3677 2226 3741 qui
2249 3676 2313 3725 de
2334 3675 2610 3726 dividendo
2629 3694 2761 3742 agro

1722 3759 1970 3822 Campano
2008 3757 2162 3820 legem
2206 3755 2380 3804 tulerat
2395 3790 2412 3817 ,
2448 3756 2762 3820 pertinebat.

1721 3862 1794 3873 -—
1820 3835 2121 3885 Carissimo-r.
2139 3835 2253 3885 Erat
2273 3835 2403 3883 enim
2428 3850 2621 3884 summa
2655 3841 2759 3900 1³0²

1722 3915 1878 3964 cunia
1895 3913 2448 3963 difficultas—Erum.
2466 3915 2760 3980 suspicatus

1723 4006 1796 4043 est
1823 3994 2085 4058 aliquando
2109 3993 2414 4044 eorussimas.
2440 3993 2490 4042 J.
2511 3995 2575 4041 V.
2604 3997 2661 4043 1..

1794 4076 1844 4132 4.
1871 4075 1920 4120 A
1937 4071 2230 4136 publicanis.
2257 4072 2379 4120 Tota
2408 4070 2491 4120 illa
2519 4073 2763 4137 pecunie

1724 4151 1933 4216 publice
1965 4152 2178 4215 curatio,
2203 4152 2331 4214 agris
2372 4151 2592 4203 emendis
2622 4153 2762 4202 assi·
