2994 4778
679 404 1060 474 ORATIO
1102 405 1215 472 IN
1265 406 1346 471 1..
1391 408 1467 472 c.
1521 406 2009 477 P1soNEM.
2257 409 2396 508 377
2462 398 2473 405 '

270 540 408 597 test
427 552 448 612 3
470 525 805 624 privatim
829 524 919 595 ad
950 548 1193 595 meum
1224 548 1493 596 nomen
1529 525 1936 624 augendum
1957 582 1978 610 ,
2006 531 2393 628 optandam

266 636 456 707 duco
492 636 671 705 mihi
712 637 926 706 fuisse
963 633 1157 704 illam
1192 635 1815 733 expetendamque
1846 636 2231 710 fortunam.
2269 647 2400 715 At-

263 770 409 842 que
437 800 456 827 ,
503 760 587 816 ut
628 759 832 815 tuum
873 745 1310 814 laetissimum
1354 744 1544 816 diem
1588 770 1755 816 cum
1799 748 2197 819 tristissimo
2233 775 2397 823 meo

264 854 667 940 conferam,
704 869 949 925 utrum
989 853 1278 925 tandem
1313 852 1524 927 bono·
1549 856 1705 965 *giro
1744 871 1818 927 et
1849 860 2155 953 sapienti
2197 875 2397 957 opta-

265 962 479 1037 bilius
530 980 781 1062 putaS,
839 965 943 1035 sic
983 964 1178 1036 exire
1220 989 1261 1035 a
1305 968 1575 1061 patria,
1623 981 1703 1037 ut
1739 990 1993 1039 omnes
2048 974 2159 1040 sui
2212 958 2399 1042 cives

265 1075 611 1162 salutem,
665 1074 1230 1145 incolumitatem
1254 1128 1274 1161 ,
1335 1074 1647 1146 reditum
1719 1091 2142 1173 precentur,
2198 1078 2399 1175 quod

264 1185 442 1254 mihi
483 1184 780 1270 accidit;
841 1208 966 1268 an,
1008 1183 1208 1279 quod
1262 1182 1392 1254 tibi
1445 1183 1928 1282 proficiscenti
1979 1187 2259 1271 evenit,
2318 1202 2399 1258 ut

264 1319 523 1366 omnes
559 1302 1210 1377 exsecrarenturm,
1252 1293 1436 1365 male
1482 1310 1975 1393 precarentur,
2016 1321 2233 1367 unam
2267 1282 2432 1368 tibi'

264 1405 460 1475 illam
488 1406 673 1476 viam
696 1414 754 1448 ¹¹
792 1420 865 1476 et
898 1417 1318 1502 perpetuam
1349 1428 1501 1476 esse
1534 1405 1846 1478 vellent?
1880 1406 2083 1494 Mihi,
2116 1407 2396 1480 medius

263 1513 522 1600 fidius»,
560 1517 633 1585 in
671 1530 873 1586 tanto
917 1519 1244 1585 omnium
1284 1516 1694 1586 mortalium
1733 1515 1944 1603 odio,
1978 1517 2176 1612 justo
2212 1542 2396 1625 prae-

266 1631 510 1697 sertim
540 1641 613 1697 et
642 1626 913 1713 debito,
932 1628 1200 1723 quaevis
1233 1623 1405 1723 fuga
1443 1627 1784 1723 potiusw,
1804 1651 2022 1722 quam
2060 1626 2206 1699 ulla
2241 1652 2401 1723 pro-

265 1737 496 1807 vincia
521 1792 542 1825 ,
581 1751 765 1809 esset
794 1738 1129 1834 optatior.

362 1851 519 1917 XV.
571 1845 709 1916 Sed
751 1870 970 1944 perge
1009 1868 1254 1942 porro.
1301 1848 1486 1915 Nam
1531 1847 1591 1915 si
1631 1843 1820 1916 illud
1855 1869 2099 1918 meum
2138 1844 2397 1918 turbu·

265 1956 744 2028 lentissimum
782 1970 1069 2052 tempus
1114 1944 1584 2051 profectionis
1630 1969 1762 2025 tuo
1807 1957 2395 2053 tranquillissimo

265 2081 589 2165 praestat,
626 2065 800 2162 quid
836 2062 1198 2135 conferam
1247 2065 1562 2161 reliqua,
1601 2090 1758 2161 quae
1795 2065 1869 2136 in
1911 2078 1984 2136 te
2022 2066 2393 2138 dedecoris

265 2176 480 2273 plena
534 2174 868 2262 suerunt,
919 2176 995 2244 in
1051 2198 1166 2244 me
1217 2171 1628 2269 dignitatis?
1664 2180 1781 2245 Me
1834 2173 2196 2247 kalendis1
2241 2177 2390 2271 jan.

269 2289 394 2383 qui
429 2286 582 2356 dies
621 2300 789 2382 post
822 2284 1106 2355 obitum
1145 2307 1626 2379 occasumque
1671 2299 1999 2354 nostrum
2046 2283 2393 2382 reipubli-

266 2421 364 2467 cae
394 2399 669 2493 primus
707 2394 973 2482 illuxit,
1010 2393 1633 2490 frequentissimus
1670 2409 1997 2482 senatus»,
2034 2419 2394 2467 concursu

266 2505 480 2576 Italia}
506 2560 525 2589 ‚
582 2504 941 2576 referente
1011 2503 1400 2574 clarissimo
1471 2513 1698 2600 atque·
1752 2502 2142 2577 fortissimo
2199 2506 2392 2592 vim,

264 2620 335 2686 P.
367 2615 718 2701 Lentulo,
765 2618 1262 2685 consentiente
1301 2612 1582 2710 populo
1615 2625 1978 2702 roman02,
1998 2628 2215 2711 atque
2249 2639 2395 2686 una

264 2750 443 2797 voce
489 2728 870 2795 revocavit.
932 2728 1052 2793 Me
1089 2722 1278 2793 idem
1313 2738 1601 2795 senatus
1635 2725 1895 2797 exteris
1938 2724 2393 2815 nationibus,

262 2861 382 2908 me
427 2836 675 2932 legatis
717 2833 1394 2932 magistratibusque
1442 2837 1706 2926 nostris
1752 2838 2176 2908 auctoritate
2226 2861 2392 2920 sua,

264 2944 774 3018 consularibus
803 2944 1060 3033 literiS,
1091 2949 1278 3028 non,
1312 2957 1393 3013 ut
1426 2956 1508 3014 tu
1538 2943 1844 3017 Insuber
1863 2942 1891 2989 ³
1918 2944 2157 3017 dicere
2184 2968 2398 3016 ausus

341 3133 425 3165 to.
453 3118 516 3164 tlt
538 3133 704 3164 omnes
731 3126 1113 3164 exsecrarentur.
1140 3120 1284 3165 Iuve-
1372 3129 1518 3177 quam
1541 3114 1653 3163 vitae
1676 3113 1832 3162 finem
1848 3115 2105 3163 invenires.
2132 3113 2397 3163 Commode

261 3198 349 3246 nio
378 3196 622 3260 duplicem
649 3195 795 3244 fuisse
829 3195 1172 3243 exsecrationis
1204 3213 1282 3245 ra·
1371 3192 1624 3258 Manutius
1679 3191 1812 3240 hunc
1859 3208 1922 3240 ex
1978 3194 2147 3241 Nonio
2186 3193 2398 3258 Tun-pilii

260 3278 446 3326 tionem
465 3292 560 3340 qua
581 3274 997 3340 prosequebantur
1015 3286 1280 3332 exeuntes:
1372 3287 1565 3319 versum
1611 3271 1799 3334 profert
1821 3306 1837 3331 ,
1886 3271 2167 3335 «Egredere
2201 3286 2215 3320 :
2250 3284 2398 3337 atque

259 3358 462 3405 alteram
504 3353 862 3402 tumultuariam
879 3388 893 3412 ,
941 3363 989 3400 et
1033 3369 1134 3401 uon
1184 3365 1280 3403 tam
1370 3351 1559 3398 utinam
1605 3353 1731 3400 istuc
1790 3361 2083 3417 perpetuum
2131 3352 2277 3401 itiner
2331 3353 2396 3401 sit

260 3437 465 3502 publico
493 3434 797 3498 magistratus
825 3443 1078 3480 senatusve
1110 3429 1281 3481 cousi-
1369 3430 1488 3479 tibi!
1513 3453 1539 3473 ιο

259 3517 353 3574 lio,
381 3530 530 3578 quam
562 3512 809 3559 communi
836 3511 991 3575 plebis
1025 3514 1276 3576 conspira-
1448 3526 1532 3560 ta.
1561 3510 1737 3559 Potius.
1762 3510 1920 3561 Abest
1946 3511 1999 3557 iu
2025 3511 2116 3558 MS
2142 3510 2330 3560 Faerni.

261 3596 397 3643 tione
446 3602 745 3655 susceptam,
786 3601 842 3638 ut
878 3590 1083 3655 contigit
1119 3592 1282 3641 Pisoni
1438 3592 1557 3640 XV.
1597 3606 1641 3640 x.
1675 3593 1751 3638 Me
1780 3588 2005 3638 kalendis
2026 3589 2144 3652 jan.
2176 3593 2290 3653 Quo
2316 3590 2395 3638 die

260 3685 307 3722 et
325 3672 576 3721 Gabinio:
612 3670 810 3718 alteram
835 3670 927 3718 rite
946 3704 962 3728 ,
991 3672 1134 3717 certis
1160 3672 1282 3719 ceri-
1369 3671 1430 3717 P.
1455 3670 1689 3717 Lentulus
1716 3668 1978 3733 Spinther,
2008 3680 2059 3716 et
2081 3670 2145 3730 Q.
2168 3666 2395 3716 Metellus

259 3751 440 3800 moniis
466 3749 721 3812 verbisque
752 3760 1034 3814 conceptam
1061 3748 1167 3797 fieri
1202 3766 1283 3798 so·
1368 3748 1540 3809 Nepos
1570 3748 1879 3797 consulatum
1905 3747 2139 3795 inierunt.
2160 3748 2258 3809 Qui
2290 3746 2394 3794 dies

257 3832 412 3882 litam.
430 3830 601 3880 Altera
621 3829 768 3876 tacito
787 3828 943 3893 plebis
962 3845 1219 3888 consensu,
1233 3841 1282 3878 et
1368 3839 1483 3892 post
1499 3829 1851 3892 profectionem
1870 3842 2023 3875 meam
2044 3827 2228 3891 primus
2256 3826 2383 3896 reip.

258 3909 707 3959 admurmuratione
730 3907 892 3957 fiebat.
1368 3907 1508 3969 quasi
1531 3906 1708 3969 fugatis
1735 3905 1947 3953 tenebris
1971 3904 2158 3954 illuxit.

337 4008 357 4038 ι
377 4007 423 4039 1.
456 3994 618 4040 Unam
645 3988 733 4036 tibi
761 3988 895 4036 illam
921 3988 1060 4036 viam
1086 4000 1137 4035 ee
1160 4006 1279 4053 per·
1441 4001 1492 4031 a.
1520 3984 1716 4033 Lallem.
1733 3983 1905 4048 populi
1928 3984 2139 4039 romani.

250 4082 476 4135 petuam.
503 4072 669 4132 Quum
695 4084 864 4116 omnes
890 4079 1199 4132 expeterent,
1225 4079 1281 4118 ut
1442 4064 1490 4112 3.
1517 4065 1659 4120 Non,
1697 4074 1753 4111 ue
1784 4075 1836 4111 tu
1862 4065 2078 4112 Insuber.
2108 4063 2387 4111 Calventius

262 4151 317 4198 in
339 4150 421 4197 illa
441 4150 516 4196 via
536 4150 743 4213 perires,
771 4164 859 4196 nec
879 4148 1017 4212 prius
1035 4148 1165 4195 illius
1188 4148 1276 4196 viae
1366 4143 1558 4197 Pisonis
1577 4159 1696 4192 avus
1709 4155 1951 4192 maternus
1966 4159 2029 4191 ex
2042 4141 2197 4204 Gallia
2211 4142 2388 4188 Trans-
