2994 4778
589 416 634 497 4

1266 406 2034 476 ARGUMENTUM.

666 554 891 614 gressus
911 533 1134 602 Cicero,
1163 549 1339 608 quum
1368 529 1512 587 nihil
1534 529 1653 605 jam
1687 527 1760 586 ad
1788 528 2238 607 disputationem
2268 528 2541 589 accedere
2574 549 2717 609 pos-

665 645 784 702 set,
811 643 871 689 et
892 630 967 688 de
994 627 1196 687 ceteris
1228 625 1568 685 criminibus
1599 626 1699 684 alii
1723 624 2182 703 respondissent,
2210 624 2603 687 defensionem
2636 629 2720 686 ita

669 728 941 799 instituit,
969 740 1032 784 ut
1058 738 1364 804 postquam
1402 723 1475 781 de
1507 723 1691 782 Sextii
1745 735 1985 795 natura,
2043 721 2335 795 moribus,
2388 723 2718 782 incredibili

669 830 730 888 in
768 828 952 887 bonos
987 846 1215 897 amore,
1262 826 1323 883 in
1368 825 1550 883 malos
1597 823 1736 882 odio
1779 822 2045 896 dixisset,
2079 823 2224 883 nihil
2257 824 2417 901 quod
2448 824 2520 883 ad
2552 845 2717 883 reum

665 939 766 985 aut
806 921 1220 1002 rempublicam
1261 920 1607 999 pertineret,
1648 920 2092 999 praetermittere
2126 919 2444 979 videretur.
2485 921 2718 981 Omisso

665 1026 862 1102 itaque
884 1021 1050 1099 jure,
1092 1016 1249 1097 quod
1290 1017 1364 1077 ad
1406 1020 1727 1077 satietatem
1753 1018 1875 1096 jam
1902 1018 2259 1095 disputatum
2302 1017 2516 1090 suerat,
2550 1018 2625 1077 de
2657 1039 2720 1077 se

661 1120 822 1198 ipso,
849 1134 1022 1195 quem
1050 1114 1110 1172 in
1140 1115 1412 1174 Sextiana
1443 1133 1617 1172 causa
1640 1114 1877 1173 omnino
1910 1112 2217 1173 accusabat
2245 1114 2517 1186 Clodius,
2546 1113 2721 1193 plura

665 1213 976 1299 praemisit,
1027 1226 1247 1270 summa
1319 1209 1610 1269 interdum
1665 1230 1797 1269 cum
1839 1207 2106 1269 libertate
2154 1212 2220 1268 P.
2263 1211 2445 1270 Sextii
2491 1231 2721 1270 causam

665 1310 994 1392 peroravit,
1036 1328 1104 1367 ac
1141 1308 1505 1387 praecipuum
1541 1306 1807 1385 pietatis,
1848 1304 2196 1384 eloquentiae
2236 1326 2304 1365 ac
2345 1306 2565 1367 doloris
2596 1329 2725 1367 cer-

666 1422 857 1467 tamen
892 1404 1090 1464 edidit.

746 1506 815 1563 In
851 1500 1094 1560 exordio
1119 1501 1371 1579 primum
1404 1500 1670 1578 queritur
1691 1496 1947 1557 latrones
1967 1498 2279 1559 Clodianos
2312 1520 2383 1559 eo
2402 1500 2726 1579 procedere

671 1599 962 1671 audaciae,
1012 1610 1077 1656 ut
1107 1598 1168 1656 in
1201 1615 1349 1676 quos
1387 1596 1500 1674 ipsi
1527 1595 1745 1654 nefaria
1791 1596 1853 1655 vi
1885 1598 2124 1674 grassati
2154 1597 2297 1670 sint,
2327 1617 2426 1656 eos
2457 1599 2614 1656 ultro
2651 1597 2726 1657 de

670 1698 730 1757 vi
756 1707 1029 1756 accusent
1049 1739 1066 1768 ,
1095 1694 1444 1773 optimisque
1471 1692 1693 1775 civibus
1720 1713 1828 1771 per
1847 1693 2071 1772 judices
2096 1694 2254 1752 viros
2282 1695 2533 1773 optimos
2564 1697 2728 1773 peri,-

668 1795 863 1854 culum
891 1795 1202 1864 minentur,
1230 1810 1355 1868 cap.
1374 1810 1423 1847 1.
1446 1789 1672 1849 Deinde
1701 1789 1953 1849 ostendit
1977 1810 2057 1864 se,
2072 1810 2420 1870 quamquam
2442 1812 2475 1850 a
2493 1797 2564 1866 Q.
2577 1796 2728 1851 Hor-

671 1890 855 1949 tensio
900 1909 1070 1948 causa
1106 1892 1169 1948 Ρ.
1215 1887 1397 1948 Sextii
1427 1886 1548 1964 jam
1586 1901 1858 1965 perorata
1903 1889 2007 1961 sit,
2038 1887 2301 1966 nihilque
2344 1888 2419 1946 ab
2458 1908 2531 1946 eo
2580 1908 2729 1966 prae-

671 1988 995 2048 termissum
1018 2030 1035 2058 ‚
1066 1984 1225 2064 quod
1267 1997 1365 2043 aut
1396 2005 1507 2063 pro
1535 1984 1835 2063 republica
1873 1986 2347 2064 conquerendum
2384 1986 2559 2045 fuerit
2580 2029 2596 2057 ‚
2628 2000 2731 2046 aut

671 2104 781 2164 pro
827 2103 930 2142 reo
978 2080 1423 2162 disputandum,
1476 2096 1664 2141 tamen
1707 2080 1780 2140 ad
1830 2080 2138 2142 dicendum
2180 2083 2451 2163 aggredi,
2506 2103 2581 2142 ne
2625 2103 2732 2143 sua

670 2180 1062 2261 propugnatio
1090 2180 1143 2238 ei
1173 2179 1535 2257 potissimum
1567 2167 1817 2239 defuisse
1847 2179 2131 2255 videatur,
2157 2201 2268 2259 per
2285 2201 2457 2260 quem
2485 2181 2559 2240 sit
2587 2202 2727 2259 per-

675 2279 926 2351 fectum,
972 2297 1046 2335 ne
1095 2277 1300 2335 ceteris
1349 2275 1574 2335 civibus
1613 2274 1837 2336 deesset
1878 2277 2073 2356 (quod
2119 2277 2239 2336 scil.
2279 2278 2340 2337 iu
2378 2298 2439 2337 se
2477 2277 2730 2356 reipubl.

681 2372 1039 2435 restituendo
1066 2366 1344 2453 praeclara
1373 2373 1552 2434 Sextii
1580 2364 1762 2454 opera
1789 2374 2154 2454 exstitisset).
2181 2373 2295 2435 Sed
2324 2376 2594 2454 quoniam
2630 2396 2729 2434 ce-

677 2474 786 2532 teri
814 2472 1146 2532 defensores
1175 2471 1414 2549 singulis
1443 2470 1781 2531 criminibus
1806 2471 1942 2530 satis
1969 2473 2403 2552 responderint,
2432 2474 2640 2532 Cicero
2667 2494 2731 2532 se

680 2572 754 2630 de
779 2571 936 2628 omni
966 2582 1118 2629 statu
1147 2571 1209 2628 P.
1224 2568 1405 2629 Sextii
1423 2613 1439 2641 ,
1456 2568 1531 2627 de
1558 2571 1767 2648 genere
1799 2570 1934 2628 vitae
1954 2614 1969 2641 ,
1998 2570 2070 2628 de
2094 2584 2320 2646 natura,
2349 2571 2424 2630 de
2450 2569 2731 2644 moribus,

682 2668 756 2726 de
795 2666 986 2725 studio
1020 2665 1428 2725 conservandae
1470 2665 1671 2725 salutis
1713 2666 2032 2725 communis
2073 2680 2247 2746 atque
2288 2667 2393 2727 otii
2438 2668 2734 2727 dicturum

682 2783 805 2822 esse
833 2764 1165 2841 profitetur,
1195 2781 1322 2839 cap.
1355 2780 1409 2819 a.

761 2863 966 2936 Itaque
994 2859 1243 2937 primum
1276 2858 1460 2935 qualis
1490 2855 1622 2915 an'te
1662 2871 2008 2936 quaesturam
2037 2860 2212 2918 suerit
2249 2857 2509 2919 breviter
2533 2869 2737 2920 osten-

684 2956 807 3029 dit,
844 2971 970 3035 cap.
1006 2957 1061 3015 3.
1090 2953 1314 3014 Deinde
1353 2975 1483 3034 quae
1525 2956 1648 3032 ejus
1687 2957 1899 3016 fuerint
1926 2959 2225 3036 quaestoris
2248 2957 2307 3016 in
2336 2958 2740 3037 conjuratione

688 3053 1021 3113 Catilinaria
1053 3053 1261 3111 merita
1288 3052 1529 3130 exponit
1549 3098 1564 3126 ,
1590 3072 1717 3132 cap.
1745 3062 1778 3122 4
1799 3097 1816 3126 ,
1843 3056 1914 3127 53
1946 3056 2172 3115 tandem
2202 3054 2586 3134 praetermissa
2613 3056 2739 3134 ejus
2809 3081 2814 3086 ·

685 3165 975 3231 quaestura
1006 3150 1349 3230 provinciali
1379 3147 1453 3209 ad
1483 3148 1840 3209 tribunatum
1867 3152 2118 3226 accedit,
2143 3153 2567 3232 significatque,
2601 3155 2740 3231 quia

688 3247 784 3306 ille
818 3247 1142 3305 tribunatus
1169 3247 1414 3305 maxime
1452 3266 1682 3305 causam
1713 3246 1931 3306 reditus
1961 3248 2051 3306 sui
2087 3250 2455 3324 sustinuerit,
2475 3250 2741 3328 quamvis

684 3344 805 3423 jam
834 3343 970 3401 satis
996 3341 1071 3399 de
1099 3361 1171 3399 eo
1200 3342 1543 3400 Hortensius
1574 3339 1819 3413 dixerit,
1853 3342 1959 3401 sibi
1989 3343 2062 3402 de
2085 3343 2288 3402 iisdem
2317 3344 2519 3418 rebuS,
2545 3345 2595 3404 si
2619 3365 2740 3404 non

690 3441 958 3500 subtilius
994 3438 1439 3518 disputandum,
1486 3452 1547 3497 at
1594 3452 1749 3498 certe
1794 3437 2081 3499 dolentius
2113 3440 2537 3520 deplorandum
2577 3461 2700 3501 esse
2723 3486 2743 3515 ,

688 3559 815 3617 cap.
846 3538 899 3595 6.

770 3642 1099 3711 Antequam
1128 3651 1268 3690 vero
1292 3630 1368 3691 de
1388 3632 1517 3709 ipso
1546 3632 1728 3692 Sextii
1752 3631 2046 3692 tribunatu
2075 3634 2270 3694 dicere
2303 3636 2531 3716 incipit,
2556 3648 2742 3695 totum

694 3733 1012 3812 superioris
1038 3732 1197 3800 anni,
1225 3731 1285 3788 h.
1319 3752 1367 3789 e.
1392 3736 1614 3791 ann.U.
1642 3731 1918 3810 695‚quo
1940 3735 2259 3794 exsulatum
2281 3733 2534 3807 abierat,
2557 3736 2748 3813 reipu-

691 3831 857 3888 blicae
884 3828 1245 3906 naufragium
1273 3827 1531 3906 exponit.
1560 3831 1985 3890 Commemorat
2013 3832 2189 3910 igitur
2211 3832 2396 3892 Clodii
2427 3829 2746 3889 traductio-

693 3947 824 3986 nem
853 3926 925 3985 ad
957 3925 1207 4006 plebem,
1235 3925 1357 4003 ejus
1385 3925 1740 3985 tribunatum
1768 3949 1886 3986 non
1911 3950 2028 3988 suae
2055 3932 2240 3988 solum
2274 3929 2462 4002 saluti,
2484 3924 2582 3986 sed
2617 3931 2747 3987 uni—

690 4045 869 4082 versae
898 4022 1236 4102 reipublicae
1269 4024 1535 4082 infestum
1561 4046 1578 4096 3
1624 4026 1927 4087 consulum
1958 4028 2181 4087 Pisonis
2203 4041 2262 4085 et
2292 4025 2526 4085 Gabinii
2552 4026 2746 4085 Clodii

690 4121 1031 4182 immanitati
1059 4120 1410 4194 faventium,
1454 4122 1512 4179 in
1549 4143 1693 4199 quos
1723 4124 2091 4186 acerbissime
2118 4124 2445 4197 invehitur,
2490 4124 2746 4201 flagitia3
