2994 4778
571 418 952 488 ORATIO
1001 418 1200 485 PRO
1251 418 1328 484 C.
1370 418 1448 483 R.
1508 417 2026 488 POSTUMO.
2225 417 2364 504 [063

222 541 624 617 sericordia
681 537 1020 637 opitulari
1080 532 1480 624 debebam,
1552 537 1817 609 invidia
1883 528 2176 635 quaesita
2225 559 2353 614 est.

331 653 474 726 Sed
508 654 692 749 jam,
732 650 1113 745 quoniam,
1162 662 1244 717 ut
1284 671 1530 743 spem,
1573 644 1831 735 fidem,
1865 673 2081 744 quam
2112 654 2357 748 potui,

221 766 367 838 tibi
394 764 708 863 praestiti‚
743 765 1083 831 Postume
1101 811 1121 845 ,
1146 755 1441 828 reddam
1474 759 1686 828 etiam
1719 758 2157 854 lacrymas¹⁰‚
2187 786 2363 858 quas

222 874 474 946 debeo
508 900 524 942 ε
571 894 754 967 quas
789 868 1086 965 quidem
1118 891 1254 964 ego
1298 881 1456 937 tuas
1494 868 1569 936 in
1612 892 1777 938 meo
1819 892 1985 939 casu
2020 869 2391 966 plurimas.

222 984 404 1055 vidi.
432 986 774 1053 Versatur
802 992 965 1049 ante
993 977 1242 1048 oculos
1271 976 1594 1047 luctuosa
1617 1003 1766 1048 nox
1794 979 1968 1048 meis
1996 979 2363 1063 omnibus,

231 1116 467 1190 quum
513 1105 592 1161 tu
640 1103 875 1159 totum
928 1102 1001 1157 te
1049 1110 1211 1157 cum
1262 1088 1403 1156 tuis
1454 1087 1680 1184 copiis
1725 1084 1813 1157 ad
1864 1113 1980 1158 me
2022 1086 2362 1160 detulisti.

222 1208 343 1274 Tu
387 1199 807 1285 comitibuS,
850 1213 932 1268 tu
977 1194 1354 1295 praesidi0‚
1406 1212 1484 1266 tu
1537 1199 1750 1267 etiam
1789 1212 1992 1268 tanto
2039 1198 2361 1297 pondere

225 1313 428 1398 auri,
474 1325 829 1408 quantum
883 1322 1170 1405 ternpus
1227 1305 1404 1376 illud
1459 1305 1907 1403 postulabat,
1965 1307 2357 1379 discessum

226 1420 442 1491 illum
494 1421 902 1491 sustentasti
964 1445 978 1488 :
1036 1431 1119 1488 tu
1163 1441 1561 1513 numquam
1612 1419 1826 1504 mei5‚
1877 1443 1993 1488 me
2036 1418 2360 1505 absente,

224 1529 515 1616 liberis,
558 1552 957 1625 numquam
994 1527 1284 1623 conjugi
1321 1550 1495 1596 meae
1541 1525 1855 1597 defuisti.
1903 1532 2199 1599 Possum
2248 1556 2364 1599 ex-

226 1641 457 1710 citare
478 1638 744 1709 multos
762 1636 1096 1708 reductos
1115 1643 1205 1720 ¹¹,
1240 1650 1454 1705 testes
1485 1635 1925 1709 liberalitatis
1956 1653 2092 1709 tuae
2123 1639 2360 1736 :quod

226 1773 421 1846 saepe
458 1748 698 1819 audivi
738 1752 919 1845 patri
957 1761 1122 1828 tuo,
1165 1748 1294 1842 qui
1334 1745 1403 1815 id
1437 1743 1816 1834 fecissem,
1855 1748 2118 1845 magno
2159 1749 2361 1846 adju-

227 1875 486 1932 mento
514 1862 587 1929 in
615 1859 884 1953 judicio
917 1858 1166 1955 capitis
1194 1855 1433 1927 fuisse.
1471 1856 1611 1926 Sed
1643 1856 1789 1949 jam
1820 1860 2061 1929 omnia
2094 1861 2315 1941 timeo
2344 1889 2359 1930 ε

222 1960 887 2064 bonitatisipsius¹3
912 1965 1250 2037 invidiam
1293 1963 1706 2037 reformido,
1749 1970 1902 2035 Jam
1948 1967 2213 2039 indicat
2253 1984 2359 2040 tot

222 2080 615 2150 hominum
658 2077 904 2166 fletu5‚
957 2101 1174 2174 quam
1213 2077 1308 2147 sis
1353 2101 1560 2147 carus
1602 2081 1746 2147 tuis
1802 2102 1818 2145 :
1865 2091 1935 2147 et
1986 2103 2101 2149 me
2151 2078 2359 2151 dolor

224 2188 665 2276 debilitat14,
697 2187 1146 2284 includitque
1185 2210 1461 2258 vocem.
1488 2190 1636 2257 Vos
1672 2185 2005 2274 obsecr0,
2047 2187 2360 2284 judices,

226 2316 314 2371 ut
359 2299 530 2372 huic
559 2302 837 2398 optimo
868 2300 1048 2384 viro,
1086 2322 1236 2396 quo
1267 2321 1483 2368 nemo
1516 2296 1772 2367 melior
1804 2322 2144 2396 umquam
2182 2298 2354 2387 suit,

224 2434 498 2480 nomen
540 2411 801 2507 equitis
826 2410 1147 2495 romani,
1192 2422 1264 2479 et
1304 2402 1675 2478 usuram¹⁵
1706 2406 1924 2501 hujus
1958 2410 2137 2480 lucis
2161 2411 2249 2499 ¹⁶,
2286 2429 2357 2483 et

301 2647 357 2692 9.
386 2629 629 2693 Opitulan'
644 2629 860 2678 debebat.
879 2630 960 2678 Al.
988 2639 1101 2693 post
1119 2631 1245 2675 Gru-

225 2727 415 2770 terum,
464 2711 695 2776 opitulari
730 2711 918 2758 debeat.
973 2709 1068 2757 Sed
1112 2719 1247 2774 putat

1335 2627 1673 2690 negligentiam
1696 2627 1850 2684 dices,
1872 2628 2152 2676 mirabimur
2167 2644 2182 2689 ;
2200 2634 2241 2679 si
2265 2632 2357 2681 bo·

1337 2708 1536 2755 uitatem
1550 2742 1563 2763 ‚
1587 2706 1850 2755 ridebimus
1864 2730 1907 2755 ι.

223 2794 422 2839 Ernest.
457 2790 626 2838 vitium
658 2807 762 2838 esse
793 2788 1074 2849 latinitatis,
1095 2804 1247 2851 quum

223 2869 440 2934 pendeat
474 2869 568 2916 boe
611 2868 811 2917 verbum
847 2884 876 2914 a
916 2867 1123 2931 quoesita
1158 2878 1243 2914 ese.

221 2950 257 2995 J
260 2986 278 2998 .
290 2950 361 2995 V.
388 2950 449 2996 1..

312 3043 389 3074 ro.
409 3026 681 3075 Reddam...
696 3027 953 3084 lacrymas.
972 3025 1051 3071 Sic
1071 3024 1122 3070 in
1141 3024 1246 3071 aliis

223 3105 563 3166 orationihus,
611 3105 834 3152 videlieet
888 3119 977 3167 pro
1016 3103 1213 3150 Plancio
1230 3138 1243 3160 ‚

224 3185 475 3242 Cluentio,
517 3184 703 3230 Milone
722 3219 736 3242 ‚
784 3195 878 3231 etc.
920 3183 1092 3245 Neque
1129 3197 1244 3228 vero

228 3276 393 3329 turpes
442 3264 558 3310 olim
607 3262 715 3309 viro
762 3261 893 3325 gravi
942 3260 1246 3308 habebantur

224 3344 456 3407 laerymae
497 3341 732 3399 modica-23
772 3339 1019 3388 muliebris
1058 3349 1243 3386 tantum

225 3423 446 3486 ploratus
470 3420 833 3483 repudiabatur.

302 3518 322 3549 1
338 3518 357 3548 ι
373 3537 385 3549 .
417 3500 598 3548 Multos
622 3499 867 3545 reductos.
904 3497 962 3545 Id
989 3509 1087 3554 est,
1114 3497 1245 3545 resti·

224 3592 357 3629 tutos
380 3581 435 3627 iu
462 3579 632 3626 urbem
655 3588 702 3624 et
733 3577 783 3623 in
814 3578 1005 3636 forum3
1037 3593 1243 3640 quorum

223 3678 288 3709 aes
311 3661 526 3707 alienum
551 3657 761 3705 solverat
788 3655 1032 3705 Rabirius.

302 3755 360 3787 ω
372 3774 385 3785 .
407 3737 476 3784 Id
473 3736 688 3801 fecisset.
709 3737 808 3798 Qui
827 3746 1243 3790 commemorasset

220 3817 409 3866 multos
435 3815 721 3863 liberalitate
744 3830 827 3861 sua
853 3824 1083 3862 servatos.

295 3896 377 3942 13.
410 3891 647 3941 honitatis
689 3892 855 3956 ipsius.
892 3892 1211 3940 Liberalitatis
1227 3926 1241 3949 ‚

219 3966 272 4023 ut
308 3975 537 4039 proxime
576 3972 718 4020 dixit.
757 3972 837 4018 Sic
872 3988 964 4035 pro
1004 3971 1240 4034 Quintio:

218 4077 243 4094 0-
262 4063 415 4102 restat
442 4063 498 4100 ut
523 4061 607 4099 aut
632 4066 819 4098 summa
841 4050 1131 4116 negligentia
1151 4049 1241 4097 tibi

217 4133 466 4181 obstiterit
482 4167 497 4190 ‚
536 4141 619 4179 aut
665 4129 807 4176 unica
858 4129 1121 4176 liberalitas
1145 4148 1157 4177 :
1201 4131 1240 4176 si

1413 2794 1493 2840 14.
1515 2788 1669 2835 Dolor
1692 2789 2204 2839 debilitat.Verborum
2220 2793 2353 2842 hisee

1337 2864 1556 2912 formulis
1599 2883 1700 2913 uon
1749 2868 1862 2915 alibi
1923 2868 2112 2917 felicius
2165 2873 2319 2921 utitur
2336 2909 2351 2930 ,

1334 2960 1477 3006 quam
1499 2947 1549 2992 in
1570 2946 1868 3007 Miloniana3
1899 2949 2038 3008 cujus
2072 2954 2350 3013 gravissima

1334 3034 1381 3069 et
1397 3024 1728 3072 ardentissima
1750 3027 1995 3089 peroratio
2016 3028 2141 3076 banc
2169 3030 2353 3080 doloris

1333 3104 1691 3150 excusationem
1716 3104 2007 3152 verissimam
2044 3108 2173 3155 facit.

1410 3183 1488 3229 15.
1513 3184 1734 3228 Usumm.
1756 3184 1834 3230 Sic
1856 3185 2041 3232 Nostro
2064 3203 2190 3250 saepe
2210 3204 2348 3236 usur-

1298 3265 1308 3275 ·
1333 3269 1500 3324 patum
1542 3270 1613 3308 est
1632 3296 1646 3318 ‚
1692 3278 1739 3309 v.
1768 3278 1812 3309 e.
1843 3262 1986 3311 Catil.
2008 3267 2064 3321 1,
2108 3287 2134 3307 σι
2154 3283 2346 3316 usuram

1334 3341 1478 3388 unius
1501 3340 1635 3388 borae
1658 3340 1719 3388 ad
1751 3342 2006 3391 vivendum
2038 3345 2152 3395 dare
2172 3370 2213 3394 n.
2253 3351 2349 3398 Pro

1334 3420 1492 3469 Sulla:
1522 3442 1544 3463 ι
1566 3421 1749 3469 lucisne
1786 3438 1978 3470 usuram
2021 3426 2208 3490 eripere
2245 3429 2348 3486 vis,

1334 3510 1426 3547 ete.
1447 3501 1647 3563 &Ver-r.
1670 3500 1729 3548 de
1758 3501 1927 3565 Suppl.
1964 3525 1988 3544 ιι
2006 3520 2094 3550 eur
2123 3506 2240 3570 ipsis
2268 3510 2344 3571 pi-

1333 3581 1445 3627 ratis
1472 3579 1595 3627 lucis
1620 3597 1812 3628 usuram
1836 3592 1932 3628 tam
1952 3581 2233 3632 diuturnam
2264 3587 2347 3634 de-

1333 3658 1446 3706 disti
1465 3681 1507 3707 ι.

1408 3740 1489 3786 16.
1532 3739 1687 3802 Hujus
1716 3740 1851 3786 lucis.
1894 3743 2008 3787 Non
2034 3742 2159 3789 bane
2193 3743 2348 3790 lucem

1331 3817 1534 3863 omniuo
1561 3816 1684 3864 dicit
1704 3853 1718 3874 ‚
1757 3834 1850 3881 qua
1893 3819 2120 3867 fruuntur
2154 3809 2371 3881 omnes,-

1330 3895 1414 3957 qni
1443 3893 1623 3956 ubique
1647 3906 1784 3952 sunt,
1800 3895 2047 3958 bomines3
2071 3898 2155 3945 sed
2175 3900 2347 3948 caelum

1329 3975 1612 4032 romanum',
1641 3984 1696 4020 ut
1722 3989 1845 4024 uon,
1862 3976 2005 4022 vitam
2033 3978 2137 4036 ejus
2169 3978 2347 4027 salvam

1331 4050 1495 4114 cupiat
1514 4054 1644 4114 (quae
1669 4052 1751 4099 tali
1777 4053 1970 4113 jndicio
2006 4070 2105 4102 uon
2140 4057 2343 4120 agitur),

1332 4128 1415 4176 sed
1444 4140 1684 4176 servatum
1716 4131 1870 4194 ipsius
1893 4132 2026 4178 urbis
2047 4130 2346 4196 adspectum.
