2994 4778
678 434 814 520 148
1297 431 1394 499 M.
1444 430 1526 497 T.
1575 425 2162 497 c1cEnoN1s

667 563 934 656 piens,
963 576 1194 650 augur
1224 550 1453 623 factus
1473 572 1694 635 esses;
1731 548 1808 617 in
1834 571 1977 645 qua
2013 560 2138 617 tua
2162 550 2596 644 cogitatione
2624 572 2805 638 nos,

671 672 800 768 qui
850 684 921 740 te
956 667 1374 749 oderamus,
1417 666 1535 734 vix
1581 661 1910 732 dolorem
1959 658 2451 749 ferebamus⁶3
2508 662 2614 733 illi
2665 688 2804 734 au-

670 797 818 852 tem
838 834 859 865 ‚
901 775 1168 876 quibus
1203 799 1356 847 eras
1381 775 1461 843 in
1492 770 1761 843 deliciis
1779 826 1798 858 ‚
1825 773 1943 841 vix
1971 772 2190 842 risum
2216 770 2559 842 tenebant
2577 783 2603 827 7
2626 772 2808 845 :sed

670 914 957 987 quaero,
992 890 1051 958 si
1100 885 1188 957 ad
1233 897 1469 956 cetera
1506 881 1838 964 vulnera,
1879 878 2147 977 quibus
2190 881 2458 976 putasti
2503 905 2809 980 rempu-

663 1000 929 1071 blicam
981 994 1246 1080 deleri‚
1310 993 1496 1063 hauc
1548 1015 1845 1088 quoque
1883 986 2321 1060 mortiferam
2366 988 2644 1086 plagam
2685 993 2806 1061 in·

667 1110 967 1181 flixisses
1016 1117 1406 1202 auguratus
1450 1102 1602 1185 tui,
1638 1116 1880 1171 utrum
1927 1098 2348 1171 decreturus
2395 1097 2619 1171 fueris
2674 1101 2754 1172 id
2781 1156 2806 1188 ‚

668 1216 873 1317 quod
915 1239 1221 1314 augures
1263 1236 1516 1284 omnes
1556 1235 1789 1307 usque
1832 1234 1874 1282 a
1915 1208 2227 1281 Romulo
2282 1206 2807 1296 decreverunt,

665 1334 840 1399 Jove
874 1318 1265 1421 fulgente-⁸,
1307 1346 1476 1393 cum
1517 1319 1796 1418 populo
1833 1320 1948 1415 agi
1987 1316 2186 1389 nefas
2229 1342 2423 1407 esse,
2461 1342 2589 1406 an,
2627 1322 2810 1416 quia

668 1451 753 1508 tu
810 1458 1094 1531 semper
1144 1434 1243 1503 sic
1300 1432 1598 1528 egisses„
1650 1429 1965 1527 auspicia
2024 1425 2246 1499 fueris
2301 1451 2533 1526 augur
2572 1426 2813 1501 disso-

672 1544 957 1614 luturus
973 1551 1008 1599 9
1031 1542 1061 1611 Ρ

767 1657 888 1724 IX.
952 1655 1052 1723 Ac
1074 1704 1095 1738 ‚
1132 1674 1227 1721 ne
1261 1648 1538 1722 diutius
1577 1649 1833 1747 loquar
1865 1647 1956 1721 de
1993 1663 2348 1747 auguratu
2382 1665 2561 1738 tuo;
2597 1652 2810 1748 quod

673 1762 940 1832 invitus
976 1758 1199 1846 facio,
1242 1773 1323 1829 ut
1357 1757 1702 1830 recorder
1759 1759 2007 1830 ruinas
2049 1758 2462 1857 reipublicae
2513 1760 2811 1858 (neque

673 1874 865 1944 enim
895 1885 977 1942 tu
1004 1892 1379 1965 umquam,
1404 1883 1636 1941 stante
1662 1893 1813 1939 non
1839 1868 2054 1940 modo
2075 1869 2470 1964 majestate¹
2503 1870 2813 1958 horum,

674 1980 801 2053 sed
855 1980 1071 2052 etiam
1113 1977 1329 2066 urbe,
1365 1994 1438 2051 te
1482 2002 1829 2077 augurem
1870 1977 2026 2051 fore
2062 1983 2362 2078 putasti)
2394 2006 2412 2050 ε
2446 1995 2812 2053 verumta-

673 2114 840 2161 men
861 2142 881 2177 ‚
916 2104 1003 2161 ut
1039 2090 1317 2160 somnia
1357 2103 1483 2160 tua
1518 2088 1961 2186 relinquam,
2004 2087 2097 2160 ad
2134 2090 2447 2160 scelera²
2482 2092 2809 2180 veniam3

674 2198 843 2271 volo
879 2200 987 2271 uti
1021 2197 1197 2269 mihi
1234 2196 1672 2296 respondeas
1707 2223 1722 2267 :
1760 2222 1988 2294 quum
2023 2203 2121 2269 M.
2154 2198 2493 2269 Bibulum
2540 2224 2814 2272 consu-

675 2309 859 2398 lem,
919 2333 1069 2380 non
1108 2305 1339 2378 dicam
1381 2306 1571 2379 bene
1620 2304 1710 2377 de
1753 2305 2125 2405 republica
2165 2309 2591 2380 sentientem
2623 2362 2644 2398 ,
2714 2334 2814 2382 ne

677 2437 758 2493 tu
788 2416 967 2490 mihi
999 2419 1223 2490 homo
1256 2432 1519 2515 potens
1550 2418 1850 2488 irascare
1877 2414 1930 2503 3,
1963 2419 2094 2514 qui
2121 2417 2214 2488 ab
2246 2443 2337 2489 eo
2373 2416 2815 2506 dissensistie,

677 2529 805 2604 sed
840 2528 1209 2601 hominem
1239 2542 1436 2598 certe
1459 2550 1821 2623 nusquam
1856 2527 2439 2624 progredientem
2459 2581 2480 2616 ‚
2519 2529 2700 2600 nihil
2733 2532 2818 2602 in

679 2638 1054 2743 republica
1111 2636 1529 2708 molientem
1559 2691 1579 2725 ‚
1641 2650 1924 2708 tantum
1968 2639 2214 2709 animo
2267 2635 2359 2708 ab
2404 2639 2821 2714 actionibus

682 2753 821 2823 tuis
853 2749 1395 2822 dissentientem
1427 2772 1443 2816 ε
1485 2770 1713 2841 quum
1755 2770 1921 2817 eum
1959 2761 2039 2817 tu
2072 2746 2439 2818 consulem
2474 2749 2551 2818 in
2582 2749 2825 2823 vincla

683 2861 1023 2946 duceres,
1076 2870 1149 2928 et
1185 2880 1229 2926 a
1267 2855 1511 2927 tabula
1546 2855 1864 2928 Valeria‘·
1910 2854 2198 2954 collegae
2231 2860 2336 2929 tui
2375 2859 2564 2930 mitti
2595 2859 2824 2956 jube·
2892 2845 2895 2856 ¹

756 3038 810 3087 6.
828 3034 1061 3086 Dolorem
1072 3031 1381 3102 ferebamus.
1404 3032 1555 3098 Quod
1573 3043 1710 3082 tunm

688 3116 997 3184 propositum
1032 3115 1319 3181 gravissimo
1362 3131 1454 3165 nos
1507 3114 1712 3179 angebat

613 3217 616 3222 f
690 3198 863 3246 dolore
881 3231 897 3257 ,
932 3211 1085 3261 quum
1109 3194 1474 3260 prnlibaremn·
1502 3205 1627 3257 quot
1661 3204 1712 3241 et

690 3288 871 3340 quanta
896 3275 1074 3339 flagitia
1097 3276 1223 3322 hanc
1247 3290 1427 3323 novam
1452 3284 1586 3322 tuam
1614 3289 1711 3338 po-

690 3365 907 3403 test-tem
934 3364 1093 3400 ment
1121 3363 1501 3416 prosequatur..

764 3450 812 3492 7.
842 3432 946 3480 71·ae
963 3430 1111 3479 risum
1138 3430 1384 3479 tenebant.
1409 3429 1712 3478 Dementiam

690 3510 876 3559 Vatinii
917 3510 1015 3558 hoc
1056 3509 1264 3556 maxime
1303 3507 1490 3557 indicat
1510 3541 1526 3567 ,
1575 3507 1710 3572 qnod

691 3590 852 3638 Cant
877 3598 927 3637 et
955 3588 1218 3651 Pompeius
1252 3586 1340 3651 qui
1376 3588 1551 3649 coeptis
1582 3587 1713 3636 fave·

690 3670 842 3730 bant,
866 3684 928 3716 ne
963 3667 1062 3713 risu
1110 3663 1352 3714 abstinere
1386 3665 1584 3729 quidem
1621 3681 1713 3730 po-

691 3749 900 3807 tuerint,
950 3760 1103 3810 qunm
1137 3744 1202 3792 nd
1259 3744 1313 3793 id
1349 3743 1564 3792 andaciae
1601 3760 1714 3792 enm

691 3837 981 3891 provectum
1003 3824 1272 3884 tentis-ent,
1305 3834 1362 3873 nt
1391 3833 1710 3887 auguratum,

688 3906 769 3953 cui
831 3901 1106 3952 exercendo
1176 3902 1300 3953 adeo
1355 3903 1513 3967 impar
1567 3914 1670 3951 erat
1693 3936 1711 3962 ‚

684 3983 973 4051 postularet.

757 4065 811 4111 8.
832 4066 950 4110 Jove
948 4059 1194 4127 fulgente.
1209 4061 1275 4110 Η.
1289 4074 1336 4109 e.
1354 4075 1508 4124 quum
1521 4060 1709 4111 fulmen

679 4142 804 4192 eaelo
838 4149 1126 4207 erumperet.

1872 3049 1924 3097 9.
1983 3035 2161 3100 Augur
2209 3034 2547 3086 dissoluturus.
2588 3038 2827 3090 Vatiniu-

1798 3114 1929 3163 enim
1946 3116 2150 3164 omnino
2170 3117 2412 3180 pmterita
2431 3119 2603 3184 agendi
2626 3119 2828 3172 ratione

1799 3194 1969 3242 suisset
2015 3194 2264 3246 irretitus:
2303 3212 2413 3244 mm
2453 3200 2827 3262 quonammodo

1798 3273 2123 3338 saepit-iorum
2146 3289 2313 3322 curam
2342 3275 2519 3325 habere
2542 3279 2826 3342 potui-net,

1798 3353 1841 3399 in
1881 3352 1966 3416 qui
2001 3353 2214 3417 auspicia
2242 3354 2401 3420 pelam
2425 3366 2478 3404 et
2511 3357 2711 3421 publiea
2734 3359 2827 3409 de-

1798 3430 1986 3478 ridebat
2000 3431 2023 3477 Ρ

1867 3511 1962 3559 nt.
1993 3526 2041 3559 ι.
2070 3512 2326 3578 Hajestate
2361 3511 2554 3564 borum.
2580 3516 2695 3564 Hoc
2713 3527 2825 3579 ent,

1797 3587 1978 3636 civium
1995 3589 2081 3651 qni
2100 3592 2228 3638 circa
2242 3590 2459 3639 tribunal
2480 3591 2604 3641 illud
2624 3594 2823 3646 adme.

1872 3682 1919 3716 a.
1948 3669 2136 3719 Ernest.
2162 3670 2293 3731 conj.
2304 3668 2564 3733 facinora.

1874 3747 1923 3795 3.
1951 3749 2104 3795 Homo
2123 3760 2294 3814 potens
2316 3748 2550 3801 ἔνασσεν-ο.
2572 3752 2689 3801 Non
2717 3764 2821 3803 tam

1799 3825 1968 3874 odium
2003 3827 2189 3875 'Vatinii
2228 3827 2306 3875 his
2341 3828 2503 3877 verbi·
2558 3847 2824 3896 proeoeen.

1797 3916 1915 3971 pat,
1949 3921 2093 3969 qnam
2140 3907 2338 3956 Caesaris
2393 3924 2484 3974 per
2523 3925 2670 3974 quem
2709 3912 2821 3962 hac

1796 3983 1960 4031 omnia
1978 3983 2167 4032 fuerant
2189 3997 2392 4050 patrata.

1869 4071 1918 4119 Α.
1950 4063 2138 4113 Tabula
2174 4066 2391 4119 Valeria.
2411 4069 2571 4117 Luem
2601 4068 2655 4116 in
2676 4068 2825 4135 ἴσω,

1796 4139 1885 4190 nbi
1903 4143 2167 4194 convenire
2182 4139 2409 4197 uolebant
2428 4148 2610 4198 tribuni
2634 4149 2823 4215 plebis.
