2994 4778
637 402 1025 470 oRA‘rlo
1068 404 1272 471 Pno
1322 403 1418 469 M.
1468 400 1850 470 cosmo,
2167 426 2306 498 229

180 522 492 593 dixerit?
528 525 634 590 Ex
677 521 814 593 hac
855 523 1070 619 igitur
1110 519 1411 593 (Ιῡιιιο1ιὸ
1449 543 1820 618 progressa
1853 522 1983 593 ista
2024 524 2304 610 mulier,

182 631 283 700 de
341 634 593 700 veneni
646 622 1007 702 celeritate
1069 631 1308 702 dicere
1359 628 1656 701 audebit
1686 626 1717 689 P
1776 656 2019 702 nonne
2056 630 2301 729 *ipsam

185 742 486 810 domum
545 755 859 831 metuet,
916 768 1006 813 ne
1051 765 1267 838 qnam
1316 765 1565 811 vocem
1604 740 1916 811 eliciat¹⁷
1938 744 1967 811 ?
2004 764 2153 811 non
2188 768 2308 841 pa-

183 853 400 921 rietes
430 853 792 939 conscioS‚
819 877 970 922 non
999 865 1286 922 noctem
1317 850 1507 921 illam
1535 849 1891 921 funestam
1922 873 2004 920 ac
2032 850 2306 921 luctuo-

182 986 332 1031 sam
387 960 934 1059 perhorrescet?
986 961 1124 1033 Sed
1175 974 1493 1031 revertar
1536 959 1629 1030 ad
1680 962 1976 1031 crimen
2023 961 2304 1030 Etenim

180 1071 333 1140 haec
385 1068 575 1141 facta
618 1071 805 1142 illius
845 1071 1206 1142 clarissimi
1248 1094 1330 1140 ac
1369 1067 1738 1140 fortissimi
1779 1070 1910 1138 viri
1934 1063 2001 1113 ¹⁸
2034 1070 2306 1159 mentio

180 1192 254 1248 et
287 1202 547 1250 vocem
596 1204 832 1252 meam
849 1174 1047 1251 fletu
1089 1178 1522 1265 debilitavit,
1573 1192 1646 1264 et
1695 1192 2013 1250 mentem
2057 1154 2308 1250 dolore

179 1289 583 1388 impedivit.

269 1404 500 1472 XXV.
547 1399 684 1472 Sed
734 1415 972 1471 tamen
1019 1422 1381 1472 venenum
1429 1399 1630 1469 unde
1670 1398 1926 1488 fuerit,
1966 1400 2309 1498 quemad-

180 1510 489 1580 modum
539 1523 868 1607 paratum
917 1513 1043 1596 sit,
1099 1528 1247 1579 non
1300 1509 1583 1580 dicitur.
1651 1514 1914 1580 Datum
1965 1535 2122 1582 esse
2166 1511 2309 1583 hoc

181 1623 387 1691 aiunt
427 1626 506 1691 P.
549 1621 858 1701 Licinio,
893 1619 1195 1718 pudenti
1236 1619 1671 1691 adolescenti
1712 1633 1783 1692 et
1821 1618 2062 1706 bono,
2096 1621 2307 1693 Coelii

182 1730 549 1814 familiari:
591 1731 1065 1801 constitutum
1118 1727 1387 1800 factum
1433 1738 1636 1800 esse¹
1694 1754 1861 1800 cum
1918 1732 2182 1818 servis,
2226 1744 2305 1800 ut

183 1841 516 1911 venirent
566 1838 657 1909 ad
712 1838 1004 1909 balneas
1062 1840 1393 1924 Senias²3
1445 1837 1699 1909 eodem
1749 1842 2103 1910 Licinium
2152 1864 2306 1911 esse

185 1963 568 2020 venturum
593 2002 613 2031 ,
651 1961 868 2044 atque
906 1948 988 2018 iis
1018 1950 1276 2018 veneni
1307 1946 1645 2044 pyxidem
1684 1948 2136 2019 traditurum.
2179 1952 2306 2021 Hic

185 2060 496 2156 primum
535 2057 716 2128 illud
755 2058 1099 2154 requiro:
1147 2056 1325 2152 quid
1369 2059 1738 2127 attinuerit
1785 2056 1963 2127 illud
2013 2055 2182 2128 ferri
2231 2061 2305 2128 in
2348 2066 2355 2077 “

188 2192 346 2238 eum
388 2169 636 2239 locum
672 2165 1273 2265 [constitutum];
1314 2190 1446 2236 cur
1479 2165 1579 2235 illi
1616 2166 1800 2236 servi
1836 2188 1989 2236 non
2027 2166 2115 2237 ad
2152 2172 2308 2239 Coe-

190 2276 360 2347 lium
392 2278 701 2348 domum
737 2278 1086 2347 venerint.
1125 2277 1197 2347 si
1236 2272 1571 2344 manebat
1618 2287 1813 2343 tanta
1851 2275 1969 2344 illa
2007 2298 2307 2347 consue-

192 2387 369 2459 tudo
411 2388 620 2460 Coelii
669 2409 837 2459 cum
878 2384 1123 2458 Clodia
1145 2388 1174 2474 ‚'
1214 2400 1558 2481 tantaque
1608 2381 2089 2457 familiaritas:
2129 2386 2305 2483 quid

187 2499 607 2596 suspicionis
637 2512 862 2583 esset,
908 2498 965 2568 si
999 2493 1196 2594 apud
1233 2494 1537 2565 Coelium
1577 2493 1892 2563 mulieris
1920 2518 2167 2565 servus
2194 2497 2298 2564 vi-

187 2630 312 2678 sus
343 2610 570 2679 esset?
612 2609 735 2677 Sin
763 2621 1002 2677 autem
1025 2606 1168 2699 jam
1208 2599 1544 2675 suberat³
1571 2602 1928 2691 simulam,
1966 2606 2308 2674 exstincta

185 2731 334 2788 erat
376 2717 832 2789 consuetudo
857 2772 876 2803 ‚
920 2716 1293 2786 discidium
1340 2716 1748 2786 exstiterat:
1784 2713 2008 2783 «hinc
2042 2713 2179 2783 illae
2209 2713 2307 2784 la-

185 2832 541 2926 crymae4»
579 2830 960 2911 nimirum,
995 2842 1068 2897 et
1105 2824 1256 2897 haec
1293 2850 1501 2897 causa
1533 2840 1641 2896 est
1677 2824 1940 2930 horum
1977 2823 2302 2894 omnium

182 2940 535 3010 scelerum
580 2953 798 3035 atque
839 2938 1240 3008 criminum.

181 3118 328 3165 istinc
346 3116 625 3165 excitarem.
649 3117 833 3163 Verum
850 3113 1076 3178 preclare
1094 3114 1202 3161 Me·
1365 3113 1444 3159 18.
1501 3109 1789 3159 Chrisss‘mI.
1811 3145 1827 3159 .
1846 3144 1859 3158 .
1910 3111 2034 3160 viri.
2079 3112 2310 3163 Metellus

183 3195 322 3243 tellus
343 3191 577 3259 impedit,
601 3205 648 3243 et
665 3193 896 3258 impediet
916 3213 958 3242 a.
1287 3190 1379 3237 fuit
1398 3199 1589 3250 oraton
1611 3190 1786 3237 citatur
1803 3192 1938 3238 Brut.
1965 3206 2073 3256 cap.
2096 3208 2175 3253 7⁰·

253 3275 337 3322 ιδ.
375 3271 466 3321 Ea·
503 3272 597 3322 leae
629 3272 780 3339 igitur
813 3271 973 3320 domo.
1012 3272 1068 3318 ln
1106 3283 1201 3334 qua
1358 3269 1531 3317 XXV.
1564 3283 1608 3316 x.
1637 3268 1955 3316 Con-uitulum
1965 3268 2172 3332 factum
2194 3287 2306 3326 esse,

183 3352 371 3415 triduo,
393 3354 703 3416 integerrima
724 3359 884 3407 atate,
910 3349 1099 3413 optimo
1118 3349 1203 3396 ba·
1287 3346 1511 3396 Lambin.
1541 3369 1567 3389 ι
1590 3348 1908 3396 constitutum
1932 3349 2097 3398 locum
2121 3367 2225 3401 esse
2252 3372 2276 3397 ι
2291 3387 2308 3412 ,

182 3431 285 3479 him
304 3466 322 3489 ,
345 3432 577 3480 maximi·
611 3430 794 3480 viribus
809 3464 826 3491 ,
860 3428 1089 3482 Metellus
1121 3441 1203 3474 ex·
1286 3436 1344 3473 nt
1360 3425 1543 3474 habeut
1560 3425 1786 3474 nonnulli
1805 3426 1998 3476 codices
2018 3429 2198 3493 vulgat.

181 3513 385 3559 utinen„
407 3522 499 3558 eat,
1360 3517 1410 3552 a.
1442 3506 1532 3553 Ad
1553 3506 1755 3554 balneas
1782 3505 1963 3555 Senias.
1992 3507 2073 3558 Al.
2098 3509 2306 3560 Xenias.

257 3604 340 3650 ¹¹7·
379 3591 458 3637 Ne
491 3603 644 3653 quam
676 3597 851 3636 vocem
877 3586 1082 3636 eliciat?
1109 3588 1204 3633 Ha·
1291 3584 1481 3632 Balnea
1507 3585 1703 3634 suerunt
1721 3584 1837 3632 solis
1862 3585 2070 3636 addictae
2088 3590 2305 3654 peregri-

180 3666 301 3715 bem
321 3668 434 3715 libri
453 3667 774 3730 manuscripti
791 3665 977 3732 ejiciat,
1000 3679 1204 3729 quorum
1292 3664 1395 3722 nis,
1433 3674 1492 3711 ut
1525 3680 1701 3712 nomen
1739 3665 1896 3728 ipsum
1932 3663 2029 3714 ἀπὸ
2057 3670 2138 3716 τοῦ
2179 3662 2309 3725 ξένου

179 3746 471 3810 scripturam
495 3744 755 3794 eonflrmat
778 3743 1021 3808 Euripidis
1041 3759 1204 3790 versus
1293 3740 1555 3789 deductum
1588 3741 1782 3789 videtur
1816 3743 2056 3803 iudicate,
2092 3745 2154 3792 ad
2189 3761 2313 3808 quas

175 3826 231 3874 in
258 3824 571 3891 Hippolyto,
600 3841 661 3872 ex
691 3839 792 3888 quo
821 3824 1102 3871 sententiam
1131 3823 1204 3868 vi-
1290 3822 1342 3868 ni
1369 3822 1528 3878 fallor,
1557 3822 1690 3869 nefas
1714 3832 1861 3881 esset,
1892 3824 2167 3883 Romanos,
2194 3839 2310 3886 gen·

175 3903 326 3952 detur
363 3905 535 3953 Cicero
574 3913 818 3951 mutuatus
843 3917 858 3951 t
896 3923 922 3943 ι·
947 3901 1206 3964 Sociasqne
1290 3909 1484 3963 temque
1506 3911 1715 3964 togatam
1734 3900 1977 3949 accedere.

175 3982 410 4031 tenebras
467 3999 574 4031 uon
640 3981 1012 4046 perhorrescunt
1061 3978 1173 4026 mali
1189 4013 1205 4038 ,
1362 3980 1411 4026 3.
1456 3981 1569 4024 Iam
1608 3978 1811 4025 suberat.
1856 3981 2036 4028 Erfurt.
2076 3980 2219 4028 Bar-b.
2259 3993 2310 4029 et

172 4060 386 4109 conseia
435 4061 697 4111 domorum
750 4070 873 4108 tecta
924 4075 987 4107 ne
1034 4073 1203 4106 vocem
1290 4059 1426 4124 prior
1440 4060 1621 4105 venet.
1648 4078 1672 4098 α
1684 4057 1876 4118 jamjam
1894 4059 2086 4106 suberat
2104 4081 2149 4108 n.

173 4140 333 4188 edant
362 4158 405 4189 ο,
1367 4145 1414 4193 4.
1449 4135 1575 4184 Hinc
1606 4134 1707 4183 2⁸11ae
1738 4136 1986 4199 laerymoe.
2015 4140 2135 4185 Hac
2164 4137 2309 4184 verba
