2994 4778
680 370 1084 438 oaArlo
1138 370 1342 438 PRo
1393 370 1466 437 P.
1519 370 1913 440 sssx‘no.
2256 398 2348 469 29

236 505 313 563 et
344 488 537 586 quod
571 487 904 559 videbam
924 543 943 574 ‚
990 488 1419 585 quibuscum
1455 489 1869 562 hominibus
1902 495 1975 561 in
2007 494 2347 565 interiore

234 604 486 674 aedium
531 616 735 700 parte
777 604 1089 688 viveret,
1129 617 1201 672 et
1241 602 1438 699 quod
1490 605 1588 673 ita
1641 602 1899 673 domus
1938 606 2090 703 ipsa
2126 605 2350 678 fuma-

229 715 386 799 bat,
423 728 509 782 ut
547 711 769 782 multa
808 711 963 805 ejus
999 713 1345 782 sermonis
1373 713 1635 784 indicia
1667 712 2054 800 redoleret,
2090 731 2346 789 statue-

227 823 389 893 bam
455 822 602 907 sic,
664 818 842 890 boni
895 819 1071 890 nihil
1144 819 1235 891 ab
1289 821 1423 892 illis
1481 823 1692 918 nugis
1754 826 2350 919 exspectandum,

222 932 392 1002 mali
423 927 720 1027 quidem
751 942 943 999 certe
971 928 1188 998 nihil⁷
1214 930 1879 1026 pertimescendum.
1916 931 2054 1002 Sed
2085 935 2179 1004 ita
2210 952 2344 1026 est,

216 1040 501 1135 judices
529 1092 551 1125 ‚
594 1052 723 1124 ut,
774 1039 834 1107 si
881 1036 1192 1133 gladium
1246 1063 1467 1135 parvo
1520 1065 1787 1138 puero,
1843 1056 1968 1113 aut
2016 1047 2072 1112 si
2122 1043 2345 1117 imbe-

222 1140 386 1218 cillo
444 1147 605 1217 seui
666 1160 792 1217 aut
843 1144 1060 1216 debili
1115 1146 1435 1233 dederis,
1499 1151 1650 1246 ipse
1698 1150 1973 1245 impetu
2023 1175 2156 1221 suo
2227 1178 2343 1224 ne·

220 1262 402 1328 mini
444 1269 748 1342 noceat;
790 1257 898 1325 sin
930 1255 1019 1325 ad
1059 1255 1334 1326 nudum
1368 1258 1480 1327 vel
1513 1256 1872 1328 fortissimi
1914 1261 2043 1329 viri
2078 1285 2342 1359 corpus

221 1369 634 1453 accesserit,
671 1368 894 1462 possit
928 1368 1075 1435 acie
1111 1367 1265 1463 ipsa
1302 1380 1373 1437 et
1416 1365 1586 1437 ferri
1623 1365 1893 1437 viribus
1933 1368 2290 1441 vulnerari
2320 1398 2338 1442 τ

220 1477 315 1545 ita
374 1498 611 1572 quum
668 1472 1085 1544 hominibus
1135 1472 1544 1545 enervatis⁸
1597 1490 1812 1571 atque
1862 1479 2340 1574 exsanguibus

222 1585 682 1669 consulatus,
737 1597 1098 1678 tamquam
1152 1582 1459 1681 gladius,
1510 1600 1693 1656 esset
1749 1584 1991 1671 datus;
2037 1590 2161 1683 qui
2209 1613 2340 1686 per

220 1720 291 1765 se
333 1717 669 1792 pungere
709 1697 1066 1763 neminem
1107 1718 1449 1789 umquam
1491 1695 1930 1790 potuissent,
1969 1694 2042 1764 bi
2075 1700 2334 1767 summi

220 1805 501 1901 imperii
563 1805 857 1872 nomine
920 1805 1166 1873 armati
1233 1802 1747 1899 rempublicam
1808 1804 2336 1877 contrucidave-

218 1926 406 1981 runt.
447 1908 716 1981 Foedus
760 1907 1083 1979 fecerunt
1115 1934 1278 1981 cum
1313 1909 1604 1982 tribuno
1638 1912 1909 2008 plebis9
1946 1914 2211 2008 palam,
2248 1931 2333 1985 ut

219 2019 302 2090 ab
359 2044 450 2119 eo
520 2019 928 2116 provincias
989 2022 1436 2117 acciperent,
1497 2045 1675 2117 quas
1743 2024 1876 2118 ipsi
1904 2032 1965 2066 ¹⁰
2033 2024 2329 2112 vellent3

219 2132 607 2201 exercitum
636 2182 655 2213 ,
692 2141 765 2198 et
803 2131 1175 2225 pecuniam
1197 2181 1216 2212 ‚
1255 2143 1596 2224 quantam
1631 2129 2003 2214 vellent¹¹‚
2035 2154 2115 2201 ea
2152 2131 2329 2227 lege,

218 2240 271 2309 si
303 2241 438 2336 ipsi
475 2239 680 2335 prius
716 2235 1011 2307 tribuno
1049 2236 1279 2334 plebis
1319 2236 1646 2308 afflictam
1672 2249 1731 2280 ¹²
1772 2254 1842 2309 et
1873 2241 2323 2311 constrictam

215 2347 731 2445 rempublicam
781 2344 1251 2417 tradidissent.
1292 2346 1372 2418 Id
1410 2362 1649 2419 autem
1698 2347 1932 2420 foedus
1974 2374 2135 2420 meo
2179 2374 2331 2422 san-

215 2462 427 2554 guine
467 2458 693 2528 ictum
733 2456 984 2525 sanciri
1017 2480 1226 2552 posse
1260 2456 1617 2527 dicebant.
1666 2462 1823 2547 Qua
1863 2469 1939 2529 re
1981 2459 2326 2555 patefacta

215 2571 494 2663 (neque
529 2567 729 2637 enim
771 2564 1194 2636 dissimulari
1237 2580 1519 2636 tantum
1562 2566 1792 2637 scelus
1836 2582 2156 2664 poterat,
2191 2593 2326 2640 nec

212 2676 504 2772 latere),
553 2673 1112 2774 promulgantur
1139 2701 1287 2747 uno
1328 2677 1731 2773 eodemque
1757 2691 2081 2774 tempore
2115 2701 2324 2774 roga-

211 2787 434 2858 tiones
482 2785 576 2857 ab
618 2784 875 2856 eodem
919 2784 1209 2856 tribuno
1239 2785 1330 2858 de
1367 2812 1523 2858 mea
1557 2787 1911 2884 pernicie,
1950 2801 2021 2856 et
2051 2786 2141 2858 de
2166 2811 2325 2885 pro-

210 2897 450 2966 vinciis
487 2894 867 2966 consulum
910 2898 1353 2967 nominatim.

276 3139 323 3181 7.
348 3119 480 3170 nali
493 3120 633 3169 nihil.
658 3123 823 3183 Quum
849 3135 899 3167 ae
924 3118 1035 3166 Piso
1060 3130 1216 3167 totum
1306 3129 1529 3166 cunctam
1584 3119 1818 3167 Graeiam
1860 3133 1875 3168 ε
1933 3134 2057 3182 quoa
2109 3120 2322 3183 populos

213 3200 326 3262 gule
342 3235 359 3262 ‚
386 3201 570 3258 ventri,
592 3199 799 3264 crapula:
826 3198 1011 3246 dedisse
1030 3198 1217 3245 videre-
1305 3198 1480 3253 Caesar,
1497 3197 1600 3256 eju·
1618 3212 1780 3259 gener,
1797 3210 1882 3244 aua
1904 3196 2007 3259 lege
2025 3196 2202 3244 liberos
2217 3213 2319 3247 eene

210 3290 302 3338 tur,
328 3280 452 3328 nihil
486 3280 547 3327 de
576 3278 899 3342 perturbanda
937 3293 1039 3341 rep.
1078 3276 1215 3339 eogi—
1297 3275 1520 3336 jusserat.
1782 3280 1784 3282 ’

212 3367 313 3405 tare,
1375 3372 1453 3404 u.
1499 3354 1754 3403 Pecuniam
1769 3387 1784 3408 ,
1831 3365 2068 3418 quantam
2112 3355 2315 3406 vellent.

273 3440 321 3487 8,
356 3435 623 3485 laer-vacek.
658 3434 808 3482 ‘Nulla
842 3434 989 3481 animi
1015 3433 1210 3481 sortitu-
1297 3436 1456 3497 Quam
1479 3433 1653 3483 deiude
1672 3451 1782 3481 eum
1808 3434 1868 3481 iis
1885 3433 2085 3482 Clodius
2107 3435 2314 3498 partitus

210 3515 334 3578 diue,
349 3517 495 3565 manis
513 3516 695 3563 nervis.
716 3515 897 3563 Confer
910 3528 1005 3577 pro
1025 3514 1208 3571 Flacco,
1297 3523 1368 3559 est
1390 3526 1405 3561 ε
1444 3511 1576 3560 unde
1612 3512 1735 3559 infra
1752 3547 1767 3570 ‚
1809 3534 1835 3554 κ
1859 3512 2044 3559 Omitto
2057 3545 2071 3567 .
2116 3515 2275 3575 inquit
2296 3548 2312 3573 ,

212 3611 305 3659 cap.
336 3599 384 3647 5.
1296 3591 1636 3655 gratulationes
1655 3625 1670 3650 ,
1733 3590 1898 3653 epulas
1916 3623 1931 3648 ‚
2000 3591 2312 3653 partitionem

273 3691 314 3737 9.
334 3676 448 3723 Cum
465 3675 659 3724 tribuno
672 3673 746 3737 pl.
772 3673 826 3719 P.
848 3669 1041 3720 Clodio.
1294 3671 1449 3717 oerarii
1468 3692 1514 3719 a.
1546 3671 1606 3717 Et
1630 3685 1722 3733 pro
1749 3671 1913 3719 Domo
1939 3685 2047 3728 uua,
2075 3682 2125 3718 et
2148 3672 2203 3717 in
2225 3672 2312 3719 Pi·

283 3769 345 3800 ιο.
389 3753 675 3803 Provincias
729 3750 999 3811 acciperem
1017 3781 1033 3806 ‚
1088 3763 1209 3811 quas
1294 3765 1476 3798 sonem.

215 3827 299 3890 ipsi
317 3835 500 3883 vellent.
554 3833 677 3881 Nou
718 3830 849 3877 enim
884 3829 937 3875 in
962 3844 1021 3875 eo
1048 3826 1207 3890 legum
1370 3843 1453 3876 ω.
1488 3825 1743 3893 Affliceam
1768 3836 1816 3872 ec
1844 3825 2155 3873 constrictam
2182 3842 2312 3873 rem-

216 3908 326 3954 mio
340 3910 483 3961 hahita
502 3922 577 3960 at
593 3926 607 3959 ς
625 3909 743 3973 quia
768 3906 1004 3955 Gabinius
1021 3905 1208 3969 Syriam
1285 3905 1551 3970 publicam.
1598 3904 1863 3953 Consulum
1897 3904 2125 3968 praesidio
2157 3905 2312 3954 nuda-

210 3991 554 4054 aceepit,quum
567 3992 734 4050 eiiam
753 3985 922 4034 Cilicia
937 3985 1043 4033 data
1056 3994 1206 4034 esset:
1297 3994 1416 4041 tam,
1450 3983 1785 4038 constrictam,
1828 3992 1883 4030 ut
1921 3996 2226 4029 commovere
2261 3998 2312 4027 ae

211 4065 309 4113 Piso
348 4081 497 4119 antem
549 4068 796 4118 Achaiam
819 4097 836 4124 ,
883 4063 1170 4112 Thessaliam
1190 4097 1207 4124 ,
1294 4077 1396 4109 non
1417 4072 1595 4125 posset.
