2994 4778
655 381 799 455 600
1235 379 1241 386 ⁵
1305 390 1400 457 M.
1452 391 1530 456 T.
1585 390 2156 459 CICERONIS

651 509 1163 578 verumetiam
1216 532 1256 578 a
1299 507 1664 580 fratribus.
1723 513 1810 579 Hi
1854 525 1925 580 te
1975 524 2188 580 orant
2237 510 2368 580 tui.
2429 511 2760 606 Equidem

653 642 880 715 quum
939 620 1083 688 tuis
1153 617 1488 689 omnibus
1548 622 1851 717 negotiis
1917 622 2329 716 interessem
2354 675 2374 705 ,
2434 627 2767 693 memoria

649 740 903 811 teneo,
940 727 1171 823 qualis
1206 732 1283 797 T.
1315 730 1632 825 Ligarius
1667 743 1982 826 quaestor
2015 729 2331 800 urbanus
2365 729 2589 802 suerit
2614 757 2775 830 erga

649 851 720 907 te
759 852 832 907 et
876 835 1290 934 dignitatem
1349 852 1572 908 tuam.
1619 838 1761 909 Sed
1807 863 2062 936 parum
2102 852 2249 923 est,
2292 864 2404 909 me
2441 840 2591 911 hoc
2629 867 2774 912 me-

649 949 939 1018 minisse
970 971 1236 1045 :tspero
1267 948 1481 1017 etiam
1513 961 1586 1017 te
1607 1002 1626 1034 ,
1667 949 1795 1045 qui
1832 946 2154 1018 oblivisci
2187 947 2369 1017 nihil
2405 949 2617 1035 soleS,
2648 953 2776 1020 nisi

649 1058 985 1152 injuriaS,
1024 1058 1367 1154 quoniam
1414 1057 1557 1128 hoc
1594 1073 1704 1128 est
1735 1059 1957 1127 animi
1980 1112 1999 1145 ,
2040 1060 2383 1154 quoniam
2421 1059 2634 1129 etiam
2670 1062 2773 1129 in-

645 1170 838 1263 genii
880 1168 1017 1251 tui,
1076 1181 1144 1236 te
1199 1166 1471 1263 aliquid
1521 1166 1612 1238 de
1663 1166 1886 1263 hujus
1938 1167 2063 1237 illo
2106 1172 2498 1265 quaestorio
2536 1167 2775 1240 officio

645 1279 1122 1374 cogitantem,
1174 1280 1389 1347 etiam
1444 1276 1536 1348 de
1585 1277 1738 1348 aliis
1789 1274 2225 1372 quibusdam
2293 1277 2775 1373 quaestoribus

638 1387 1224 1457 reminiscentem
1257 1385 1620 1457 recordari
1640 1386 1686 1456 ⁵.
1734 1387 1866 1457 Hic
1895 1388 2112 1482 igitur
2142 1391 2221 1457 T.
2259 1392 2618 1482 Ligarius,
2646 1392 2770 1484 qui

638 1512 794 1567 tum
842 1496 1021 1566 nihil
1069 1500 1211 1593 egit
1254 1494 1446 1566 aliud
1502 1496 1784 1594 (neque
1835 1497 2026 1566 enim
2079 1495 2228 1566 haec
2273 1493 2768 1587 divinabat⁶)‚

642 1608 775 1676 nisi
816 1622 898 1677 ut
937 1620 1016 1675 tu
1049 1629 1215 1674 eum
1242 1606 1351 1673 tui
1388 1604 1829 1690 studiosum,
1867 1619 1939 1675 et
1985 1604 2267 1675 bonum
2309 1607 2549 1676 virum
2576 1606 2768 1702 judi—

640 1740 871 1800 cares,
908 1739 1101 1785 nunc
1136 1737 1173 1783 a
1219 1729 1289 1785 te
1318 1716 1625 1812 supplex
1660 1714 1895 1785 fratris
1930 1717 2234 1787 salutem
2263 1719 2464 1814 petit.
2506 1720 2767 1806 Quam,

643 1823 857 1916 hujus
890 1823 1301 1894 admonitus
1330 1823 1610 1910 offici0‚
1640 1850 1867 1921 quum
1899 1827 2224 1921 utrisque
2255 1826 2415 1920 his7
2454 1825 2765 1910 dederis,

642 1949 783 2004 tres
819 1931 1073 2004 fratres
1117 1935 1433 2030 optimos
1475 1948 1550 2003 et
1589 1936 2123 2030 integerrimOS,
2166 1959 2317 2005 non
2359 1936 2594 2005 solum
2632 1935 2760 2006 sibi

639 2047 865 2141 ipsos,
910 2068 1150 2141 neque
1188 2044 1299 2114 his
1329 2058 1438 2114 tot
1465 2069 1547 2115 ac
1579 2043 1843 2115 talibus
1871 2046 2041 2114 viris
2061 2099 2081 2132 ,
2124 2068 2362 2141 neque
2399 2044 2614 2116 nobis
2643 2071 2763 2116 ne·

637 2209 952 2273 deprehendit
970 2245 984 2268 ‚
1024 2209 1218 2274 longius
1243 2211 1579 2275 progreditur,
1605 2223 1654 2259 et

631 2288 899 2354 proclamet
925 2289 1111 2336 veniam
1140 2288 1244 2337 dari
1275 2291 1465 2352 Ligario
1502 2306 1652 2354 opor-

585 2376 589 2380 '
638 2379 740 2418 tere
756 2403 771 2426 ‚
797 2368 983 2416 etiamsi
1010 2385 1138 2416 anns
1166 2368 1217 2416 iu
1237 2368 1340 2417 acie
1358 2369 1652 2431 Pharsalica,

635 2449 774 2512 quod
794 2449 932 2497 nullo
951 2449 1100 2497 modo
1122 2451 1236 2498 fecit
1251 2486 1264 2510 ,
1289 2452 1510 2514 cepisset.

709 2529 760 2576 5.
801 2528 1101 2577 Recordari.·
1125 2529 1296 2576 Primis
1342 2529 1459 2577 belli
1494 2531 1652 2577 civilis

632 2606 936 2672 temporibus
959 2607 1119 2656 Caesar
1151 2609 1370 2654 aerarium
1402 2607 1453 2654 vi
1481 2625 1648 2671 rapere

632 2686 840 2733 adnixus
865 2697 963 2746 αις
990 2694 1251 2748 quaestores
1275 2703 1391 2734 vero
1409 2722 1422 2743 ‚
1448 2704 1650 2750 praeser-

631 2765 816 2827 timque
859 2764 1083 2811 tribunus
1122 2764 1364 2827 Metellus,
1386 2767 1648 2814 vehemen-

629 2844 811 2892 tissime
838 2841 1146 2891 obstiterunt.
1189 2843 1256 2889 At
1280 2845 1502 2907 quamvis
1543 2861 1644 2892 rna-

631 2924 792 2970 ximos
817 2932 1019 2969 conatus
1045 2921 1286 2970 ediderint
1302 2957 1316 2980 ,
1346 2922 1500 2970 aerarii
1527 2942 1645 2989 por-

630 3014 703 3051 tas
742 3019 832 3067 per
874 3003 975 3050 vim
1017 3003 1177 3050 Caesar
1218 3002 1413 3065 infregit
1431 3040 1446 3064 ,
1494 3020 1641 3067 pecn-

627 3083 854 3146 niamque
878 3097 1074 3129 omnem
1099 3080 1315 3129 abstulit.
1353 3082 1643 3132 Audiendu-

629 3162 690 3209 de
713 3162 806 3209 hnc
831 3178 882 3209 re
899 3161 1024 3209 Plin.
1044 3162 1299 3221 xxxm,
1328 3161 1388 3208 3:
1411 3184 1436 3202 ι
1454 3161 1514 3209 C.
1533 3163 1640 3210 Cae-

623 3256 714 3297 σιτ,
743 3242 901 3303 primo
927 3239 1134 3287 introitu
1161 3238 1324 3296 urbis,
1349 3240 1482 3288 civili
1509 3239 1642 3290 bello

624 3333 744 3374 suo,
782 3334 844 3365 ex
881 3320 1063 3373 πται-ἑο,
1082 3317 1288 3381 protulit
1316 3318 1520 3366 laterum
1550 3336 1641 3368 au·

625 3411 817 3443 reorum
851 3412 919 3444 xv
943 3414 1002 3446 ιι.
1035 3408 1373 3460 argenteorum
1406 3414 1543 3445 xxxv
1579 3415 1638 3447 ιι.

625 3484 674 3523 et
696 3474 749 3521 in
769 3486 1025 3523 numerato
1034 3477 1132 3523 H-S
1145 3492 1279 3524 cccc.
1300 3477 1407 3523 Nec
1423 3478 1518 3523 fuit
1533 3477 1640 3526 aliis

622 3551 925 3616 temporibus
968 3555 1240 3617 respublica
1283 3555 1579 3617 locupletior
1593 3577 1636 3603 n.

625 3632 777 3696 Quod
815 3629 1039 3695 equidem
1086 3632 1265 3678 factum
1306 3631 1480 3678 Cicero
1532 3649 1637 3682 non

622 3713 704 3761 hic
758 3711 936 3776 apertis
992 3708 1153 3756 verbis
1180 3736 1184 3742 ·
1211 3721 1476 3775 memor-nu
1548 3713 1634 3761 sed

619 3784 853 3832 Caessrem
875 3792 1062 3829 tantum
1080 3791 1245 3827 monet
1257 3815 1271 3839 ,
1288 3782 1363 3829 uti
1381 3780 1433 3828 in
1450 3799 1632 3831 inemo—

613 3862 731 3910 rinm
773 3872 969 3909 revocet
1001 3876 1100 3908 non
1140 3875 1309 3907 omnes
1335 3874 1626 3925 quaestores,

1740 2211 1959 2272 amittat,
1995 2211 2163 2258 merita
2200 2222 2362 2258 sutem
2406 2212 2458 2257 in
2498 2228 2550 2259 se
2589 2213 2755 2260 collata

1741 2306 1930 2353 semper
1950 2292 2115 2338 animo
2135 2301 2292 2337 servet
2317 2306 2376 2337 sc
2402 2294 2757 2340 teneat.Vocem

1742 2368 1866 2417 hanc
1892 2367 2196 2433 magnificam
2217 2369 2388 2418 recitat
2408 2371 2755 2433 QuIntilisnus.

1741 2451 1836 2509 VI,
1864 2457 1894 2504 4
1912 2482 1927 2507 ,
1955 2448 2040 2496 sed
2065 2449 2262 2496 inverso
2290 2448 2498 2498 ordine:
2526 2473 2552 2492 ι
2574 2452 2673 2513 Qui
2689 2454 2755 2499 ni·

1738 2526 1808 2575 hil
1836 2527 2063 2575 oblivisci
2089 2528 2238 2586 soles,
2267 2528 2364 2575 nisi
2392 2528 2598 2589 injurias
2617 2553 2658 2578 ι.

1809 2608 1864 2654 6.
1918 2607 2197 2675 ὒίιζίηαόαε.
2246 2609 2522 2655 Venturum
2569 2610 2749 2657 scilicet

1736 2695 1957 2750 tempus,
2001 2704 2102 2750 quo
2135 2696 2183 2733 te
2214 2688 2452 2734 victorem
2480 2703 2573 2750 pro
2607 2690 2748 2737 fratre

1735 2780 1819 2812 reo
1849 2765 2206 2830 deprecaretur.
2237 2766 2354 2812 Non
2381 2765 2465 2813 ille
2497 2767 2548 2812 in
2595 2770 2753 2816 conse·

1735 2843 1887 2892 rendo
1938 2843 2178 2892 beneficio
2215 2846 2429 2892 Futurum
2477 2845 2749 2901 utilitatem.

1733 2938 1845 2985 quoe
1866 2925 2085 2987 prospici
2111 2941 2213 2971 nou
2243 2936 2457 2987 poterat,
2481 2928 2751 2989 requisivit3

1732 3015 1836 3047 uon
1880 3001 1941 3048 de
1989 3002 2270 3066 recipiendo
2317 3003 2581 3065 cogitavit,
2608 3022 2748 3068 quum

1731 3078 1880 3128 daret.
1906 3081 2034 3128 Vide
2075 3080 2455 3144 praeclarissimis
2495 3082 2660 3129 verbis
2693 3084 2750 3131 de

1729 3156 1826 3205 hoc
1847 3172 2067 3223 agentem
2092 3161 2321 3207 Senecam
2337 3193 2351 3216 ‚
2378 3176 2406 3206 s
2434 3176 2540 3222 quo
2572 3163 2746 3225 aliquid

1729 3241 1942 3285 mutuari
1969 3239 2091 3286 libet
2121 3253 2133 3286 :
2180 3261 2205 3279 ι
2230 3238 2318 3284 Ille
2342 3240 2429 3300 qni
2458 3250 2591 3288 totns
2621 3242 2680 3288 nd
2700 3258 2746 3288 se

1728 3328 1915 3379 spectat
1932 3353 1947 3375 ,
1978 3330 2028 3366 et
2047 3317 2188 3366 nobis
2208 3318 2408 3381 prodest
2422 3355 2438 3380 ,
2474 3320 2592 3383 qnia
2617 3322 2745 3368 aliter

1727 3395 1822 3442 sibi
1839 3396 2070 3460 prodesse
2088 3412 2190 3444 non
2210 3407 2394 3459 potest,
2416 3414 2478 3445 eo
2502 3399 2615 3447 loeo
2632 3400 2743 3447 mihi

1728 3486 1830 3533 est,
1868 3492 1968 3539 quo
1994 3478 2081 3540 qui
2101 3474 2268 3538 pecori
2298 3491 2389 3523 suo
2417 3475 2672 3525 hibernum
2699 3492 2742 3526 et

1728 3555 1949 3601 aestivum
1972 3554 2204 3618 pabulum
2226 3556 2495 3618 prospicit3
2518 3572 2577 3604 eo
2603 3556 2742 3617 loeo,

1725 3649 1826 3695 quo
1843 3634 1929 3696 qui
1951 3634 2169 3696 captivos
2195 3651 2336 3692 suos,
2364 3644 2421 3682 ut
2445 3638 2741 3685 commodius

1725 3723 1930 3759 veneant
1948 3744 1962 3768 ,
1985 3713 2138 3774 pascit
2156 3748 2171 3770 ,
2196 3724 2245 3760 et
2264 3714 2481 3777 optimos
2498 3715 2649 3764 boves
2665 3734 2737 3763 sa·

1723 3790 1855 3853 ginat
1874 3800 1922 3836 et
1942 3790 2160 3841 defricet.
2179 3791 2478 3851 Multum,ut
2494 3796 2562 3842 ait
2575 3797 2737 3844 Clean·

1720 3868 1825 3915 thes
1843 3903 1858 3927 ‚
1889 3886 1917 3916 n
1963 3869 2202 3917 beneficio
2257 3871 2403 3920 distat
2449 3876 2732 3937 negotiatiO,

611 3953 664 3988 ut
683 3940 781 4003 egit
801 3941 1014 4003 Ligarius
1031 3977 1046 4000 ‚
1076 3955 1181 3986 cum
1202 3956 1264 3987 eo
1285 3942 1453 4003 egisse.
1478 3942 1629 4003 Cujus
1716 3960 1809 3996 etc.
1833 3971 1856 3988 n
1889 3950 1960 3995 De
1997 3951 2161 3996 Benef.
2182 3952 2284 4007 VI&
2322 3966 2400 3996 ια.

611 4021 725 4068 facti
742 4035 852 4067 eum
878 4035 979 4066 non
1005 4020 1213 4067 oblitum
1241 4021 1384 4067 fuisse
1407 4032 1627 4077 testatur,

1733 4042 1738 4049 ·
1789 4042 1833 4085 7.
1857 4027 2077 4089 Utrisque
2093 4028 2182 4074 his.
2209 4028 2414 4076 Duobus
2432 4032 2633 4093 Ligariis
2653 4034 2728 4095 qui

611 4101 748 4164 quod
814 4099 1047 4147 malorum
1107 4110 1290 4147 tantum
1348 4103 1623 4151 memoriam
1713 4104 1793 4149 hic
1820 4103 2022 4163 adsunt,
2046 4118 2094 4153 et
2115 4117 2159 4154 te
2181 4123 2272 4170 pro
2293 4108 2436 4155 fratre
2459 4121 2617 4158 orant.
