2994 4778
543 435 681 517 [μοι
732 446 737 451 ’
1164 435 1258 501 Μ.
1305 437 1382 502 Τ.
1452 435 2033 504 CICERONIS

637 547 956 613 XXXIV.
995 548 1104 614 An
1134 569 1308 615 vero
1341 560 1421 616 tu
1456 571 1712 644 pamm
1747 560 1956 643 putas
1985 546 2476 641 investigatas¹
2517 569 2680 617 esse

541 679 582 723 a
619 652 831 724 nobis
868 652 1063 724 labes
1091 657 1371 752 imperii
1399 657 1547 743 tui,
1590 671 2007 753 stragesque
2034 657 2460 751 provinciae?
2495 681 2682 751 quas

540 762 844 859 quidem
890 787 1024 834 nos
1076 789 1229 835 non
1268 767 1585 863 vestigiis
1631 765 2020 835 odorantes
2059 764 2421 858 ingressus
2480 778 2684 841 tuos,

540 873 664 944 sed
674 874 844 944 totis
862 873 1763 973 volutationibuscorporis
1783 888 1854 945 et
1868 869 2223 944 cubilibus
2233 874 2665 968 persequuti

540 1008 809 1054 sumus.
856 986 1118 1054 Notata
1162 1010 1202 1054 a
1247 985 1506 1056 nobis²
1544 999 1714 1056 sunt
1758 1000 1832 1056 et
1871 985 2103 1081 prima
2144 981 2263 1052 illa
2298 982 2567 1053 scelera
2600 984 2675 1051 in

540 1092 890 1180 adventu,
946 1118 1214 1191 quum,
1267 1111 1559 1193 accepta
1603 1096 1907 1192 pecunia
1941 1119 1982 1164 a
2020 1091 2537 1189 Dyrrhachinis
2571 1091 2678 1162 ob

542 1228 794 1275 necem
834 1202 1138 1302 hospitis
1174 1206 1281 1275 tui
1314 1204 1654 1293 PlatoriS,
1689 1206 1848 1303 ejus
1888 1204 2114 1301 ipsius
2146 1201 2441 1273 domum
2479 1227 2675 1272 ever-

540 1309 761 1399 tisti³‚
817 1313 1024 1409 cujus
1077 1316 1500 1412 sanguinem
1553 1313 1959 1401 addixeraS‚
2002 1312 2408 1411 eumque⁴‚
2452 1314 2678 1384 servis

543 1423 1076 1521 symphoniacis
1114 1439 1186 1495 et
1223 1425 1376 1496 aliis
1414 1424 1842 1496 muneribus
1874 1425 2222 1520 acceptiS‚
2260 1425 2680 1507 timentem,

543 1531 1003 1630 multumque
1030 1531 1481 1606 dubitantem
1509 1533 1979 1618 confirmasti,
2005 1549 2075 1604 et
2099 1531 2681 1603 Thessalonicam

544 1640 687 1713 fide
720 1640 889 1711 tua⁵
934 1643 1180 1714 venire
1213 1644 1504 1738 jussisti.
1542 1645 1777 1733 Quem
1808 1668 1902 1713 ne
1935 1639 2338 1735 majorum⁶
2378 1641 2679 1736 quidem

542 1775 745 1821 more
796 1751 1155 1849 supplicio
1197 1752 1536 1842 affecisti,
1590 1779 1818 1850 quum
1872 1755 2089 1823 miser
2131 1750 2251 1821 ille
2302 1749 2686 1822 securibus

544 1860 848 1958 hospitis
903 1863 1017 1931 sui
1075 1864 1387 1934 cervices
1438 1862 1795 1957 subjicere
1850 1864 2178 1960 gestiret3
2241 1861 2363 1932 sed
2418 1863 2481 1931 ei
2523 1885 2683 1930 me-

546 1971 749 2058 dico,
806 1997 1028 2069 quem
1096 1989 1335 2046 tecum
1398 1974 1782 2063 eduxeras,
1847 1975 2257 2070 imperasti,
2323 1987 2406 2043 ut
2461 1996 2685 2042 venas

616 2251 865 2299 XXXIV.
907 2266 952 2298 ι.
989 2249 1325 2314 Invesu'gatas.
1367 2251 1568 2315 Egregia

545 2327 771 2392 allegoria
800 2344 934 2376 suam
960 2330 1014 2377 in
1036 2331 1348 2395 exquirendis
1380 2332 1571 2379 Pisonis

546 2407 739 2471 flagitiis
796 2417 846 2455 et
904 2409 1203 2458 facinoribus
1270 2410 1568 2474 diligentiam

548 2489 787 2548 ostendit,
805 2505 914 2552 qnoe
933 2506 1034 2539 non
1054 2489 1240 2538 levibus
1258 2492 1568 2554 argumentis,

548 2580 605 2618 nt
625 2569 799 2617 bellun
820 2568 1024 2628 alicujus
1046 2569 1255 2633 vestigiis
1269 2604 1283 2627 ‚
1312 2569 1399 2617 sed
1416 2567 1571 2618 firmis

549 2648 788 2711 certisque
817 2647 1187 2712 probationibus
1213 2660 1454 2711 tamquam
1482 2664 1571 2696 vo-

546 2725 869 2775 lutationibus
904 2727 1124 2791 corporis
1168 2725 1287 2773 dicit
1333 2742 1384 2773 se
1426 2726 1573 2774 fuisse
1617 2718 1624 2724 ⁸

550 2815 909 2870 pei-sequutum.

624 2901 671 2932 α.
702 2884 888 2931 Notata
917 2900 951 2930 a
977 2881 1129 2930 nobis.
1156 2882 1251 2931 Hic
1280 2883 1493 2931 ostendit
1518 2882 1572 2930 in

549 2980 652 3013 uno
666 2963 794 3011 facto
812 2978 899 3010 sex
917 2961 1118 3010 crimina
1138 2963 1282 3010 fuisse
1297 2963 1568 3026 implicata:

554 3043 607 3089 1⁰
634 3041 771 3106 quod
795 3042 1052 3105 pecuniam
1080 3042 1145 3090 ob
1180 3058 1345 3090 necem
1375 3059 1575 3106 accepe-

551 3122 614 3169 rit
632 3132 800 3170 contra
819 3121 970 3185 legem
988 3124 1019 3170 J
1023 3121 1167 3170 uliam
1188 3122 1249 3169 de
1266 3121 1572 3186 repetundis3

554 3196 612 3247 2⁰
637 3200 776 3264 quod
807 3200 872 3248 ob
894 3217 1060 3249 necem
1089 3201 1326 3265 hospitis;
1356 3197 1413 3249 3⁶
1438 3200 1573 3265 quod

554 3278 751 3325 domum
770 3279 874 3337 ejus
899 3280 1195 3338 exhauserit;
1229 3276 1285 3335 4⁰
1304 3279 1439 3344 quod
1460 3295 1577 3327 con·

554 3366 625 3403 tra
665 3353 811 3402 fldem
851 3357 1011 3405 datam
1056 3375 1167 3405 eum
1210 3358 1474 3418 occiderit;
1521 3359 1575 3405 5⁰

555 3431 693 3496 quod
737 3449 840 3479 non
889 3438 1045 3483 securi
1100 3438 1390 3500 percusserit
1439 3451 1576 3483 more

555 3511 812 3571 majorum,
839 3512 925 3558 sed
942 3512 1164 3560 adhibito
1183 3513 1410 3574 chirurgo
1432 3529 1576 3560 venas

554 3592 656 3651 ejus
679 3589 966 3647 exsolverit,
997 3601 1053 3638 ut
1079 3591 1313 3636 exhausto
1344 3591 1575 3653 sanguiue

552 3672 683 3719 lenta
701 3678 855 3716 morte
875 3670 1069 3716 taudem
1090 3668 1334 3726 interiret;
1360 3665 1418 3717 6⁰
1436 3671 1574 3733 quod

552 3749 765 3801 Pleurati
789 3760 991 3796 mortem
1018 3747 1308 3810 adjunxerR.
1338 3749 1573 3813 Septima,

556 3829 939 3883 circumstantia,
962 3840 1009 3876 et
1032 3829 1168 3892 quasi
1190 3845 1373 3877 novum
1392 3829 1575 3878 crimen

553 3908 671 3957 addi
706 3919 867 3971 potest
883 3942 899 3966 ,
938 3907 1077 3971 quod
1116 3909 1272 3972 ipsum
1312 3909 1575 3956 adventum

553 3989 651 4036 hoc
669 3986 846 4033 scelere
868 3986 960 4033 fuit
979 3988 1272 4050 auspicatus.
1291 3990 1414 4035 Item
1441 4000 1575 4036 octa·

532 4086 615 4116 -va
631 4103 647 4129 ‚
679 4066 813 4131 quod
856 4082 965 4113 eum
1012 4065 1271 4125 occiderit,
1302 4069 1442 4128 cujus
1487 4067 1578 4116 do-

562 4163 692 4194 mum
716 4154 976 4204 everterat,
992 4155 1160 4194 contra
1185 4143 1314 4208 leges
1339 4161 1575 4201 romanas,

1658 2268 1768 2316 quae
1794 2267 1985 2315 poenam
2013 2250 2335 2314 pecuniariam
2363 2265 2518 2314 poenae
2544 2248 2686 2315 capi-

1660 2332 1723 2379 tis
1739 2331 1852 2379 addi
1873 2329 2218 2395 prohibebant.

1730 2414 1779 2460 3.
1805 2410 1926 2476 Ejus
1942 2410 2090 2475 ipsius
2109 2411 2305 2458 domum
2324 2408 2542 2457 evertisti.
2562 2411 2695 2457 Tan·

1660 2501 1722 2539 tae
1754 2491 1886 2539 fuisti
1915 2489 2133 2554 perfidiae
2153 2527 2168 2550 ‚
2205 2502 2260 2536 nt
2295 2505 2447 2553 quum
2481 2488 2692 2537 Platoris

1659 2571 1780 2617 civis
1844 2569 2174 2634 Dyrrhachini
2237 2569 2522 2632 sangninem
2588 2569 2694 2615 suis

1657 2649 1810 2712 ipsius
1843 2648 2034 2697 civibus
2063 2647 2398 2709 vendidisses,
2431 2648 2690 2711 promisis-

1660 2743 1831 2791 sesque
1868 2738 2063 2790 accepta
2101 2727 2307 2790 pecunia
2349 2727 2455 2773 fore
2474 2761 2489 2783 ‚
2523 2735 2580 2772 ut
2613 2726 2691 2772 ini

1659 2817 1865 2854 mortem
1934 2807 2133 2853 inferres
2148 2839 2162 2863 ,
2222 2816 2396 2862 tante,
2449 2806 2644 2867 inquam
2668 2837 2688 2861 ,

1659 2885 1794 2933 fuisti
1813 2883 2028 2949 perfidia
2046 2918 2061 2941 ,
2084 2895 2140 2931 ut
2155 2883 2200 2952 ei
2212 2917 2227 2941 ,
2244 2884 2388 2942 cnjus
2402 2885 2686 2946 sanguinem

1661 2975 1902 3027 tamqnam
1916 2963 2183 3011 licitatione
2197 2962 2395 3025 publica
2411 2962 2685 3020 addixeras,

1662 3055 1709 3091 te
1734 3045 1941 3091 amicum
1968 3036 2070 3091 esse
2103 3042 2382 3100 simulares,
2411 3054 2464 3090 et
2490 3042 2555 3089 ad
2579 3058 2685 3088 euua

1663 3134 1904 3187 tamquam
1929 3123 2106 3186 hospes
2126 3121 2189 3169 ad
2209 3122 2452 3184 hospitem
2475 3121 2683 3168 diverte-

1661 3219 1760 3258 res,
1781 3202 2064 3264 tamdiuque
2079 3205 2294 3248 maneres
2310 3201 2360 3247 in
2382 3202 2489 3261 ejus
2511 3200 2682 3256 domo,

1662 3291 1717 3329 ut
1751 3297 1853 3328 eam
1894 3280 2148 3340 everteris,
2193 3289 2242 3326 et
2277 3278 2533 3342 impensis,
2571 3293 2683 3340 quo

1662 3360 1799 3408 factae
1820 3370 1935 3406 sunt
1947 3394 1962 3418 ‚
1979 3359 2172 3421 penitus
2190 3357 2484 3406 exhauseris.

1737 3446 1785 3495 Α.
1808 3439 2026 3501 Eumque
2042 3471 2058 3494 ‚
2077 3436 2233 3484 servis.
2257 3437 2518 3484 Avaritiam
2542 3445 2684 3482 notat

1662 3516 1866 3582 perfidia
1915 3515 2208 3579 implicatam
2232 3549 2247 3572 ,
2300 3514 2435 3578 quod
2484 3530 2685 3561 munera

1663 3595 1901 3658 acceperit
1915 3629 1930 3653 ,
1956 3604 2005 3641 et
2022 3595 2148 3641 inter
2167 3603 2356 3641 ceteros
2373 3608 2539 3641 servos
2555 3609 2690 3657 sym·

1661 3673 1932 3737 phoniacos
1961 3675 2263 3722 et‘inusicos.

1734 3753 1783 3800 5.
1812 3749 1931 3800 Fide
1951 3764 2054 3800 tua.
2080 3755 2243 3815 Quum
2262 3751 2563 3800 incolumem
2583 3768 2690 3800 eum

1665 3830 1862 3878 domum
1891 3847 2189 3879 reversurum
2218 3830 2587 3894 spopondisses.

1734 3909 1784 3955 6.
1804 3908 2071 3973 Major-um.
2093 3944 2105 3957 .
2126 3943 2140 3956 .
2160 3923 2306 3955 more.
2326 3908 2441 3954 Mos
2456 3908 2691 3967 majorum

1664 3987 1783 4046 suit,
1813 3999 1871 4035 ut
1898 3987 2113 4034 damnati
2140 3987 2285 4049 virgis
2312 3984 2375 4031 ad
2403 4002 2574 4034 necem
2603 4001 2691 4031 cae-

1666 4065 1915 4125 derentur,
1944 4065 2008 4113 ad
2035 4076 2295 4113 extremum
2324 4080 2496 4112 eorum
2528 4063 2693 4110 cervix

1665 4147 1819 4193 securi
1854 4144 2229 4193 abscinderetur.
