2994 4778
634 430 774 512 614
1258 427 1353 493 Μ.
1399 426 1477 491 Τ.
1535 422 2116 493 CICERONIS

611 551 895 636 -nescii3
948 544 1283 618 affectum
1333 544 1584 615 illum²
1640 542 2108 642 quisbusdam
2154 539 2632 613 incommodis
2682 556 2762 611 et

634 660 1082 730 detrimentis
1098 654 1153 743 ³,
1206 671 1505 754 propter
1537 652 2012 726 offensionem
2053 653 2266 725 animi
2299 656 2450 738 tui,
2498 652 2760 721 memi-

638 784 935 855 nerant3
970 784 1185 865 teque
1223 789 1449 863 quum
1489 764 1658 835 huic
1693 766 1955 835 iratum
1980 818 2000 850 ‚
2037 778 2194 833 tum
2226 762 2355 832 sibi
2389 763 2762 832 amicum‘*

638 893 1123 976 cognoverant
1160 903 1176 945 ε
1232 899 1608 971 quumque
1647 872 1837 972 apud
1873 877 2108 971 ipsum
2152 865 2226 943 te
2280 871 2365 941 de
2400 885 2537 941 tuo
2578 871 2766 967 peri·

637 980 858 1061 culo⁵
927 988 1248 1059 dicerent
1277 1042 1297 1074 ,
1358 984 1512 1057 fore
1597 983 1950 1083 putabant
1974 1038 1994 1071 ‚
2054 997 2144 1054 ut
2212 984 2284 1052 in
2352 980 2765 1051 exulcerato

616 1102 881 1171 ,animo
936 1098 1141 1170 facile
1204 1095 1452 1167 fictum
1513 1099 1784 1167 crimen
1848 1091 2211 1166 insideret.
2270 1090 2766 1183 Quamobrem

641 1210 784 1280 hoc
819 1234 954 1281 nos
987 1209 1298 1305 primum
1347 1222 1582 1289 metu,
1617 1210 1699 1276 C.
1742 1210 1995 1287 Caesar,
2032 1228 2166 1301 per
2197 1201 2456 1288 fidem,
2491 1215 2561 1272 et
2594 1225 2770 1270 con-

618 1321 1007 1405 stantiam,
1048 1333 1120 1388 et
1155 1317 1604 1388 clementiam
1651 1329 1881 1396 tuam,
1919 1312 2179 1397 libera,
2217 1337 2310 1382 ne
2349 1310 2661 1381 residere
2688 1307 2766 1378 in

641 1445 714 1499 te
757 1428 972 1499 ullam
1010 1443 1285 1526 partem
1325 1425 1705 1498 iracundiae
1731 1425 2198 1521 suspicemur.
2235 1426 2382 1492 Per'
2397 1417 2768 1489 dexteram

645 1553 715 1608 te
771 1534 1023 1608 istam⁶
1080 1562 1249 1622 oro,
1304 1559 1522 1633 quam
1579 1535 1727 1632 regi
1781 1534 2138 1627 Dejotaro·
2180 1531 2445 1628 hospes
2504 1530 2766 1625 hospiti

642 1649 1020 1745 porrexisti
1050 1647 1323 1734 :‘istam‚
1353 1648 1668 1743 inquam,
1697 1637 2089 1728 dexteram,
2116 1666 2264 1712 non
2299 1651 2497 1710 tam?
2524 1642 2592 1708 in
2618 1638 2771 1708 bel-

642 1757 729 1825 lis
762 1771 836 1825 et
875 1758 947 1825 in
987 1754 1243 1852 praeliis
1264 1812 1282 1840 ‚
1317 1781 1534 1852 quarn
1565 1756 1638 1824 in
1667 1755 2041 1852 promissis
2077 1767 2147 1824 et
2179 1750 2323 1821 fide
2350 1750 2767 1820 firmiorem.

642 1870 751 1935 Tu
788 1865 976 1934 iuius
999 1863 1297 1936 domum
1338 1869 1520 1936 inire
1536 1862 1590 1950 ⁸,
1634 1880 1716 1935 tu
1760 1879 1963 1935 vetus
1995 1863 2389 1960 hospitium
2421 1883 2770 1932 renovare

642 1972 965 2061 voluisti;
1004 1989 1076 2044 te
1127 1975 1283 2068 ejus
1327 1974 1425 2045 dii
1482 1968 1777 2072 penates
1822 1987 2290 2070 acceperunt;
2348 1987 2422 2042 te
2460 1973 2767 2042 amicum

644 2097 716 2153 et
739 2081 1097 2179 placatum
1122 2085 1437 2178 Dejotari
1461 2088 1647 2180 regis
1671 2108 1804 2154 arae
1826 2081 2114 2179 focique
2139 2082 2499 2152 viderunt.
2525 2086 2768 2171 Quum

645 2191 849 2263 facile
891 2198 1194 2280 exorari,
1220 2199 1470 2281 Caesar,
1494 2210 1649 2265 tum
1680 2193 1902 2265 semel
1938 2195 2212 2264 exorari
2242 2190 2434 2262 soles
2448 2202 2501 2259 9.
2538 2194 2770 2260 Nemo

648 2324 992 2399 umquam
1020 2317 1091 2374 te
1119 2302 1419 2402 plaoevit
1458 2306 1819 2392 inimicus,
1857 2307 1983 2400 qui
2014 2301 2190 2372 ullas
2218 2293 2567 2373 resedisse
2595 2301 2672 2368 in
2698 2311 2770 2367 te

648 2557 995 2622 rempublicam
1048 2559 1219 2623 populi
1274 2562 1457 2607 romani
1508 2576 1665 2609 caram

648 2655 752 2686 esse
778 2638 1044 2697 sentiebat,
1072 2650 1167 2686 etc.
1187 2661 1212 2681 ιο

725 2733 774 2766 2.
802 2714 1039 2780 Affectum
1066 2716 1216 2765 illum.
1243 2720 1297 2764 In
1326 2719 1512 2765 Erfurt.
1538 2718 1665 2765 Pith-

640 2795 825 2858 ,Dr-esd.
849 2795 1023 2843 Colon.
1044 2797 1199 2844 tribus
1230 2796 1379 2845 codd.
1412 2797 1665 2857 Lambini,

649 2886 696 2922 et
723 2874 979 2922 scholiaste
1005 2875 1206 2939 antiquo
1225 2910 1241 2934 ,
1274 2877 1503 2925 scribitur
1534 2875 1667 2943 affli-

650 2965 781 3000 ctum
825 2952 978 3003 illum.
1015 2956 1242 3002 Retinent
1281 2967 1436 3003 tamen
1482 2955 1666 3002 Francii

653 3035 840 3097 primus
872 3043 920 3079 et
956 3034 1196 3080 secundm
1233 3031 1464 3098 affectum
1497 3034 1664 3090 illum,

654 3121 712 3158 ut
737 3122 785 3158 et
808 3110 960 3158 editio
988 3114 1169 3176 prima,
1207 3129 1351 3175 quam
1386 3114 1672 3177 scripturam

653 3188 766 3236 huic
793 3190 906 3237 loco
931 3191 1188 3239 convenire
1213 3194 1363 3256 magis
1380 3203 1520 3258 putat
1540 3193 1674 3239 Grae·

656 3266 799 3317 vius:
829 3270 983 3317 utitur
1018 3271 1146 3318 enim
1178 3282 1341 3319 orator
1366 3272 1525 3320 verbis
1553 3271 1676 3319 mol-

652 3344 846 3393 lissimis
860 3384 875 3407 ‚
893 3364 951 3395 ne
970 3350 1172 3397 Caesaris
1196 3352 1410 3399 animum
1433 3350 1672 3398 offendat.

724 3422 773 3467 3.
800 3425 1124 3474 [modis
1156 3439 1206 3475 et
1236 3429 1550 3477 dett-inuentis.
1580 3430 1672 3475 Dc·

645 3501 837 3561 Jonrus
865 3504 1097 3567 Pompeio
1124 3507 1403 3571 reipublicae
1434 3507 1674 3553 defensori

651 3578 946 3641 adhoescrtt3
974 3583 1132 3629 victor
1165 3586 1325 3631 Caesar
1347 3586 1600 3647 pecuniam
1629 3585 1675 3631 ei

655 3648 934 3722 imperavit,
953 3659 1175 3724 adempta
1197 3661 1397 3708 Galatiae
1420 3674 1557 3725 parte
1572 3696 1588 3721 ,
1625 3674 1675 3710 et

655 3738 883 3786 Armenia
929 3734 1122 3788 Minore
1145 3778 1159 3801 ,
1198 3757 1342 3804 quam
1389 3742 1432 3788 ei
1477 3753 1674 3789 senatus

654 3816 854 3879 largitus
875 3829 992 3867 erat.
1022 3820 1095 3865 Dc
1122 3821 1234 3867 Div.
1258 3822 1306 3866 11
1335 3835 1349 3869 :
1391 3843 1415 3862 ‹-
1438 3822 1674 3870 Casan-em

654 3893 825 3941 eodem
849 3906 1073 3959 tempore,
1084 3907 1130 3943 et
1152 3897 1339 3947 hostem
1359 3907 1407 3944 et
1430 3898 1674 3962 hospitem

657 3971 814 4021 vidit:
840 3975 962 4036 quid
989 3976 1084 4023 hoc
1114 3977 1336 4025 tristius?
1371 3979 1418 4023 Is
1446 3994 1598 4039 quum
1631 3977 1673 4024 ei

654 4053 978 4115 Troginorum
999 4056 1300 4104 tetrarchiam
1322 4057 1574 4120 eripuisset
1590 4092 1604 4116 ,
1626 4069 1674 4103 et

654 4131 846 4179 assecla
876 4148 967 4181 suo
1007 4138 1298 4198 Pergameno
1319 4170 1333 4193 ,
1366 4136 1529 4182 nescio
1566 4136 1673 4193 cui,

1752 2558 1987 2615 dedisset,
2017 2558 2272 2621 eidemque
2296 2557 2586 2604 detraxisset
2606 2559 2772 2603 Arme-

1751 2638 1879 2685 niam
1898 2653 1925 2685 a
1946 2649 2114 2685 senatu
2143 2638 2304 2684 datam
2317 2672 2333 2695 ,
2357 2652 2612 2700 quumque
2629 2636 2692 2682 ab
2711 2651 2769 2680 eo

1753 2715 2226 2778 magnificentissime
2274 2716 2497 2779 hospitio
2545 2725 2772 2778 exceptus

1753 2805 1903 2852 esset,
1933 2796 2193 2859 spoliatum
2227 2796 2423 2859 reliquit
2464 2796 2703 2860 hospitem
2726 2804 2773 2840 et

1756 2888 1915 2935 regem
1936 2895 1977 2921 ιι.

1827 2959 1874 3005 ⁴·
1895 2950 1995 2998 Sibi
2013 2951 2238 3000 amicum.
2264 2952 2370 2999 Sibi
2387 2952 2548 2999 ἦσαν
2564 2987 2579 3011 ,
2603 2949 2658 2998 id
2676 2961 2769 3007 est.

1757 3030 1944 3079 Castori
1963 3043 2013 3079 et
2031 3032 2134 3092 ejus
2155 3031 2434 3079 comitibus.

1832 3111 1879 3156 5.
1903 3111 1976 3156 De
1992 3121 2074 3156 tuo
2089 3110 2323 3174 periculo.
2350 3112 2425 3158 De
2450 3108 2643 3157 insidiis
2662 3123 2774 3172 quas

1760 3189 1992 3235 struxisse
2015 3191 2297 3250 Dejotarum
2326 3190 2574 3237 dicebant.

1831 3268 1883 3314 6.
1905 3268 2003 3313 Per
2026 3267 2276 3315 dexteram
2303 3279 2351 3314 te
2375 3268 2544 3321 istam.
2575 3265 2776 3320 Plinius,

1761 3344 1844 3392 lib.
1879 3348 1955 3402 11,
1982 3362 2095 3410 cap.
2125 3362 2225 3409 17:
2263 3351 2442 3396 «Inest
2465 3347 2651 3394 dextr-re
2671 3344 2777 3390 reli·

1762 3425 1874 3488 gio,
1895 3441 2003 3487 qnae
2036 3426 2089 3473 in
2120 3427 2299 3475 osculis
2322 3427 2589 3491 appetitur,
2606 3423 2661 3470 in
2684 3419 2780 3469 fide

1758 3503 2081 3568 porrigitur».

1835 3599 1883 3642 7.
1909 3582 2289 3642 Freinshemius,
2323 3583 2386 3630 ad
2421 3583 2486 3642 Q.
2521 3581 2780 3637 Curtium,

1761 3662 1832 3706 vl
1852 3694 1866 3718 ,
1906 3670 1968 3719 4,
2006 3662 2104 3709 hoc
2137 3673 2240 3710 eam
2277 3660 2598 3710 omittendum
2623 3669 2778 3723 putat.

1764 3739 1978 3786 Probum
2001 3741 2157 3791 multi.
2188 3742 2346 3789 Habet
2367 3752 2530 3789 tamen
2548 3739 2783 3786 Priscian.

1763 3820 1848 3868 lib.
1874 3823 1948 3868 111
1968 3855 1984 3880 ,
2012 3838 2124 3885 pag.
2147 3823 2264 3877 604.
2287 3868 2294 3873 .

1837 3901 1886 3946 8.
1913 3901 2067 3948 Inire.
2085 3903 2159 3947 Ire
2180 3903 2248 3959 in,
2264 3902 2457 3949 intrare.
2475 3899 2614 3947 Idem
2636 3898 2782 3946 dixit:

1764 4002 1786 4019 ι-
1807 3978 1966 4026 cubile
1995 3991 2040 4026 et
2070 3981 2349 4028 convivium
2374 3979 2556 4026 inire».

1834 4073 1883 4118 9.
1905 4059 2064 4105 Semel
2080 4059 2280 4106 exorari
2298 4058 2445 4106 soles.
2461 4058 2577 4105 Non
2594 4070 2786 4103 necesse

1763 4147 1866 4192 est,
1906 4146 1960 4182 ut
2000 4136 2089 4184 tibi
2122 4137 2232 4200 plus
2265 4154 2410 4202 qnam
2437 4136 2584 4184 semel
2617 4147 2788 4201 preces
