2994 4778
948 442 1722 515 ARGUMENTUM.
2248 440 2384 538 607

301 600 312 611 .
347 576 588 640 tumque
617 563 812 622 ,minui
856 562 1128 623 ostendit.
1160 563 1425 640 Denique
1461 582 1523 623 se
1560 563 1673 623 loci
1704 562 1886 640 ipsius
1919 563 2223 623 insolentia
2263 584 2394 623 mo·-

342 660 472 718 veri
499 704 526 733 ,‚
545 659 706 737 quod
738 679 859 719 non
899 661 961 719 in
993 662 1123 718 foro
1147 658 1253 722 ,sed
1285 661 1437 719 intra
1466 659 1814 718 domesticos
1836 661 2103 739 ‘parietes
2130 660 2395 721 dicturus

340 755 453 826 sit,
475 774 601 834 cap.
639 777 664 813 1
685 797 703 826 ,
738 776 793 814 a.
1856 754 1859 757 ’

423 928 550 982 Jam
576 938 885 1003 antequam
913 924 987 983 de
1017 925 1383 984 accusatione
1407 926 1533 1004 ipsa
1561 924 1714 982 dicat
1734 967 1751 995 ,
1780 944 1966 1001 pauca
1988 943 2049 982 se
2076 922 2150 981 de
2177 944 2280 1002 spe
2308 945 2398 984 ac-

343 1033 675 1083 casatorum
722 1022 1014 1082 dicturum
1053 1022 1374 1081 denuntiat.
1429 1021 1719 1081 Nimirum
1763 1040 1863 1080 eos
1906 1040 2086 1098 quum
2119 1020 2399 1098 Dejotaro

339 1120 628 1179 Caesarem
657 1119 796 1178 olim
827 1119 1041 1180 iratum
1066 1120 1271 1192 fuisse,
1300 1120 1578 1197 illumque
1600 1107 1675 1176 ab
1702 1138 1773 1176 eo
1799 1116 2146 1195 quibusdam
2172 1120 2398 1180 incom-

345 1214 535 1273 modis
566 1234 633 1273 ac
663 1215 1023 1274 detrimentis
1056 1218 1330 1275 affectum
1354 1236 1477 1274 esse
1506 1205 1922 1285 meminissent,
1950 1215 2075 1274 fore
2108 1235 2394 1293 sperasse,

343 1324 415 1368 ut
453 1313 516 1369 in
557 1314 889 1372 exulcerato
931 1314 1127 1372 animo
1161 1313 1328 1371 facile
1364 1313 1563 1371 fictum
1602 1312 1823 1370 crimen
1864 1312 2159 1370 insideret.
2194 1319 2396 1391 Itaque

341 1408 553 1466 Cicero
578 1415 855 1469 Caesarem
885 1424 1014 1469 orat
1036 1425 1094 1470 et
1120 1409 1388 1469 obsecrat
1406 1453 1423 1481 ,
1458 1423 1524 1467 ut
1550 1429 1650 1468 eos
1676 1415 1775 1486 qui
1802 1409 2081 1486 Dejotaro
2109 1409 2258 1467 bene
2286 1431 2393 1467 cu-

344 1505 511 1584 piant
546 1519 702 1565 metu
731 1506 966 1580 liberet,
1001 1529 1075 1566 ne
1101 1508 1356 1567 residere
1397 1507 1455 1564 in
1490 1527 1552 1566 se
1599 1509 1771 1565 ullam
1817 1519 2041 1586 partem
2079 1505 2393 1565 iracundiae

334 1606 722 1681 suspicentur.
750 1606 932 1663 Simul
954 1605 1319 1683 Dejotarum,
1342 1603 1501 1681 quod
1523 1625 1557 1661 a
1579 1604 1843 1682 Pompeii
1859 1603 2122 1682 partibus
2149 1604 2395 1675 steterit,

344 1713 615 1768 excusat,
662 1721 910 1779 eumque
957 1714 1090 1780 post
1122 1701 1384 1779 praelium
1432 1699 1824 1759 Pharsalicum
1863 1699 2132 1759 omnibus
2158 1700 2397 1759 Caesaris

342 1796 693 1857 utilitatibus
724 1799 982 1876 paruisse
1004 1798 1287 1869 ostendit,
1317 1818 1444 1876 cap.
1471 1797 1605 1855 3-5.

428 1965 598 2039 Quod
624 1966 802 2045 igitur
832 1965 1141 2043 Dejotarus
1166 1966 1325 2024 domi
1351 1986 1466 2025 suae
1495 1970 1775 2025 Caesarem
1800 1967 2124 2025 interficere
2150 1960 2398 2026 voluisse

346 2062 654 2140 arguatur,
684 2065 889 2123 Cicero
917 2063 1168 2122 ostendit
1196 2077 1313 2122 tam
1339 2077 1506 2121 atrox
1538 2064 1758 2122 facinus
1784 2063 1946 2121 nullo
1978 2063 2152 2121 modo
2186 2064 2249 2121 in
2278 2068 2398 2124 De-

337 2157 520 2235 jotari
551 2159 918 2237 prudentiam
959 2174 1018 2218 et
1055 2158 1403 2238 probitatem
1460 2158 1701 2231 cadere,
1741 2172 2040 2237 totumque
2072 2159 2287 2218 crimen
2322 2159 2396 2219 ab

345 2251 780 2311 accusatoribus
805 2273 925 2310 non
953 2252 1129 2311 modo
1155 2272 1274 2309 non
1302 2250 1681 2321 credibiliter,
1703 2251 1800 2309 sed
1831 2271 1905 2309 ne
1923 2250 2239 2330 suspiciose
2265 2253 2399 2333 qui÷

345 2346 480 2406 dem
501 2348 746 2429 confingi
767 2393 783 2422 ,
816 2369 944 2429 cap.
970 2350 1037 2419 6,
1071 2371 1125 2424 7.
1151 2346 1375 2407 Deinde
1410 2348 1613 2406 Cicero
1641 2348 1853 2406 refutat
1874 2347 1932 2407 id
1964 2348 2125 2427 quod
2152 2370 2390 2409 accusa-

348 2459 502 2504 tores
551 2446 818 2506 dixerant
860 2443 1199 2526 Dejotarum
1244 2446 1559 2505 exercitum
1601 2458 1805 2504 contra
1844 2450 2122 2505 Caesarem
2167 2467 2399 2526 compa-

345 2563 500 2602 rasse
522 2587 538 2613 ,
579 2563 706 2623 cap.
736 2545 805 2614 8,
837 2559 897 2603 et
924 2546 1112 2604 alieno
1144 2543 1217 2603 ab
1246 2565 1317 2603 eo
1345 2544 1539 2604 animo
1566 2563 1797 2621 semper
1823 2542 1884 2601 in
1911 2545 2160 2623 speculis
2185 2544 2356 2603 fuisse
2381 2588 2396 2616 ,

342 2660 469 2718 cap.
493 2662 563 2717 9,
604 2642 663 2698 in
693 2661 812 2719 quo
845 2641 1013 2699 simul
1046 2642 1298 2720 graviter
1327 2642 1387 2699 in
1418 2640 1672 2700 Castoris
1704 2639 2183 2699 inhumanitatem
2220 2654 2395 2719 atque

344 2735 757 2796 immanitatem
778 2738 837 2795 in
863 2737 973 2796 hac
991 2738 1084 2796 avi
1106 2738 1469 2796 accusatione
1492 2737 1785 2813 proditam
1803 2735 2122 2808 invehitur,
2145 2756 2271 2816 cap.
2304 2756 2393 2809 10,

307 2906 320 2915 .
353 2855 377 2890 1
397 2854 444 2891 1.
473 2838 768 2892 Postremo
792 2833 905 2892 hoc
926 2832 1294 2893 maledictum
1321 2833 1522 2905 diluit,
1571 2832 1732 2910 quod
1772 2845 2076 2892 accusator
2103 2831 2398 2912 objecerat

345 2930 690 2988 Blesamium
720 2930 794 2988 ad
826 2932 1167 3005 Dejotarum
1193 2929 1449 2989 scribere
1481 2930 1747 3002 solitum,
1788 2933 2070 2987 Caesarem
2095 2929 2153 2987 in
2177 2929 2397 2989 invidia

344 3047 501 3100 esse,
529 3040 837 3105 tyrannum
859 3027 1194 3100 existimari,
1216 3041 1404 3087 statua
1436 3026 1560 3104 ejus
1588 3027 1739 3086 inter
1767 3047 1929 3105 reges
1954 3028 2144 3105 posita
2169 3028 2390 3087 animos

343 3124 646 3182 hominum
674 3124 1041 3184 vehementer
1061 3126 1315 3184 offensos
1336 3125 1461 3182 ess'e
1478 3165 1496 3193 ‚
1518 3123 1717 3202 plaudi
1741 3124 1796 3181 ei
1815 3143 1934 3181 non
1961 3124 2179 3196 solere3
2206 3138 2396 3184 osten·

343 3220 547 3298 ditque
573 3242 641 3280 ea
672 3222 865 3280 omnia
908 3242 981 3280 ex
1012 3220 1253 3280 urbanis
1280 3221 1687 3280 malivolorum
1713 3221 2093 3279 sermunculis
2123 3241 2245 3282 esse
2272 3225 2395 3283 col-

341 3318 491 3376 lecta
511 3361 528 3388 ,
553 3338 680 3396 cap.
719 3338 809 3377 ια.

426 3489 495 3542 ln
530 3484 903 3563 peroratione
938 3483 1000 3541 id
1044 3483 1190 3561 agit,
1223 3496 1287 3541 ut
1317 3483 1488 3561 plane
1516 3482 1856 3560 Dejotarum
1893 3484 2099 3542 Caesari
2129 3488 2393 3545 reconci-

340 3582 444 3639 liet
459 3625 476 3653 ,
503 3581 743 3640 virtutes
765 3581 916 3659 regis
940 3579 1352 3651 collaudando,
1375 3579 1755 3657 negandoque
1777 3599 1909 3638 eum
1934 3583 2395 3664 Caesarizsuccen·
2480 3590 2487 3600 ‘

340 3699 468 3738 sere
481 3723 500 3751 ,
528 3679 778 3758 denique
806 3677 980 3755 hujus
1006 3678 1366 3736 clementiam
1390 3690 1450 3737 et
1477 3677 1976 3736 mansuetudinem
1998 3667 2392 3757 implorandO,

340 3797 473 3855 cap.
505 3776 704 3834 13-15.
1816 3791 1823 3798 ’

422 3954 636 4018 Habita
682 3966 766 4012 est
802 3954 991 4013 oratio
1026 3970 1219 4009 mense
1256 3949 1485 4008 circiter
1522 3947 1749 4007 octobri
1786 3951 1875 4008 vel
1915 3949 2217 4009 novembri
2258 3973 2390 4011 ann.

338 4060 414 4117 U.
436 4059 497 4111 C.
518 4053 632 4126 708
649 4095 665 4124 ,
689 4070 928 4128 eamque
957 4049 1162 4109 Cicero
1190 4045 1577 4123 conscriptam
1605 4066 1801 4104 mense
1824 4045 2116 4105 decembri
2145 4048 2299 4108 misit
2318 4050 2390 4108 ad

343 4150 703 4212 Dolabellam
747 4148 932 4226 (Epp.
970 4145 1041 4202 ad
1072 4149 1226 4202 Fam.
1252 4147 1369 4214 IX,
1404 4141 1735 4220 12),quem
1777 4155 1975 4220 rogat,
2024 4156 2088 4201 ut
2139 4165 2262 4202 eam
2312 4146 2390 4206 sic
