2994 4778
640 470 1038 538 ORATIO
1088 472 1298 539 PRO
1353 472 1450 537 M.
1508 471 1888 539 COELIO.
2188 474 2309 544 181

203 595 497 662 Causam
533 587 627 661 de
661 590 989 687 pecuniis
1023 586 1440 688 repetundis
1476 589 1778 660 Catilina
1809 588 2002 661 dixit.
2037 595 2320 664 Mecum

207 715 360 770 erat
389 700 548 771 hic.
587 697 694 769 illi
737 723 830 769 ne
875 697 1260 770 advocatus
1298 698 1677 796 quidem¹¹
1719 702 1917 771 venit
1954 725 2318 799 umquam.

208 809 556 911 Deinceps
620 805 762 878 fuit
819 831 1098 895 annus,
1159 832 1307 905 quo
1361 832 1495 905 ego
1555 809 2007 880 consulatum
2060 816 2322 907 petivi.

206 900 500 1013 petebat
529 916 841 988 Catilina
868 940 1172 987 mecum.
1208 921 1620 1014 Numquam
1646 917 1736 989 ad
1767 918 1972 990 illum
2001 923 2328 1006 accessit;

199 1050 244 1096 a
282 1050 400 1097 me
443 1049 849 1122 numquam
892 1027 1199 1098 recessit.

298 1140 381 1206 V.
442 1139 585 1206 Tot
642 1135 864 1231 igitur
913 1160 1144 1207 annos
1194 1150 1514 1208 versatus
1566 1138 1642 1208 in
1689 1136 1849 1209 foro
1901 1141 2054 1212 sine
2102 1149 2330 1243 suspi-

201 1246 458 1330 cione,
498 1245 658 1315 sine
690 1241 1018 1328 infamia,
1044 1244 1334 1325 studuit
1360 1246 1680 1318 Catilinae
1706 1248 2002 1319 iterum¹
2035 1256 2329 1348 petenti.

202 1354 442 1443 Quem
492 1376 668 1450 ergo
725 1350 818 1423 ad
863 1352 1081 1425 finem
1121 1369 1329 1454 putas
1363 1354 1903 1429 custodiendam
1941 1359 2128 1431 illam
2167 1377 2328 1434 aeta-

202 1476 354 1533 tem
401 1459 672 1533 fuisse?
723 1462 949 1534 Nobis
993 1462 1289 1559 quidem
1337 1464 1507 1534 olim
1552 1489 1783 1537 annus
1829 1482 1978 1539 erat
2017 1492 2207 1542 unus
2242 1470 2332 1542 ad

203 1571 704 1643 cohibendum
741 1571 1116 1645 brachium
1160 1584 1378 1671 toga²
1419 1575 1891 1664 constitutus;
1929 1590 2001 1647 et
2031 1593 2110 1648 ut
2139 1602 2335 1650 exer-

204 1684 549 1753 citatione
635 1679 957 1779 ludoque
1023 1683 1403 1782 campestri
1482 1686 1782 1756 tunicati
1811 1681 1840 1728 ³
1912 1701 2328 1761 uteremur:

207 1791 615 1887 eademque
667 1804 858 1880 erat,
902 1794 959 1861 si
1018 1794 1256 1863 statim
1301 1795 1557 1864 mereri
1613 1793 1966 1891 stipendia
2015 1821 2333 1896 coepera-

207 1924 403 1988 ωας,
451 1903 828 1972 castrensis
865 1904 1049 1972 ratio
1086 1925 1170 1973 ac
1202 1901 1553 1974 militariS.
1589 1907 1747 1996 Qua
1789 1906 1866 1974 in
1908 1918 2152 1994 aetate,
2198 1910 2336 1977 nisi

209 2014 331 2106 qui
380 2035 463 2081 se
521 2013 677 2107 ipse
730 2033 859 2082 sua
909 2013 1252 2107 gravitate
1304 2027 1380 2085 et
1433 2014 1852 2084 castimonia
1867 2011 1924 2101 ⁴,
1979 2030 2052 2086 et
2102 2040 2334 2112 quum

211 2120 588 2219 disciplina
648 2120 1081 2210 domestica,
1149 2135 1306 2192 tum
1370 2124 1603 2193 etiam.
1653 2122 1957 2194 naturali
2016 2125 2344 2221 quodam·

212 2228 403 2301 bono
465 2228 887 2302 defenderat
912 2226 974 2321 ⁵3
1024 2257 1327 2329 quoquo
1372 2232 1595 2304 modo
1644 2257 1686 2304 a
1737 2233 1887 2305 suis
1937 2235 2340 2308 custoditus

219 2484 246 2506 ο
269 2480 349 2512 me
373 2466 550 2530 ipsum,
582 2484 690 2527 me,
722 2467 951 2531 inquam,
980 2467 1230 2533 qnondam

213 2560 359 2608 pune
377 2545 456 2593 ine
475 2546 663 2611 decepit
675 2581 690 2605 ‚
712 2557 807 2597 etc.
826 2569 854 2589 ι·

1314 2470 1538 2520 ceterum
1559 2467 1691 2534 apud
1713 2472 1879 2519 Persas
1896 2470 2001 2520 haeo
2026 2472 2331 2521 consuetudo

1314 2548 1457 2596 etiam
1474 2548 1628 2612 viguit
1641 2584 1658 2606 ‚
1682 2560 1739 2596 ut
1763 2550 1865 2597 sive
1885 2550 2187 2599 verecundia
2198 2586 2216 2610 ,
2229 2554 2332 2600 siv·

295 2640 314 2670 t
329 2640 374 2671 1.
403 2625 486 2673 Illi
505 2643 568 2673 ne
589 2627 853 2674 advocatas
877 2627 1089 2691 quidem.
1120 2626 1229 2675 Ad-

208 2716 432 2762 mcatas,
477 2706 563 2768 qui
609 2720 695 2753 reo
748 2720 881 2751 auam
931 2707 1228 2770 praesentiam

206 2783 564 2831 commodabat.
582 2785 682 2831 Pro
695 2783 825 2831 Sulla
842 2798 897 2831 :n
909 2786 1085 2831 Parens
1102 2796 1230 2843 tuna,

205 2863 481 2925 Torquate,
507 2862 683 2910 consul
707 2878 792 2909 reo
818 2862 878 2911 de
906 2863 1126 2928 pecuniis
1151 2878 1227 2910 re-

201 2940 437 3003 petundis
454 2940 677 2990 Catilium
697 2940 790 2988 fuit
812 2941 1078 2989 advocatus
1095 2963 1138 2988 a.

272 3021 346 3068 V.
377 3034 424 3068 1.
445 3022 624 3066 Itermn
635 3018 841 3083 petenti.
865 3019 947 3067 Bis
969 3019 1097 3067 enim
1118 3036 1230 3068 con·

198 3098 421 3146 sulatum
447 3098 610 3162 petiit.
639 3109 686 3145 et
706 3096 784 3144 bis
805 3096 1041 3160 repulsam
1065 3114 1229 3162 passus

200 3188 272 3225 ea
290 3176 530 3227 Catilina.

267 3273 324 3303 2·
378 3255 465 3302 Ad
483 3252 799 3302 cohibendam
824 3254 1071 3302 brachium
1094 3266 1229 3320 toga.

198 3336 277 3383 Sic
314 3337 502 3383 Seneca
539 3333 626 3382 lib.
669 3333 886 3382 Declam.
919 3334 968 3379 V
990 3349 1004 3380 t
1030 3355 1055 3374 ιι
1082 3333 1232 3397 Apud

198 3425 369 3479 patrea
394 3423 589 3460 nostros
608 3447 624 3472 ,
653 3413 740 3475 qui
764 3412 966 3459 forensia
993 3413 1232 3477 stipendia

197 3493 615 3558 auspic-bantur,
662 3490 795 3539 nefas
845 3491 1081 3555 putabant
1122 3492 1232 3540 bra-

200 3574 368 3621 chium
392 3584 529 3621 extra
555 3583 717 3636 togam
739 3587 931 3619 exerere
952 3592 994 3618 a.
1019 3569 1234 3636 Accepe-

198 3666 316 3702 rnnt
332 3654 474 3700 hunc
491 3655 639 3700 ritum
652 3651 861 3699 Romani
879 3667 906 3697 a
928 3650 1232 3699 Lacedaemo-

197 3733 313 3780 niis.
371 3731 664 3796 Xenophon
720 3729 808 3777 lib.
858 3730 921 3778 de
969 3730 1236 3794 Republica

197 3810 700 3861 lacedemoniorum
723 3824 781 3857 :a
799 3810 1049 3873 Lycurgus
1073 3810 1239 3857 volem

194 3892 250 3938 in
285 3892 418 3954 {pais
448 3887 784 3936 verecundiam
806 3888 914 3935 altia
933 3889 1138 3936 inserere
1160 3903 1239 3934 ra-

1315 2628 1595 2675 reverentiae
1632 2643 1772 2676 causa
1805 2627 2056 2676 brachium
2088 2641 2220 2678 veste
2246 2628 2332 2677 de-

1315 2707 1456 2754 missa
1478 2706 1803 2756 involverent.

1384 2786 1435 2833 3.
1468 2785 1697 2848 Lucioque
1720 2785 1981 2851 campestri
2002 2785 2208 2836 mnicatt’
2229 2799 2334 2835 ute-

1316 2880 1490 2913 remur.
1529 2866 1631 2912 Viri
1660 2865 1779 2913 nudi
1803 2865 2171 2925 exercebantur,
2198 2883 2331 2915 cam-

1313 2944 1461 3008 pestri
1508 2955 1693 2992 tantum
1739 2944 1968 3008 pudenda
2017 2945 2158 2993 velati
2177 2979 2192 3005 ,
2243 2946 2328 2994 sed

1317 3023 1499 3070 tirones
1537 3023 1748 3070 tunicam
1772 3039 1876 3071 non
1907 3023 2178 3087 ponebant,
2203 3025 2334 3090 pari·

1317 3112 1483 3164 terque
1514 3101 1566 3148 in
1606 3100 1771 3148 castris
1810 3102 2014 3149 tunicati
2052 3119 2103 3150 ae
2135 3119 2334 3152 exerce·

1317 3178 1434 3225 bant
1451 3211 1469 3238 ,
1499 3179 1540 3225 si
1564 3177 1732 3225 eodem
1756 3179 1841 3226 illo
1869 3180 2029 3242 primo
2052 3196 2182 3228 anno
2207 3181 2337 3229 mili-

1318 3268 1419 3305 tare
1446 3257 1719 3319 coepissent.
1742 3256 1872 3304 Male
1899 3256 2046 3320 igitur
2070 3261 2259 3307 Ernest.
2284 3272 2336 3310 et

1318 3335 1401 3383 alii
1425 3333 1538 3381 loco
1562 3333 1786 3396 adjectivi
1811 3327 2163 3385 substantivum
2192 3355 2333 3389 usur·

1320 3424 1555 3479 paverunt
1605 3426 1897 3478 campestre,
1891 3435 1903 3447 ·
1960 3432 2133 3482 nempe
2183 3416 2334 3467 homo

1320 3492 1578 3556 campestri
1606 3490 1831 3550 vinctus,
1864 3503 1909 3540 et
1944 3493 2210 3554 tunicatus,
2241 3497 2335 3545 sibi

1319 3571 1529 3620 invicem
1549 3583 1884 3637 opponuntur,
1900 3583 1956 3620 ut
1977 3589 2129 3621 unum
2148 3592 2336 3644 semper

1322 3651 1549 3700 excludat
1570 3652 1788 3700 alterum.

1396 3738 1447 3787 4.
1482 3731 1734 3780 θνανὶεατε
1749 3742 1797 3778 et
1818 3729 2122 3779 castimonia.
2144 3731 2338 3780 Tertul-

1326 3810 1482 3858 lianus
1500 3822 1516 3855 ε
1543 3831 1570 3850 κ
1588 3809 1888 3872 aliquatenus
1906 3809 2143 3872 pudicitia
2169 3810 2221 3856 in
2243 3826 2335 3858 οε-

1329 3889 1440 3936 culo
1467 3887 1759 3946 morabitur,
1778 3888 1819 3935 ai
1853 3898 2019 3935 natura
2047 3898 2343 3951 praestruxe-

197 3969 443 4027 dicilma,
468 3967 584 4013 etin
599 3968 676 4014 via
700 3966 952 4014 constituit
969 3982 1051 4014 eos
1073 3981 1244 4014 manua
1331 3964 1427 4023 rit,
1464 3963 1507 4011 si
1533 3960 1786 4026 disciplina
1813 3964 2132 4026 persuaserit,
2158 3965 2200 4011 ai
2233 3980 2349 4012 cen·

196 4062 338 4100 veste
369 4044 611 4097 cohibere
628 4081 644 4107 ‚
672 4055 722 4093 et
754 4061 865 4094 cnm
891 4045 1084 4094 silentio
1106 4047 1244 4093 ince-
1333 4058 1444 4091 sura
1464 4041 1859 4104 compresserit».

196 4130 350 4186 dere,
380 4136 441 4173 et
470 4121 648 4172 nullam
674 4124 728 4171 in
753 4134 939 4187 partem
963 4123 1247 4189 circumspi-

193 4225 341 4265 cere,
369 4199 988 4252 sedoculoetemahabm
1007 4201 1190 4277 defixos
1203 4225 1246 4250 a.

1407 4121 1458 4169 5.
1493 4119 1804 4186 Defendarat.
1836 4119 1919 4169 Al.
1945 4118 2242 4185 defrudet-ot.
2270 4117 2353 4165 Al.

1336 4197 1618 4267 dq‘enderit.
