<?xml version="1.0" encoding="UTF-8"?>
<!DOCTYPE html PUBLIC "-//W3C//DTD XHTML 1.0 Transitional//EN"
    "http://www.w3.org/TR/xhtml1/DTD/xhtml1-transitional.dtd">
<html xmlns="http://www.w3.org/1999/xhtml" xml:lang="en" lang="en">
 <head>
  <title>
</title>
<meta http-equiv="Content-Type" content="text/html;charset=utf-8" />
  <meta name='ocr-system' content='tesseract 3.04.00' />
  <meta name='ocr-capabilities' content='ocr_page ocr_carea ocr_par ocr_line ocrx_word'/>
</head>
<body>
  <div class='ocr_page' id='page_1' title='image "./mtciceronisquae06lemagoog_0248.png"; bbox 0 0 2994 4778; ppageno 0'>
   <div class='ocr_carea' id='block_1_1' title="bbox 563 418 2705 2069">
    <p class='ocr_par' dir='ltr' id='par_1_1' title="bbox 570 418 2062 507">
     <span class='ocr_line' id='line_1_1' title="bbox 570 418 2062 507; baseline -0.002 -16"><span class='ocrx_word' id='word_1_1' title='bbox 570 418 712 491; x_wconf 75' lang='lat'><strong>238</strong></span> <span class='ocrx_word' id='word_1_2' title='bbox 1067 500 1072 507; x_wconf 24' lang='grc'>1</span> <span class='ocrx_word' id='word_1_3' title='bbox 1204 420 1298 487; x_wconf 87' lang='lat' dir='ltr'><strong>M.</strong></span> <span class='ocrx_word' id='word_1_4' title='bbox 1356 420 1433 486; x_wconf 91' lang='grc' dir='ltr'><strong>Τ.</strong></span> <span class='ocrx_word' id='word_1_5' title='bbox 1488 419 2062 489; x_wconf 88' lang='lat' dir='ltr'>CICERONIS</span> 
     </span>
    </p>

    <p class='ocr_par' dir='ltr' id='par_1_2' title="bbox 563 538 2705 2069">
     <span class='ocr_line' id='line_1_2' title="bbox 567 538 2693 639; baseline -0 -26"><span class='ocrx_word' id='word_1_6' title='bbox 567 546 757 613; x_wconf 87' lang='lat' dir='ltr'><strong>enim</strong></span> <span class='ocrx_word' id='word_1_7' title='bbox 791 538 891 610; x_wconf 91' lang='lat' dir='ltr'><strong>illi</strong></span> <span class='ocrx_word' id='word_1_8' title='bbox 917 539 1222 610; x_wconf 35' lang='lat' dir='ltr'><strong>crimine.</strong></span> <span class='ocrx_word' id='word_1_9' title='bbox 1241 555 1686 636; x_wconf 81' lang='lat' dir='ltr'><strong>peccatoque</strong></span> <span class='ocrx_word' id='word_1_10' title='bbox 1714 541 2131 637; x_wconf 77' lang='lat' dir='ltr'><strong>perierunt?</strong></span> <span class='ocrx_word' id='word_1_11' title='bbox 2160 565 2422 639; x_wconf 84' lang='lat' dir='ltr'><strong>nempe</strong></span> <span class='ocrx_word' id='word_1_12' title='bbox 2441 595 2461 629; x_wconf 89' lang='lat'>‚</span> <span class='ocrx_word' id='word_1_13' title='bbox 2490 540 2693 639; x_wconf 91' lang='lat' dir='ltr'><strong>quod</strong></span> 
     </span>
     <span class='ocr_line' id='line_1_3' title="bbox 563 652 2693 749; baseline 0 -24"><span class='ocrx_word' id='word_1_14' title='bbox 563 654 884 749; x_wconf 88' lang='lat' dir='ltr'><strong>ejusdem</strong></span> <span class='ocrx_word' id='word_1_15' title='bbox 937 652 1255 722; x_wconf 83' lang='lat' dir='ltr'><strong>mulieris</strong></span> <span class='ocrx_word' id='word_1_16' title='bbox 1306 652 1632 723; x_wconf 89' lang='lat' dir='ltr'><strong>dolorem</strong></span> <span class='ocrx_word' id='word_1_17' title='bbox 1675 668 1749 724; x_wconf 91' lang='lat' dir='ltr'><strong>et</strong></span> <span class='ocrx_word' id='word_1_18' title='bbox 1806 654 2138 748; x_wconf 82' lang='lat' dir='ltr'><strong>injuriam</strong></span> <span class='ocrx_word' id='word_1_19' title='bbox 2176 659 2516 725; x_wconf 85' lang='lat' dir='ltr'><strong>Vettiano</strong></span> <span class='ocrx_word' id='word_1_20' title='bbox 2564 680 2693 726; x_wconf 91' lang='lat' dir='ltr'><strong>ne-</strong></span> 
     </span>
     <span class='ocr_line' id='line_1_4' title="bbox 563 762 2696 860; baseline 0 -27"><span class='ocrx_word' id='word_1_21' title='bbox 563 763 742 834; x_wconf 83' lang='lat' dir='ltr'><strong>fario</strong></span> <span class='ocrx_word' id='word_1_22' title='bbox 768 776 938 833; x_wconf 86' lang='lat' dir='ltr'><strong>sunt</strong></span> <span class='ocrx_word' id='word_1_23' title='bbox 972 775 1223 858; x_wconf 88' lang='lat' dir='ltr'><strong>stupro</strong></span> <span class='ocrx_word' id='word_1_24' title='bbox 1251 764 1686 858; x_wconf 86' lang='lat' dir='ltr'><strong>persequuti.</strong></span> <span class='ocrx_word' id='word_1_25' title='bbox 1707 767 1928 860; x_wconf 84' lang='lat' dir='ltr'><strong>Erg0‚</strong></span> <span class='ocrx_word' id='word_1_26' title='bbox 1962 778 2045 834; x_wconf 93' lang='lat' dir='ltr'><strong>ut</strong></span> <span class='ocrx_word' id='word_1_27' title='bbox 2078 762 2452 836; x_wconf 77' lang='lat' dir='ltr'><strong>audiretur</strong></span> <span class='ocrx_word' id='word_1_28' title='bbox 2483 766 2696 836; x_wconf 83' lang='lat' dir='ltr'><strong>Vettii</strong></span> 
     </span>
     <span class='ocr_line' id='line_1_5' title="bbox 570 871 2697 959; baseline 0.001 -16"><span class='ocrx_word' id='word_1_29' title='bbox 570 898 837 945; x_wconf 91' lang='lat' dir='ltr'><strong>nomen</strong></span> <span class='ocrx_word' id='word_1_30' title='bbox 873 875 947 941; x_wconf 91' lang='lat' dir='ltr'><strong>in</strong></span> <span class='ocrx_word' id='word_1_31' title='bbox 984 894 1190 941; x_wconf 82' lang='lat' dir='ltr'><strong>causa</strong></span> <span class='ocrx_word' id='word_1_32' title='bbox 1211 924 1231 959; x_wconf 91' lang='lat'>,</span> <span class='ocrx_word' id='word_1_33' title='bbox 1267 886 1348 942; x_wconf 90' lang='lat' dir='ltr'><strong>ut</strong></span> <span class='ocrx_word' id='word_1_34' title='bbox 1380 871 1496 943; x_wconf 87' lang='lat' dir='ltr'><strong>illa</strong></span> <span class='ocrx_word' id='word_1_35' title='bbox 1527 887 1734 944; x_wconf 82' lang='lat' dir='ltr'><strong>vetus</strong></span> <span class='ocrx_word' id='word_1_36' title='bbox 1762 872 2046 944; x_wconf 86' lang='lat' dir='ltr'><strong>Afrania</strong></span> <span class='ocrx_word' id='word_1_37' title='bbox 2081 872 2319 945; x_wconf 87' lang='lat' dir='ltr'><strong>fabula</strong></span> <span class='ocrx_word' id='word_1_38' title='bbox 2343 873 2372 918; x_wconf 80' lang='lat'>³</span> <span class='ocrx_word' id='word_1_39' title='bbox 2413 873 2697 945; x_wconf 81' lang='lat' dir='ltr'><strong>refrica-</strong></span> 
     </span>
     <span class='ocr_line' id='line_1_6' title="bbox 565 982 2696 1069; baseline -0.001 -14"><span class='ocrx_word' id='word_1_40' title='bbox 565 999 798 1069; x_wconf 83' lang='lat' dir='ltr'><strong>retur,</strong></span> <span class='ocrx_word' id='word_1_41' title='bbox 845 982 1111 1053; x_wconf 86' lang='lat' dir='ltr'><strong>idcirco</strong></span> <span class='ocrx_word' id='word_1_42' title='bbox 1156 985 1477 1052; x_wconf 87' lang='lat' dir='ltr'><strong>Camurti</strong></span> <span class='ocrx_word' id='word_1_43' title='bbox 1515 997 1588 1053; x_wconf 90' lang='lat' dir='ltr'><strong>et</strong></span> <span class='ocrx_word' id='word_1_44' title='bbox 1623 986 1872 1054; x_wconf 87' lang='lat' dir='ltr'><strong>Eserni</strong></span> <span class='ocrx_word' id='word_1_45' title='bbox 1913 1007 2123 1055; x_wconf 85' lang='lat' dir='ltr'><strong>causa</strong></span> <span class='ocrx_word' id='word_1_46' title='bbox 2161 998 2268 1055; x_wconf 89' lang='lat' dir='ltr'><strong>est</strong></span> <span class='ocrx_word' id='word_1_47' title='bbox 2305 985 2696 1055; x_wconf 80' lang='lat' dir='ltr'><strong>renovata?</strong></span> 
     </span>
     <span class='ocr_line' id='line_1_7' title="bbox 569 1090 2695 1190; baseline 0 -27"><span class='ocrx_word' id='word_1_48' title='bbox 569 1094 694 1190; x_wconf 92' lang='lat' dir='ltr'><strong>qui</strong></span> <span class='ocrx_word' id='word_1_49' title='bbox 729 1091 1366 1189; x_wconf 84' lang='lat' dir='ltr'><strong>quamquam&#39;lege</strong></span> <span class='ocrx_word' id='word_1_50' title='bbox 1404 1090 1495 1162; x_wconf 88' lang='lat' dir='ltr'><strong>de</strong></span> <span class='ocrx_word' id='word_1_51' title='bbox 1536 1094 1605 1161; x_wconf 86' lang='lat' dir='ltr'><strong>vi</strong></span> <span class='ocrx_word' id='word_1_52' title='bbox 1641 1106 1834 1163; x_wconf 90' lang='lat' dir='ltr'><strong>certe</strong></span> <span class='ocrx_word' id='word_1_53' title='bbox 1869 1117 2022 1164; x_wconf 89' lang='lat' dir='ltr'><strong>non</strong></span> <span class='ocrx_word' id='word_1_54' title='bbox 2060 1092 2567 1175; x_wconf 47' lang='lat' dir='ltr'><strong>tenebantur&amp;</strong></span> <span class='ocrx_word' id='word_1_55' title='bbox 2605 1119 2695 1164; x_wconf 88' lang='lat' dir='ltr'><strong>eo</strong></span> 
     </span>
     <span class='ocr_line' id='line_1_8' title="bbox 570 1199 2694 1300; baseline 0 -27"><span class='ocrx_word' id='word_1_56' title='bbox 570 1199 926 1273; x_wconf 85' lang='lat' dir='ltr'><strong>maleficio</strong></span> <span class='ocrx_word' id='word_1_57' title='bbox 983 1217 1220 1272; x_wconf 87' lang='lat' dir='ltr'><strong>tamen</strong></span> <span class='ocrx_word' id='word_1_58' title='bbox 1274 1215 1480 1271; x_wconf 85' lang='lat' dir='ltr'><strong>erant</strong></span> <span class='ocrx_word' id='word_1_59' title='bbox 1528 1202 1906 1299; x_wconf 85' lang='lat' dir='ltr'><strong>implicati,</strong></span> <span class='ocrx_word' id='word_1_60' title='bbox 1950 1216 2034 1272; x_wconf 90' lang='lat' dir='ltr'><strong>ut</strong></span> <span class='ocrx_word' id='word_1_61' title='bbox 2082 1227 2168 1273; x_wconf 79' lang='lat' dir='ltr'><strong>ex</strong></span> <span class='ocrx_word' id='word_1_62' title='bbox 2211 1203 2482 1274; x_wconf 87' lang='lat' dir='ltr'><strong>nullius</strong></span> <span class='ocrx_word' id='word_1_63' title='bbox 2521 1203 2694 1300; x_wconf 85' lang='lat' dir='ltr'><strong>legis</strong></span> 
     </span>
     <span class='ocr_line' id='line_1_9' title="bbox 572 1309 2698 1409; baseline 0 -26"><span class='ocrx_word' id='word_1_64' title='bbox 572 1312 847 1409; x_wconf 81' lang='lat' dir='ltr'><strong>laqueis</strong></span> <span class='ocrx_word' id='word_1_65' title='bbox 887 1310 1262 1385; x_wconf 89' lang='lat' dir='ltr'><strong>emittendi</strong></span> <span class='ocrx_word' id='word_1_66' title='bbox 1302 1309 1740 1382; x_wconf 86' lang='lat' dir='ltr'><strong>viderentur.</strong></span> <span class='ocrx_word' id='word_1_67' title='bbox 1787 1314 1884 1381; x_wconf 90' lang='lat' dir='ltr'><strong>M.</strong></span> <span class='ocrx_word' id='word_1_68' title='bbox 1932 1337 2106 1384; x_wconf 82' lang='lat' dir='ltr'><strong>vero</strong></span> <span class='ocrx_word' id='word_1_69' title='bbox 2146 1313 2417 1385; x_wconf 88' lang='lat' dir='ltr'><strong>Coelius</strong></span> <span class='ocrx_word' id='word_1_70' title='bbox 2454 1339 2582 1384; x_wconf 92' lang='lat' dir='ltr'><strong>cur</strong></span> <span class='ocrx_word' id='word_1_71' title='bbox 2619 1316 2698 1384; x_wconf 87' lang='lat' dir='ltr'><strong>in</strong></span> 
     </span>
     <span class='ocr_line' id='line_1_10' title="bbox 573 1420 2704 1519; baseline 0 -27"><span class='ocrx_word' id='word_1_72' title='bbox 573 1422 716 1497; x_wconf 91' lang='lat' dir='ltr'><strong>hoc</strong></span> <span class='ocrx_word' id='word_1_73' title='bbox 749 1420 1099 1515; x_wconf 85' lang='lat' dir='ltr'><strong>judicium</strong></span> <span class='ocrx_word' id='word_1_74' title='bbox 1136 1421 1481 1490; x_wconf 81' lang='lat' dir='ltr'><strong>vocatur?</strong></span> <span class='ocrx_word' id='word_1_75' title='bbox 1521 1423 1636 1491; x_wconf 91' lang='lat' dir='ltr'><strong>cui</strong></span> <span class='ocrx_word' id='word_1_76' title='bbox 1680 1444 1918 1517; x_wconf 88' lang='lat' dir='ltr'><strong>neque</strong></span> <span class='ocrx_word' id='word_1_77' title='bbox 1957 1426 2334 1519; x_wconf 86' lang='lat' dir='ltr'><strong>proprium</strong></span> <span class='ocrx_word' id='word_1_78' title='bbox 2370 1424 2704 1519; x_wconf 85' lang='lat' dir='ltr'><strong>quaestio·</strong></span> 
     </span>
     <span class='ocr_line' id='line_1_11' title="bbox 573 1528 2701 1628; baseline -0 -25"><span class='ocrx_word' id='word_1_79' title='bbox 573 1534 685 1603; x_wconf 93' lang='lat' dir='ltr'><strong>nis</strong></span> <span class='ocrx_word' id='word_1_80' title='bbox 708 1533 978 1603; x_wconf 84' lang='lat' dir='ltr'><strong>crimen</strong></span> <span class='ocrx_word' id='word_1_81' title='bbox 1006 1528 1369 1623; x_wconf 87' lang='lat' dir='ltr'><strong>objicitur,</strong></span> <span class='ocrx_word' id='word_1_82' title='bbox 1401 1554 1537 1601; x_wconf 89' lang='lat' dir='ltr'><strong>nec</strong></span> <span class='ocrx_word' id='word_1_83' title='bbox 1568 1555 1742 1602; x_wconf 83' lang='lat' dir='ltr'><strong>vero</strong></span> <span class='ocrx_word' id='word_1_84' title='bbox 1768 1530 2037 1628; x_wconf 86' lang='lat' dir='ltr'><strong>aliquid</strong></span> <span class='ocrx_word' id='word_1_85' title='bbox 2065 1531 2458 1626; x_wconf 84' lang='lat' dir='ltr'><strong>ejusmodi,</strong></span> <span class='ocrx_word' id='word_1_86' title='bbox 2497 1531 2701 1628; x_wconf 88' lang='lat' dir='ltr'><strong>quod</strong></span> 
     </span>
     <span class='ocr_line' id='line_1_12' title="bbox 573 1637 2703 1735; baseline -0 -22"><span class='ocrx_word' id='word_1_87' title='bbox 573 1645 664 1714; x_wconf 92' lang='lat' dir='ltr'><strong>sit</strong></span> <span class='ocrx_word' id='word_1_88' title='bbox 711 1668 751 1712; x_wconf 85' lang='lat' dir='ltr'><strong>a</strong></span> <span class='ocrx_word' id='word_1_89' title='bbox 794 1641 949 1735; x_wconf 87' lang='lat' dir='ltr'><strong>lege</strong></span> <span class='ocrx_word' id='word_1_90' title='bbox 986 1640 1392 1733; x_wconf 85' lang='lat' dir='ltr'><strong>sejunctum</strong></span> <span class='ocrx_word' id='word_1_91' title='bbox 1416 1637 1470 1729; x_wconf 85' lang='lat'><strong>⁵,</strong></span> <span class='ocrx_word' id='word_1_92' title='bbox 1514 1655 1586 1710; x_wconf 84' lang='lat' dir='ltr'><strong>at</strong></span> <span class='ocrx_word' id='word_1_93' title='bbox 1626 1664 1793 1711; x_wconf 91' lang='lat' dir='ltr'><strong>cum</strong></span> <span class='ocrx_word' id='word_1_94' title='bbox 1835 1654 2070 1711; x_wconf 85' lang='lat' dir='ltr'><strong>vestra</strong></span> <span class='ocrx_word' id='word_1_95' title='bbox 2108 1642 2483 1712; x_wconf 83' lang='lat' dir='ltr'><strong>severitate</strong></span> <span class='ocrx_word' id='word_1_96' title='bbox 2520 1665 2703 1712; x_wconf 90' lang='lat' dir='ltr'><strong>con-</strong></span> 
     </span>
     <span class='ocr_line' id='line_1_13' title="bbox 569 1749 2705 1848; baseline 0 -26"><span class='ocrx_word' id='word_1_97' title='bbox 569 1752 925 1847; x_wconf 88' lang='lat' dir='ltr'><strong>junctum.</strong></span> <span class='ocrx_word' id='word_1_98' title='bbox 963 1749 1182 1843; x_wconf 87' lang='lat' dir='ltr'><strong>Cujus</strong></span> <span class='ocrx_word' id='word_1_99' title='bbox 1219 1750 1449 1846; x_wconf 87' lang='lat' dir='ltr'><strong>prima</strong></span> <span class='ocrx_word' id='word_1_100' title='bbox 1484 1765 1649 1821; x_wconf 79' lang='lat' dir='ltr'><strong>aetas</strong></span> <span class='ocrx_word' id='word_1_101' title='bbox 1687 1749 1927 1821; x_wconf 84' lang='lat' dir='ltr'><strong>dedita</strong></span> <span class='ocrx_word' id='word_1_102' title='bbox 1957 1749 2350 1848; x_wconf 83' lang='lat' dir='ltr'><strong>disciplinis</strong></span> <span class='ocrx_word' id='word_1_103' title='bbox 2376 1749 2553 1838; x_wconf 85' lang='lat' dir='ltr'><strong>fuit,</strong></span> <span class='ocrx_word' id='word_1_104' title='bbox 2592 1753 2705 1822; x_wconf 87' lang='lat' dir='ltr'><strong>iis-</strong></span> 
     </span>
     <span class='ocr_line' id='line_1_14' title="bbox 576 1857 2703 1957; baseline 0.001 -28"><span class='ocrx_word' id='word_1_105' title='bbox 576 1884 720 1957; x_wconf 86' lang='lat' dir='ltr'><strong>que</strong></span> <span class='ocrx_word' id='word_1_106' title='bbox 755 1857 1032 1929; x_wconf 85' lang='lat' dir='ltr'><strong>artibus</strong></span> <span class='ocrx_word' id='word_1_107' title='bbox 1052 1912 1072 1940; x_wconf 86' lang='lat'>‚</span> <span class='ocrx_word' id='word_1_108' title='bbox 1113 1857 1379 1955; x_wconf 89' lang='lat' dir='ltr'><strong>quibus</strong></span> <span class='ocrx_word' id='word_1_109' title='bbox 1415 1860 1842 1929; x_wconf 79' lang='lat' dir='ltr'><strong>instruimur</strong></span> <span class='ocrx_word' id='word_1_110' title='bbox 1874 1859 1965 1930; x_wconf 84' lang='lat' dir='ltr'><strong>ad</strong></span> <span class='ocrx_word' id='word_1_111' title='bbox 1999 1859 2196 1930; x_wconf 91' lang='lat' dir='ltr'><strong>hunc</strong></span> <span class='ocrx_word' id='word_1_112' title='bbox 2226 1885 2433 1931; x_wconf 89' lang='lat' dir='ltr'><strong>usum</strong></span> <span class='ocrx_word' id='word_1_113' title='bbox 2465 1859 2703 1932; x_wconf 86' lang='lat' dir='ltr'><strong>foren-</strong></span> 
     </span>
     <span class='ocr_line' id='line_1_15' title="bbox 578 1970 2698 2069; baseline 0.001 -26"><span class='ocrx_word' id='word_1_114' title='bbox 578 1995 729 2043; x_wconf 88' lang='lat' dir='ltr'><strong>sem</strong></span> <span class='ocrx_word' id='word_1_115' title='bbox 751 2026 770 2059; x_wconf 91' lang='lat'>‚</span> <span class='ocrx_word' id='word_1_116' title='bbox 827 1970 917 2041; x_wconf 87' lang='lat' dir='ltr'><strong>ad</strong></span> <span class='ocrx_word' id='word_1_117' title='bbox 974 1971 1477 2068; x_wconf 83' lang='lat' dir='ltr'><strong>capessendam</strong></span> <span class='ocrx_word' id='word_1_118' title='bbox 1533 1970 2126 2069; x_wconf 76' lang='lat' dir='ltr'><strong>rempublicam⁶‚</strong></span> <span class='ocrx_word' id='word_1_119' title='bbox 2171 1973 2258 2044; x_wconf 85' lang='lat' dir='ltr'><strong>ad</strong></span> <span class='ocrx_word' id='word_1_120' title='bbox 2304 1973 2698 2057; x_wconf 79' lang='lat' dir='ltr'><strong>honorem,</strong></span> 
     </span>
    </p>
   </div>
   <div class='ocr_carea' id='block_1_2' title="bbox 523 2242 1600 3874">
    <p class='ocr_par' dir='ltr' id='par_1_3' title="bbox 523 2242 1597 3337">
     <span class='ocr_line' id='line_1_16' title="bbox 650 2242 1594 2311; baseline -0.006 -12"><span class='ocrx_word' id='word_1_121' title='bbox 650 2251 698 2299; x_wconf 83' lang='grc'><strong>3.</strong></span> <span class='ocrx_word' id='word_1_122' title='bbox 721 2248 820 2296; x_wconf 82' lang='lat' dir='ltr'><strong>Illa</strong></span> <span class='ocrx_word' id='word_1_123' title='bbox 836 2257 973 2295; x_wconf 76' lang='lat' dir='ltr'><strong>veens</strong></span> <span class='ocrx_word' id='word_1_124' title='bbox 988 2245 1202 2309; x_wconf 76' lang='lat' dir='ltr'><strong>Afrania</strong></span> <span class='ocrx_word' id='word_1_125' title='bbox 1205 2244 1411 2311; x_wconf 82' lang='lat' dir='ltr'><strong>fabula.</strong></span> <span class='ocrx_word' id='word_1_126' title='bbox 1426 2242 1594 2294; x_wconf 86' lang='lat' dir='ltr'><strong>Lamb.</strong></span> 
     </span>
     <span class='ocr_line' id='line_1_17' title="bbox 581 2323 1595 2389; baseline -0.004 -13"><span class='ocrx_word' id='word_1_127' title='bbox 581 2329 782 2389; x_wconf 86' lang='lat' dir='ltr'><strong>conjicit</strong></span> <span class='ocrx_word' id='word_1_128' title='bbox 797 2323 1093 2389; x_wconf 80' lang='lat' dir='ltr'><strong>Afraniana.</strong></span> <span class='ocrx_word' id='word_1_129' title='bbox 1110 2324 1258 2387; x_wconf 86' lang='lat' dir='ltr'><strong>Quod</strong></span> <span class='ocrx_word' id='word_1_130' title='bbox 1279 2336 1480 2382; x_wconf 86' lang='lat' dir='ltr'><strong>rectum,</strong></span> <span class='ocrx_word' id='word_1_131' title='bbox 1503 2325 1595 2372; x_wconf 88' lang='lat' dir='ltr'><strong>nisi</strong></span> 
     </span>
     <span class='ocr_line' id='line_1_18' title="bbox 578 2403 1596 2471; baseline -0.009 -12"><span class='ocrx_word' id='word_1_132' title='bbox 578 2409 714 2458; x_wconf 85' lang='lat' dir='ltr'><strong>malis</strong></span> <span class='ocrx_word' id='word_1_133' title='bbox 751 2404 958 2471; x_wconf 81' lang='lat' dir='ltr'><strong>Afranii</strong></span> <span class='ocrx_word' id='word_1_134' title='bbox 991 2415 1073 2453; x_wconf 84' lang='lat' dir='ltr'><strong>ant</strong></span> <span class='ocrx_word' id='word_1_135' title='bbox 1116 2403 1344 2467; x_wconf 67' lang='lat' dir='ltr'><strong>Afraniae</strong></span> <span class='ocrx_word' id='word_1_136' title='bbox 1361 2421 1381 2462; x_wconf 81' lang='lat'><strong>,⁸</strong></span> <span class='ocrx_word' id='word_1_137' title='bbox 1421 2421 1596 2469; x_wconf 82' lang='lat' dir='ltr'><strong>nempe</strong></span> 
     </span>
     <span class='ocr_line' id='line_1_19' title="bbox 577 2483 1597 2547; baseline -0.004 -11"><span class='ocrx_word' id='word_1_138' title='bbox 577 2505 680 2536; x_wconf 89' lang='lat' dir='ltr'><strong>non</strong></span> <span class='ocrx_word' id='word_1_139' title='bbox 701 2487 842 2534; x_wconf 85' lang='lat' dir='ltr'><strong>datur</strong></span> <span class='ocrx_word' id='word_1_140' title='bbox 863 2499 1156 2547; x_wconf 72' lang='lat' dir='ltr'><strong>cognoscere</strong></span> <span class='ocrx_word' id='word_1_141' title='bbox 1178 2494 1340 2531; x_wconf 86' lang='lat' dir='ltr'><strong>utrum</strong></span> <span class='ocrx_word' id='word_1_142' title='bbox 1367 2483 1430 2530; x_wconf 86' lang='lat' dir='ltr'><strong>ad</strong></span> <span class='ocrx_word' id='word_1_143' title='bbox 1458 2484 1597 2533; x_wconf 79' lang='lat' dir='ltr'><strong>Afra·</strong></span> 
     </span>
     <span class='ocr_line' id='line_1_20' title="bbox 578 2560 1587 2615; baseline -0.005 0"><span class='ocrx_word' id='word_1_144' title='bbox 578 2569 709 2615; x_wconf 85' lang='lat' dir='ltr'><strong>nium</strong></span> <span class='ocrx_word' id='word_1_145' title='bbox 733 2580 796 2612; x_wconf 88' lang='lat' dir='ltr'><strong>an</strong></span> <span class='ocrx_word' id='word_1_146' title='bbox 831 2561 890 2610; x_wconf 88' lang='lat' dir='ltr'><strong>ad</strong></span> <span class='ocrx_word' id='word_1_147' title='bbox 917 2562 1166 2610; x_wconf 73' lang='lat' dir='ltr'><strong>Afraniani</strong></span> <span class='ocrx_word' id='word_1_148' title='bbox 1194 2560 1376 2609; x_wconf 86' lang='lat' dir='ltr'><strong>alludat</strong></span> <span class='ocrx_word' id='word_1_149' title='bbox 1403 2572 1587 2610; x_wconf 85' lang='lat' dir='ltr'><strong>orator.</strong></span> 
     </span>
     <span class='ocr_line' id='line_1_21' title="bbox 578 2638 1590 2707; baseline -0.008 -14"><span class='ocrx_word' id='word_1_150' title='bbox 578 2644 807 2693; x_wconf 77' lang='lat' dir='ltr'><strong>Afranius</strong></span> <span class='ocrx_word' id='word_1_151' title='bbox 823 2651 968 2707; x_wconf 84' lang='lat' dir='ltr'><strong>poeta</strong></span> <span class='ocrx_word' id='word_1_152' title='bbox 980 2676 995 2699; x_wconf 90' lang='lat'>,</span> <span class='ocrx_word' id='word_1_153' title='bbox 1022 2640 1081 2689; x_wconf 90' lang='lat' dir='ltr'><strong>de</strong></span> <span class='ocrx_word' id='word_1_154' title='bbox 1100 2656 1199 2704; x_wconf 85' lang='lat' dir='ltr'><strong>quo</strong></span> <span class='ocrx_word' id='word_1_155' title='bbox 1222 2638 1395 2687; x_wconf 69' lang='lat' dir='ltr'><strong>Fabius</strong></span> <span class='ocrx_word' id='word_1_156' title='bbox 1411 2638 1500 2686; x_wconf 84' lang='lat' dir='ltr'><strong>lib.</strong></span> <span class='ocrx_word' id='word_1_157' title='bbox 1514 2640 1564 2685; x_wconf 76' lang='lat' dir='ltr'>X</span> <span class='ocrx_word' id='word_1_158' title='bbox 1576 2673 1590 2696; x_wconf 91' lang='lat'>‚</span> 
     </span>
     <span class='ocr_line' id='line_1_22' title="bbox 577 2718 1592 2788; baseline -0.01 -15"><span class='ocrx_word' id='word_1_159' title='bbox 577 2741 684 2788; x_wconf 86' lang='lat' dir='ltr'><strong>cap.</strong></span> <span class='ocrx_word' id='word_1_160' title='bbox 712 2740 731 2771; x_wconf 80' lang='lat' dir='ltr'>x</span> <span class='ocrx_word' id='word_1_161' title='bbox 758 2739 771 2772; x_wconf 90' lang='lat'>:</span> <span class='ocrx_word' id='word_1_162' title='bbox 811 2721 1051 2783; x_wconf 70' lang='lat' dir='ltr'><strong>«Togatis</strong></span> <span class='ocrx_word' id='word_1_163' title='bbox 1091 2718 1285 2767; x_wconf 77' lang='lat' dir='ltr'><strong>excellit</strong></span> <span class='ocrx_word' id='word_1_164' title='bbox 1329 2718 1592 2778; x_wconf 76' lang='lat' dir='ltr'><strong>Afranius,</strong></span> 
     </span>
     <span class='ocr_line' id='line_1_23' title="bbox 576 2796 1593 2863; baseline -0.008 -12"><span class='ocrx_word' id='word_1_165' title='bbox 576 2802 858 2863; x_wconf 80' lang='lat' dir='ltr'><strong>utinamque</strong></span> <span class='ocrx_word' id='word_1_166' title='bbox 886 2813 987 2844; x_wconf 89' lang='lat' dir='ltr'><strong>non</strong></span> <span class='ocrx_word' id='word_1_167' title='bbox 1000 2796 1296 2859; x_wconf 67' lang='lat' dir='ltr'><strong>inquinasset</strong></span> <span class='ocrx_word' id='word_1_168' title='bbox 1314 2806 1593 2857; x_wconf 81' lang='lat' dir='ltr'><strong>argumenta</strong></span> 
     </span>
     <span class='ocr_line' id='line_1_24' title="bbox 579 2873 1595 2945; baseline -0.007 -17"><span class='ocrx_word' id='word_1_169' title='bbox 579 2894 839 2945; x_wconf 84' lang='lat' dir='ltr'><strong>puerorum</strong></span> <span class='ocrx_word' id='word_1_170' title='bbox 859 2874 1000 2923; x_wconf 77' lang='lat' dir='ltr'><strong>foedis</strong></span> <span class='ocrx_word' id='word_1_171' title='bbox 1016 2873 1260 2921; x_wconf 86' lang='lat' dir='ltr'><strong>amoribus</strong></span> <span class='ocrx_word' id='word_1_172' title='bbox 1271 2908 1286 2932; x_wconf 92' lang='lat'>,</span> <span class='ocrx_word' id='word_1_173' title='bbox 1306 2890 1463 2920; x_wconf 87' lang='lat' dir='ltr'><strong>mores</strong></span> <span class='ocrx_word' id='word_1_174' title='bbox 1480 2889 1595 2921; x_wconf 87' lang='lat' dir='ltr'><strong>snos</strong></span> 
     </span>
     <span class='ocr_line' id='line_1_25' title="bbox 577 2952 1596 3016; baseline -0.008 -9"><span class='ocrx_word' id='word_1_175' title='bbox 577 2960 729 3006; x_wconf 77' lang='lat' dir='ltr'><strong>fassus</strong></span> <span class='ocrx_word' id='word_1_176' title='bbox 747 2979 789 3005; x_wconf 69' lang='lat' dir='ltr'><strong>a.</strong></span> <span class='ocrx_word' id='word_1_177' title='bbox 820 2953 1016 3004; x_wconf 77' lang='lat' dir='ltr'><strong>Afrania</strong></span> <span class='ocrx_word' id='word_1_178' title='bbox 1051 2952 1462 3016; x_wconf 83' lang='lat' dir='ltr'><strong>impudentissima</strong></span> <span class='ocrx_word' id='word_1_179' title='bbox 1489 2969 1596 3000; x_wconf 88' lang='lat' dir='ltr'><strong>mu·</strong></span> 
     </span>
     <span class='ocr_line' id='line_1_26' title="bbox 581 3025 1592 3096; baseline -0.007 -10"><span class='ocrx_word' id='word_1_180' title='bbox 581 3039 681 3096; x_wconf 86' lang='lat' dir='ltr'><strong>lier,</strong></span> <span class='ocrx_word' id='word_1_181' title='bbox 703 3047 750 3085; x_wconf 89' lang='lat' dir='ltr'><strong>et</strong></span> <span class='ocrx_word' id='word_1_182' title='bbox 768 3046 823 3083; x_wconf 86' lang='lat' dir='ltr'><strong>nt</strong></span> <span class='ocrx_word' id='word_1_183' title='bbox 848 3031 1040 3080; x_wconf 84' lang='lat' dir='ltr'><strong>credere</strong></span> <span class='ocrx_word' id='word_1_184' title='bbox 1059 3047 1145 3095; x_wconf 84' lang='lat' dir='ltr'><strong>par</strong></span> <span class='ocrx_word' id='word_1_185' title='bbox 1161 3042 1232 3079; x_wconf 90' lang='lat' dir='ltr'><strong>est</strong></span> <span class='ocrx_word' id='word_1_186' title='bbox 1245 3066 1260 3089; x_wconf 91' lang='lat'>,</span> <span class='ocrx_word' id='word_1_187' title='bbox 1281 3025 1592 3095; x_wconf 64' lang='lat' dir='ltr'><strong>piurimarum</strong></span> 
     </span>
     <span class='ocr_line' id='line_1_27' title="bbox 579 3110 1593 3177; baseline -0.008 -12"><span class='ocrx_word' id='word_1_188' title='bbox 579 3117 843 3165; x_wconf 78' lang='lat' dir='ltr'><strong>fabularum</strong></span> <span class='ocrx_word' id='word_1_189' title='bbox 869 3112 1050 3177; x_wconf 84' lang='lat' dir='ltr'><strong>poetria</strong></span> <span class='ocrx_word' id='word_1_190' title='bbox 1068 3147 1082 3168; x_wconf 89' lang='lat'>‚</span> <span class='ocrx_word' id='word_1_191' title='bbox 1112 3126 1256 3174; x_wconf 85' lang='lat' dir='ltr'><strong>quam</strong></span> <span class='ocrx_word' id='word_1_192' title='bbox 1285 3110 1455 3160; x_wconf 86' lang='lat' dir='ltr'><strong>Clodia</strong></span> <span class='ocrx_word' id='word_1_193' title='bbox 1480 3110 1593 3158; x_wconf 88' lang='lat' dir='ltr'><strong>imi·</strong></span> 
     </span>
     <span class='ocr_line' id='line_1_28' title="bbox 585 3189 1593 3249; baseline -0.006 -5"><span class='ocrx_word' id='word_1_194' title='bbox 585 3197 670 3244; x_wconf 86' lang='lat' dir='ltr'><strong>tari</strong></span> <span class='ocrx_word' id='word_1_195' title='bbox 695 3193 920 3242; x_wconf 86' lang='lat' dir='ltr'><strong>voluerit.</strong></span> <span class='ocrx_word' id='word_1_196' title='bbox 943 3191 1163 3238; x_wconf 80' lang='lat' dir='ltr'><strong>Valerius</strong></span> <span class='ocrx_word' id='word_1_197' title='bbox 1190 3190 1325 3237; x_wconf 85' lang='lat' dir='ltr'><strong>Max.</strong></span> <span class='ocrx_word' id='word_1_198' title='bbox 1344 3189 1593 3249; x_wconf 82' lang='lat' dir='ltr'><strong>1ib.V111,</strong></span> 
     </span>
     <span class='ocr_line' id='line_1_29' title="bbox 523 3269 1594 3337; baseline -0.007 -13"><span class='ocrx_word' id='word_1_199' title='bbox 523 3319 528 3324; x_wconf 80' lang='grc'><em>.</em></span> <span class='ocrx_word' id='word_1_200' title='bbox 582 3290 687 3337; x_wconf 88' lang='lat' dir='ltr'><strong>cap.</strong></span> <span class='ocrx_word' id='word_1_201' title='bbox 705 3276 758 3322; x_wconf 79' lang='lat'><strong>3:</strong></span> <span class='ocrx_word' id='word_1_202' title='bbox 780 3295 805 3313; x_wconf 77' lang='lat' dir='ltr'><strong>-e</strong></span> <span class='ocrx_word' id='word_1_203' title='bbox 822 3271 934 3318; x_wconf 86' lang='lat' dir='ltr'><strong>Caia</strong></span> <span class='ocrx_word' id='word_1_204' title='bbox 957 3270 1168 3328; x_wconf 78' lang='lat' dir='ltr'><strong>Afrania,</strong></span> <span class='ocrx_word' id='word_1_205' title='bbox 1187 3269 1355 3317; x_wconf 84' lang='lat' dir='ltr'><strong>Licinii</strong></span> <span class='ocrx_word' id='word_1_206' title='bbox 1372 3270 1594 3316; x_wconf 84' lang='lat' dir='ltr'><strong>Bructio·</strong></span> 
     </span>
    </p>

    <p class='ocr_par' dir='ltr' id='par_1_4' title="bbox 559 3347 1600 3874">
     <span class='ocr_line' id='line_1_30' title="bbox 584 3347 1596 3412; baseline -0.004 -13"><span class='ocrx_word' id='word_1_207' title='bbox 584 3354 658 3399; x_wconf 88' lang='lat' dir='ltr'><strong>nis</strong></span> <span class='ocrx_word' id='word_1_208' title='bbox 687 3367 837 3406; x_wconf 75' lang='lat' dir='ltr'><strong>uxor,</strong></span> <span class='ocrx_word' id='word_1_209' title='bbox 884 3359 1108 3412; x_wconf 84' lang='lat' dir='ltr'><strong>prompta</strong></span> <span class='ocrx_word' id='word_1_210' title='bbox 1141 3347 1204 3395; x_wconf 85' lang='lat' dir='ltr'><strong>ad</strong></span> <span class='ocrx_word' id='word_1_211' title='bbox 1246 3348 1356 3395; x_wconf 89' lang='lat' dir='ltr'><strong>lites</strong></span> <span class='ocrx_word' id='word_1_212' title='bbox 1401 3359 1596 3395; x_wconf 88' lang='lat' dir='ltr'><strong>coutra-</strong></span> 
     </span>
     <span class='ocr_line' id='line_1_31' title="bbox 583 3425 1597 3493; baseline -0.007 -15"><span class='ocrx_word' id='word_1_213' title='bbox 583 3429 791 3484; x_wconf 84' lang='lat' dir='ltr'><strong>hendas,</strong></span> <span class='ocrx_word' id='word_1_214' title='bbox 810 3442 902 3488; x_wconf 83' lang='lat' dir='ltr'><strong>pro</strong></span> <span class='ocrx_word' id='word_1_215' title='bbox 920 3442 968 3472; x_wconf 89' lang='lat' dir='ltr'><strong>se</strong></span> <span class='ocrx_word' id='word_1_216' title='bbox 987 3441 1173 3487; x_wconf 82' lang='lat' dir='ltr'><strong>semper</strong></span> <span class='ocrx_word' id='word_1_217' title='bbox 1190 3425 1321 3487; x_wconf 85' lang='lat' dir='ltr'><strong>apud</strong></span> <span class='ocrx_word' id='word_1_218' title='bbox 1340 3435 1597 3493; x_wconf 63' lang='lat' dir='ltr'><strong>graetorem</strong></span> 
     </span>
     <span class='ocr_line' id='line_1_32' title="bbox 582 3501 1599 3564; baseline -0.01 -6"><span class='ocrx_word' id='word_1_219' title='bbox 582 3509 727 3557; x_wconf 83' lang='lat' dir='ltr'><strong>verba</strong></span> <span class='ocrx_word' id='word_1_220' title='bbox 753 3504 869 3553; x_wconf 84' lang='lat' dir='ltr'><strong>fecit</strong></span> <span class='ocrx_word' id='word_1_221' title='bbox 885 3536 900 3560; x_wconf 86' lang='lat'>‚</span> <span class='ocrx_word' id='word_1_222' title='bbox 927 3518 1025 3549; x_wconf 91' lang='lat' dir='ltr'><strong>non</strong></span> <span class='ocrx_word' id='word_1_223' title='bbox 1047 3502 1184 3564; x_wconf 87' lang='lat' dir='ltr'><strong>qnod</strong></span> <span class='ocrx_word' id='word_1_224' title='bbox 1221 3502 1445 3548; x_wconf 79' lang='lat' dir='ltr'><strong>advocati</strong></span> <span class='ocrx_word' id='word_1_225' title='bbox 1472 3501 1599 3549; x_wconf 83' lang='lat' dir='ltr'><strong>defi-</strong></span> 
     </span>
     <span class='ocr_line' id='line_1_33' title="bbox 581 3578 1599 3643; baseline -0.012 -5"><span class='ocrx_word' id='word_1_226' title='bbox 581 3596 769 3641; x_wconf 86' lang='lat' dir='ltr'><strong>cerent,</strong></span> <span class='ocrx_word' id='word_1_227' title='bbox 798 3579 884 3629; x_wconf 85' lang='lat' dir='ltr'><strong>sed</strong></span> <span class='ocrx_word' id='word_1_228' title='bbox 905 3578 1037 3643; x_wconf 88' lang='lat' dir='ltr'><strong>qnod</strong></span> <span class='ocrx_word' id='word_1_229' title='bbox 1060 3578 1357 3640; x_wconf 82' lang='lat' dir='ltr'><strong>impudentia</strong></span> <span class='ocrx_word' id='word_1_230' title='bbox 1382 3578 1599 3626; x_wconf 80' lang='lat' dir='ltr'><strong>abunda·</strong></span> 
     </span>
     <span class='ocr_line' id='line_1_34' title="bbox 559 3656 1600 3724; baseline -0.011 -8"><span class='ocrx_word' id='word_1_231' title='bbox 559 3668 690 3715; x_wconf 74' lang='lat' dir='ltr'><strong>bat.</strong></span> <span class='ocrx_word' id='word_1_232' title='bbox 729 3666 898 3724; x_wconf 82' lang='lat' dir='ltr'><strong>Itaque</strong></span> <span class='ocrx_word' id='word_1_233' title='bbox 931 3658 1168 3704; x_wconf 70' lang='lat' dir='ltr'><strong>inusitatis</strong></span> <span class='ocrx_word' id='word_1_234' title='bbox 1201 3657 1311 3704; x_wconf 87' lang='lat' dir='ltr'><strong>soro</strong></span> <span class='ocrx_word' id='word_1_235' title='bbox 1345 3656 1600 3705; x_wconf 77' lang='lat' dir='ltr'><strong>latratibus</strong></span> 
     </span>
     <span class='ocr_line' id='line_1_35' title="bbox 584 3734 1599 3795; baseline -0.011 -1"><span class='ocrx_word' id='word_1_236' title='bbox 584 3745 771 3795; x_wconf 74' lang='lat' dir='ltr'><strong>assidue</strong></span> <span class='ocrx_word' id='word_1_237' title='bbox 805 3734 1060 3788; x_wconf 84' lang='lat' dir='ltr'><strong>tribunalia</strong></span> <span class='ocrx_word' id='word_1_238' title='bbox 1095 3734 1391 3794; x_wconf 84' lang='lat' dir='ltr'><strong>exercendo,</strong></span> <span class='ocrx_word' id='word_1_239' title='bbox 1428 3735 1599 3784; x_wconf 82' lang='lat' dir='ltr'><strong>mulie—</strong></span> 
     </span>
     <span class='ocr_line' id='line_1_36' title="bbox 584 3815 1597 3874; baseline -0.01 -1"><span class='ocrx_word' id='word_1_240' title='bbox 584 3827 684 3874; x_wconf 86' lang='lat' dir='ltr'><strong>bris</strong></span> <span class='ocrx_word' id='word_1_241' title='bbox 746 3817 996 3868; x_wconf 74' lang='lat' dir='ltr'><strong>calumniae</strong></span> <span class='ocrx_word' id='word_1_242' title='bbox 1073 3815 1375 3863; x_wconf 85' lang='lat' dir='ltr'><strong>notissimum</strong></span> <span class='ocrx_word' id='word_1_243' title='bbox 1445 3818 1597 3864; x_wconf 81' lang='lat' dir='ltr'><strong>evasit</strong></span> 
     </span>
    </p>
   </div>
   <div class='ocr_carea' id='block_1_3' title="bbox 477 3894 1595 3964">
    <p class='ocr_par' dir='ltr' id='par_1_5' title="bbox 477 3894 1595 3964">
     <span class='ocr_line' id='line_1_37' title="bbox 477 3894 1595 3964; baseline -0.012 -10"><span class='ocrx_word' id='word_1_244' title='bbox 477 3895 480 3898; x_wconf 26' lang='grc' dir='ltr'>Ι</span> <span class='ocrx_word' id='word_1_245' title='bbox 583 3899 880 3964; x_wconf 77' lang='lat' dir='ltr'><strong>exemplum3</strong></span> <span class='ocrx_word' id='word_1_246' title='bbox 907 3894 1028 3942; x_wconf 80' lang='lat' dir='ltr'><strong>adeo</strong></span> <span class='ocrx_word' id='word_1_247' title='bbox 1064 3905 1117 3941; x_wconf 83' lang='lat' dir='ltr'><strong>ut</strong></span> <span class='ocrx_word' id='word_1_248' title='bbox 1147 3910 1240 3958; x_wconf 87' lang='lat' dir='ltr'><strong>pro</strong></span> <span class='ocrx_word' id='word_1_249' title='bbox 1267 3896 1468 3942; x_wconf 88' lang='lat' dir='ltr'><strong>crimine</strong></span> <span class='ocrx_word' id='word_1_250' title='bbox 1505 3896 1595 3942; x_wconf 87' lang='lat' dir='ltr'><strong>im-</strong></span> 
     </span>
    </p>
   </div>
   <div class='ocr_carea' id='block_1_4' title="bbox 581 3973 1593 4201">
    <p class='ocr_par' dir='ltr' id='par_1_6' title="bbox 581 3973 1593 4201">
     <span class='ocr_line' id='line_1_38' title="bbox 584 3973 1592 4049; baseline -0.008 -21"><span class='ocrx_word' id='word_1_251' title='bbox 584 3981 752 4049; x_wconf 81' lang='lat' dir='ltr'><strong>probis</strong></span> <span class='ocrx_word' id='word_1_252' title='bbox 770 3976 1053 4024; x_wconf 82' lang='lat' dir='ltr'><strong>seminarnm</strong></span> <span class='ocrx_word' id='word_1_253' title='bbox 1072 3973 1290 4021; x_wconf 84' lang='lat' dir='ltr'><strong>moribus</strong></span> <span class='ocrx_word' id='word_1_254' title='bbox 1309 3973 1438 4023; x_wconf 78' lang='lat' dir='ltr'><strong>Caiae</strong></span> <span class='ocrx_word' id='word_1_255' title='bbox 1450 3974 1592 4021; x_wconf 73' lang='lat' dir='ltr'><strong>Afra·</strong></span> 
     </span>
     <span class='ocr_line' id='line_1_39' title="bbox 582 4052 1593 4116; baseline -0.013 -4"><span class='ocrx_word' id='word_1_256' title='bbox 582 4066 675 4112; x_wconf 77' lang='lat' dir='ltr'><strong>niae</strong></span> <span class='ocrx_word' id='word_1_257' title='bbox 719 4071 897 4107; x_wconf 89' lang='lat' dir='ltr'><strong>nomen</strong></span> <span class='ocrx_word' id='word_1_258' title='bbox 941 4052 1265 4113; x_wconf 84' lang='lat' dir='ltr'><strong>objiciatur....</strong></span> <span class='ocrx_word' id='word_1_259' title='bbox 1301 4053 1593 4116; x_wconf 80' lang='lat' dir='ltr'><strong>Prorogavit</strong></span> 
     </span>
     <span class='ocr_line' id='line_1_40' title="bbox 581 4129 1591 4201; baseline -0.015 -11"><span class='ocrx_word' id='word_1_260' title='bbox 581 4153 738 4190; x_wconf 81' lang='lat' dir='ltr'><strong>antem</strong></span> <span class='ocrx_word' id='word_1_261' title='bbox 765 4133 988 4201; x_wconf 77' lang='lat' dir='ltr'><strong>spiritum</strong></span> <span class='ocrx_word' id='word_1_262' title='bbox 1012 4148 1152 4181; x_wconf 86' lang='lat' dir='ltr'><strong>suum</strong></span> <span class='ocrx_word' id='word_1_263' title='bbox 1183 4129 1245 4179; x_wconf 76' lang='lat' dir='ltr'><strong>ad</strong></span> <span class='ocrx_word' id='word_1_264' title='bbox 1278 4131 1335 4180; x_wconf 92' lang='lat' dir='ltr'><strong>C.</strong></span> <span class='ocrx_word' id='word_1_265' title='bbox 1355 4133 1591 4182; x_wconf 77' lang='lat' dir='ltr'><strong>Caesarem</strong></span> 
     </span>
    </p>
   </div>
   <div class='ocr_carea' id='block_1_5' title="bbox 1678 2245 2722 4207">
    <p class='ocr_par' dir='ltr' id='par_1_7' title="bbox 1680 2245 2704 2534">
     <span class='ocr_line' id='line_1_41' title="bbox 1683 2245 2700 2310; baseline 0.002 -16"><span class='ocrx_word' id='word_1_266' title='bbox 1683 2245 1901 2308; x_wconf 68' lang='lat' dir='ltr'><strong>tertium,</strong></span> <span class='ocrx_word' id='word_1_267' title='bbox 1923 2248 2135 2310; x_wconf 81' lang='lat' dir='ltr'><strong>itemque</strong></span> <span class='ocrx_word' id='word_1_268' title='bbox 2154 2248 2227 2295; x_wconf 80' lang='lat' dir='ltr'><strong>M.</strong></span> <span class='ocrx_word' id='word_1_269' title='bbox 2249 2247 2506 2295; x_wconf 75' lang='lat' dir='ltr'><strong>Servilium</strong></span> <span class='ocrx_word' id='word_1_270' title='bbox 2522 2264 2700 2296; x_wconf 86' lang='lat' dir='ltr'><strong>consu·</strong></span> 
     </span>
     <span class='ocr_line' id='line_1_42' title="bbox 1680 2323 2704 2392; baseline 0.003 -21"><span class='ocrx_word' id='word_1_271' title='bbox 1680 2324 1803 2380; x_wconf 64' lang='lat' dir='ltr'><strong>leun</strong></span> <span class='ocrx_word' id='word_1_272' title='bbox 1830 2323 1923 2372; x_wconf 89' lang='lat' dir='ltr'><strong>tale</strong></span> <span class='ocrx_word' id='word_1_273' title='bbox 1954 2326 2081 2371; x_wconf 88' lang='lat' dir='ltr'><strong>enim</strong></span> <span class='ocrx_word' id='word_1_274' title='bbox 2114 2337 2389 2374; x_wconf 83' lang='lat' dir='ltr'><strong>monstrum</strong></span> <span class='ocrx_word' id='word_1_275' title='bbox 2426 2330 2579 2392; x_wconf 83' lang='lat' dir='ltr'><strong>magis</strong></span> <span class='ocrx_word' id='word_1_276' title='bbox 2603 2342 2704 2392; x_wconf 86' lang='lat' dir='ltr'><strong>quo</strong></span> 
     </span>
     <span class='ocr_line' id='line_1_43' title="bbox 1683 2406 2703 2471; baseline 0.004 -19"><span class='ocrx_word' id='word_1_277' title='bbox 1683 2415 1900 2468; x_wconf 86' lang='lat' dir='ltr'><strong>tempore</strong></span> <span class='ocrx_word' id='word_1_278' title='bbox 1943 2406 2260 2463; x_wconf 83' lang='lat' dir='ltr'><strong>exstinctum,</strong></span> <span class='ocrx_word' id='word_1_279' title='bbox 2306 2423 2454 2470; x_wconf 85' lang='lat' dir='ltr'><strong>qnam</strong></span> <span class='ocrx_word' id='word_1_280' title='bbox 2498 2424 2602 2471; x_wconf 85' lang='lat' dir='ltr'><strong>qno</strong></span> <span class='ocrx_word' id='word_1_281' title='bbox 2643 2407 2703 2456; x_wconf 82' lang='lat' dir='ltr'><strong>sit</strong></span> 
     </span>
     <span class='ocr_line' id='line_1_44' title="bbox 1682 2483 2578 2534; baseline 0.002 -2"><span class='ocrx_word' id='word_1_282' title='bbox 1682 2494 1843 2532; x_wconf 90' lang='lat' dir='ltr'><strong>ortum</strong></span> <span class='ocrx_word' id='word_1_283' title='bbox 1866 2487 2109 2532; x_wconf 56' lang='lat' dir='ltr'><strong>memori&amp;</strong></span> <span class='ocrx_word' id='word_1_284' title='bbox 2136 2483 2426 2534; x_wconf 86' lang='lat' dir='ltr'><strong>tradendum</strong></span> <span class='ocrx_word' id='word_1_285' title='bbox 2445 2499 2520 2534; x_wconf 77' lang='lat' dir='ltr'><strong>est</strong></span> <span class='ocrx_word' id='word_1_286' title='bbox 2537 2509 2578 2534; x_wconf 73' lang='grc' dir='ltr'><strong>υ.</strong></span> 
     </span>
    </p>

    <p class='ocr_par' dir='ltr' id='par_1_8' title="bbox 1678 2564 2707 3492">
     <span class='ocr_line' id='line_1_45' title="bbox 1754 2564 2702 2627; baseline 0.008 -18"><span class='ocrx_word' id='word_1_287' title='bbox 1754 2571 1800 2618; x_wconf 63' lang='grc'><strong>4.</strong></span> <span class='ocrx_word' id='word_1_288' title='bbox 1818 2564 1942 2627; x_wconf 74' lang='lat' dir='ltr'><strong>Lege</strong></span> <span class='ocrx_word' id='word_1_289' title='bbox 1960 2575 2088 2612; x_wconf 76' lang='lat' dir='ltr'><strong>certe</strong></span> <span class='ocrx_word' id='word_1_290' title='bbox 2110 2566 2172 2612; x_wconf 83' lang='lat' dir='ltr'><strong>de</strong></span> <span class='ocrx_word' id='word_1_291' title='bbox 2193 2564 2251 2612; x_wconf 73' lang='grc' dir='ltr'><strong>υἱ</strong></span> <span class='ocrx_word' id='word_1_292' title='bbox 2273 2582 2369 2612; x_wconf 82' lang='lat' dir='ltr'><strong>non</strong></span> <span class='ocrx_word' id='word_1_293' title='bbox 2398 2568 2702 2618; x_wconf 71' lang='lat' dir='ltr'><strong>tenebantur.</strong></span> 
     </span>
     <span class='ocr_line' id='line_1_46' title="bbox 1678 2640 2702 2710; baseline 0.006 -22"><span class='ocrx_word' id='word_1_294' title='bbox 1678 2643 1779 2689; x_wconf 75' lang='lat' dir='ltr'><strong>Lex</strong></span> <span class='ocrx_word' id='word_1_295' title='bbox 1805 2640 1864 2689; x_wconf 89' lang='lat' dir='ltr'><strong>de</strong></span> <span class='ocrx_word' id='word_1_296' title='bbox 1885 2643 1933 2689; x_wconf 82' lang='lat' dir='ltr'><strong>vi</strong></span> <span class='ocrx_word' id='word_1_297' title='bbox 1957 2643 2020 2689; x_wconf 84' lang='lat' dir='ltr'><strong>ad</strong></span> <span class='ocrx_word' id='word_1_298' title='bbox 2045 2643 2265 2707; x_wconf 82' lang='lat' dir='ltr'><strong>publica,</strong></span> <span class='ocrx_word' id='word_1_299' title='bbox 2293 2661 2395 2692; x_wconf 91' lang='lat' dir='ltr'><strong>non</strong></span> <span class='ocrx_word' id='word_1_300' title='bbox 2423 2646 2488 2693; x_wconf 90' lang='lat' dir='ltr'><strong>ad</strong></span> <span class='ocrx_word' id='word_1_301' title='bbox 2517 2649 2702 2710; x_wconf 80' lang='lat' dir='ltr'><strong>privata</strong></span> 
     </span>
     <span class='ocr_line' id='line_1_47' title="bbox 1678 2719 2701 2788; baseline 0.008 -21"><span class='ocrx_word' id='word_1_302' title='bbox 1678 2719 1855 2782; x_wconf 84' lang='lat' dir='ltr'><strong>flagitia</strong></span> <span class='ocrx_word' id='word_1_303' title='bbox 1880 2721 2162 2784; x_wconf 83' lang='lat' dir='ltr'><strong>spectabat;</strong></span> <span class='ocrx_word' id='word_1_304' title='bbox 2204 2723 2315 2782; x_wconf 87' lang='lat' dir='ltr'><strong>sed,</strong></span> <span class='ocrx_word' id='word_1_305' title='bbox 2341 2741 2453 2788; x_wconf 86' lang='lat' dir='ltr'><strong>cap.</strong></span> <span class='ocrx_word' id='word_1_306' title='bbox 2486 2743 2506 2772; x_wconf 88' lang='lat'>1</span> <span class='ocrx_word' id='word_1_307' title='bbox 2549 2726 2611 2774; x_wconf 87' lang='lat' dir='ltr'><strong>de</strong></span> <span class='ocrx_word' id='word_1_308' title='bbox 2634 2744 2701 2774; x_wconf 85' lang='lat' dir='ltr'><strong>ae·</strong></span> 
     </span>
     <span class='ocr_line' id='line_1_48' title="bbox 1681 2797 2703 2869; baseline 0.004 -22"><span class='ocrx_word' id='word_1_309' title='bbox 1681 2797 1873 2847; x_wconf 83' lang='lat' dir='ltr'><strong>ditiosis</strong></span> <span class='ocrx_word' id='word_1_310' title='bbox 1899 2800 2332 2865; x_wconf 76' lang='lat' dir='ltr'><strong>consceleratisque</strong></span> <span class='ocrx_word' id='word_1_311' title='bbox 2358 2805 2555 2853; x_wconf 83' lang='lat' dir='ltr'><strong>civibus</strong></span> <span class='ocrx_word' id='word_1_312' title='bbox 2572 2839 2588 2865; x_wconf 87' lang='lat'>‚</span> <span class='ocrx_word' id='word_1_313' title='bbox 2625 2806 2703 2869; x_wconf 88' lang='lat' dir='ltr'><strong>qni</strong></span> 
     </span>
     <span class='ocr_line' id='line_1_49' title="bbox 1681 2873 2704 2947; baseline 0.009 -24"><span class='ocrx_word' id='word_1_314' title='bbox 1681 2873 1849 2924; x_wconf 83' lang='lat' dir='ltr'><strong>armati</strong></span> <span class='ocrx_word' id='word_1_315' title='bbox 1870 2888 2088 2926; x_wconf 86' lang='lat' dir='ltr'><strong>senatum</strong></span> <span class='ocrx_word' id='word_1_316' title='bbox 2108 2879 2437 2940; x_wconf 84' lang='lat' dir='ltr'><strong>obsedissent,</strong></span> <span class='ocrx_word' id='word_1_317' title='bbox 2458 2887 2704 2947; x_wconf 83' lang='lat' dir='ltr'><strong>magistra·</strong></span> 
     </span>
     <span class='ocr_line' id='line_1_50' title="bbox 1682 2955 2703 3027; baseline 0.007 -23"><span class='ocrx_word' id='word_1_318' title='bbox 1682 2955 1813 3004; x_wconf 83' lang='lat' dir='ltr'><strong>tibus</strong></span> <span class='ocrx_word' id='word_1_319' title='bbox 1854 2956 1954 3002; x_wconf 82' lang='lat' dir='ltr'><strong>vim</strong></span> <span class='ocrx_word' id='word_1_320' title='bbox 2003 2958 2277 3008; x_wconf 70' lang='lat' dir='ltr'><strong>attulissent</strong></span> <span class='ocrx_word' id='word_1_321' title='bbox 2296 2994 2310 3017; x_wconf 83' lang='grc'>,</span> <span class='ocrx_word' id='word_1_322' title='bbox 2356 2965 2703 3027; x_wconf 77' lang='lat' dir='ltr'><strong>rempublicam</strong></span> 
     </span>
     <span class='ocr_line' id='line_1_51' title="bbox 1682 3035 2701 3100; baseline 0.011 -20"><span class='ocrx_word' id='word_1_323' title='bbox 1682 3035 2095 3097; x_wconf 83' lang='lat' dir='ltr'><strong>oppugnavissent</strong></span> <span class='ocrx_word' id='word_1_324' title='bbox 2119 3039 2269 3100; x_wconf 69' lang='lat' dir='ltr'><strong>quatri</strong></span> <span class='ocrx_word' id='word_1_325' title='bbox 2287 3040 2519 3099; x_wconf 81' lang='lat' dir='ltr'><strong>jubebat.</strong></span> <span class='ocrx_word' id='word_1_326' title='bbox 2530 3045 2701 3090; x_wconf 83' lang='lat' dir='ltr'><strong>Tamen</strong></span> 
     </span>
     <span class='ocr_line' id='line_1_52' title="bbox 1681 3114 2702 3178; baseline 0.011 -19"><span class='ocrx_word' id='word_1_327' title='bbox 1681 3129 1818 3171; x_wconf 89' lang='lat' dir='ltr'><strong>reus,</strong></span> <span class='ocrx_word' id='word_1_328' title='bbox 1848 3114 1930 3176; x_wconf 87' lang='lat' dir='ltr'><strong>qui</strong></span> <span class='ocrx_word' id='word_1_329' title='bbox 1954 3114 2059 3178; x_wconf 80' lang='lat' dir='ltr'><strong>lege</strong></span> <span class='ocrx_word' id='word_1_330' title='bbox 2087 3115 2147 3162; x_wconf 88' lang='lat' dir='ltr'><strong>de</strong></span> <span class='ocrx_word' id='word_1_331' title='bbox 2166 3117 2216 3164; x_wconf 84' lang='lat' dir='ltr'><strong>vi</strong></span> <span class='ocrx_word' id='word_1_332' title='bbox 2234 3116 2568 3169; x_wconf 74' lang='lat' dir='ltr'><strong>absolvendus</strong></span> <span class='ocrx_word' id='word_1_333' title='bbox 2588 3122 2702 3169; x_wconf 78' lang='lat' dir='ltr'><strong>vide·</strong></span> 
     </span>
     <span class='ocr_line' id='line_1_53' title="bbox 1682 3191 2700 3258; baseline 0.007 -20"><span class='ocrx_word' id='word_1_334' title='bbox 1682 3191 1837 3249; x_wconf 83' lang='lat' dir='ltr'><strong>batur,</strong></span> <span class='ocrx_word' id='word_1_335' title='bbox 1861 3192 2176 3242; x_wconf 88' lang='lat' dir='ltr'><strong>nihilominus</strong></span> <span class='ocrx_word' id='word_1_336' title='bbox 2204 3197 2638 3258; x_wconf 75' lang='lat' dir='ltr'><strong>condemnabatur,</strong></span> <span class='ocrx_word' id='word_1_337' title='bbox 2662 3200 2700 3246; x_wconf 79' lang='lat' dir='ltr'><strong>si</strong></span> 
     </span>
     <span class='ocr_line' id='line_1_54' title="bbox 1683 3269 2705 3336; baseline 0.01 -20"><span class='ocrx_word' id='word_1_338' title='bbox 1683 3269 1914 3334; x_wconf 80' lang='lat' dir='ltr'><strong>flagitium</strong></span> <span class='ocrx_word' id='word_1_339' title='bbox 1949 3273 2186 3333; x_wconf 86' lang='lat' dir='ltr'><strong>ejusmodi</strong></span> <span class='ocrx_word' id='word_1_340' title='bbox 2221 3290 2369 3336; x_wconf 88' lang='lat' dir='ltr'><strong>esset,</strong></span> <span class='ocrx_word' id='word_1_341' title='bbox 2399 3292 2454 3327; x_wconf 88' lang='lat' dir='ltr'><strong>ut</strong></span> <span class='ocrx_word' id='word_1_342' title='bbox 2477 3280 2705 3328; x_wconf 57' lang='lat' dir='ltr'><strong>&gt;damnari</strong></span> 
     </span>
     <span class='ocr_line' id='line_1_55' title="bbox 1686 3353 2707 3424; baseline 0.012 -28"><span class='ocrx_word' id='word_1_343' title='bbox 1686 3366 1797 3397; x_wconf 87' lang='lat' dir='ltr'><strong>enm</strong></span> <span class='ocrx_word' id='word_1_344' title='bbox 1836 3367 2026 3399; x_wconf 87' lang='lat' dir='ltr'><strong>necesse</strong></span> <span class='ocrx_word' id='word_1_345' title='bbox 2068 3353 2311 3403; x_wconf 85' lang='lat' dir='ltr'><strong>videretur</strong></span> <span class='ocrx_word' id='word_1_346' title='bbox 2326 3391 2339 3414; x_wconf 90' lang='lat'>,</span> <span class='ocrx_word' id='word_1_347' title='bbox 2400 3376 2707 3424; x_wconf 85' lang='lat' dir='ltr'><strong>quacumque</strong></span> 
     </span>
     <span class='ocr_line' id='line_1_56' title="bbox 1684 3430 2218 3492; baseline 0.006 -15"><span class='ocrx_word' id='word_1_348' title='bbox 1684 3430 1790 3492; x_wconf 85' lang='lat' dir='ltr'><strong>lege</strong></span> <span class='ocrx_word' id='word_1_349' title='bbox 1810 3440 1931 3476; x_wconf 86' lang='lat' dir='ltr'><strong>esset</strong></span> <span class='ocrx_word' id='word_1_350' title='bbox 1949 3442 2218 3480; x_wconf 85' lang='lat' dir='ltr'><strong>accusatus.</strong></span> 
     </span>
    </p>

    <p class='ocr_par' dir='ltr' id='par_1_9' title="bbox 1685 3508 2718 3806">
     <span class='ocr_line' id='line_1_57' title="bbox 1756 3508 2710 3577; baseline 0.013 -23"><span class='ocrx_word' id='word_1_351' title='bbox 1756 3508 1807 3556; x_wconf 80' lang='lat'><strong>5.</strong></span> <span class='ocrx_word' id='word_1_352' title='bbox 1838 3508 1989 3572; x_wconf 79' lang='lat' dir='ltr'><strong>Quod</strong></span> <span class='ocrx_word' id='word_1_353' title='bbox 2007 3509 2071 3556; x_wconf 80' lang='lat' dir='ltr'><strong>sit</strong></span> <span class='ocrx_word' id='word_1_354' title='bbox 2092 3526 2128 3574; x_wconf 25' lang='lat' dir='ltr'><strong>‘a</strong></span> <span class='ocrx_word' id='word_1_355' title='bbox 2148 3512 2256 3575; x_wconf 79' lang='lat' dir='ltr'><strong>Iege</strong></span> <span class='ocrx_word' id='word_1_356' title='bbox 2275 3513 2569 3577; x_wconf 80' lang='lat' dir='ltr'><strong>sejunctum.</strong></span> <span class='ocrx_word' id='word_1_357' title='bbox 2592 3520 2634 3566; x_wconf 88' lang='lat'><strong>1.</strong></span> <span class='ocrx_word' id='word_1_358' title='bbox 2663 3536 2710 3565; x_wconf 85' lang='lat' dir='ltr'><strong>e.</strong></span> 
     </span>
     <span class='ocr_line' id='line_1_58' title="bbox 1685 3586 2716 3657; baseline 0.015 -27"><span class='ocrx_word' id='word_1_359' title='bbox 1685 3586 1903 3648; x_wconf 83' lang='lat' dir='ltr'><strong>quamvis</strong></span> <span class='ocrx_word' id='word_1_360' title='bbox 1926 3586 1987 3633; x_wconf 90' lang='lat' dir='ltr'><strong>ab</strong></span> <span class='ocrx_word' id='word_1_361' title='bbox 2012 3588 2115 3651; x_wconf 82' lang='lat' dir='ltr'><strong>ipsa</strong></span> <span class='ocrx_word' id='word_1_362' title='bbox 2138 3589 2243 3652; x_wconf 83' lang='lat' dir='ltr'><strong>lege</strong></span> <span class='ocrx_word' id='word_1_363' title='bbox 2271 3605 2321 3639; x_wconf 91' lang='lat' dir='ltr'><strong>et</strong></span> <span class='ocrx_word' id='word_1_364' title='bbox 2347 3597 2623 3657; x_wconf 66' lang='lat' dir='ltr'><strong>questione</strong></span> <span class='ocrx_word' id='word_1_365' title='bbox 2649 3597 2716 3644; x_wconf 84' lang='lat' dir='ltr'><strong>de</strong></span> 
     </span>
     <span class='ocr_line' id='line_1_59' title="bbox 1686 3663 2718 3737; baseline 0.016 -29"><span class='ocrx_word' id='word_1_366' title='bbox 1686 3663 1736 3708; x_wconf 78' lang='lat' dir='ltr'><strong>ri</strong></span> <span class='ocrx_word' id='word_1_367' title='bbox 1783 3666 2049 3723; x_wconf 87' lang='lat' dir='ltr'><strong>sejunctum</strong></span> <span class='ocrx_word' id='word_1_368' title='bbox 2065 3703 2081 3727; x_wconf 84' lang='lat'>‚</span> <span class='ocrx_word' id='word_1_369' title='bbox 2130 3677 2287 3716; x_wconf 84' lang='lat' dir='ltr'><strong>tamen</strong></span> <span class='ocrx_word' id='word_1_370' title='bbox 2341 3685 2555 3737; x_wconf 83' lang='lat' dir='ltr'><strong>propter</strong></span> <span class='ocrx_word' id='word_1_371' title='bbox 2596 3676 2718 3724; x_wconf 80' lang='lat' dir='ltr'><strong>facti</strong></span> 
     </span>
     <span class='ocr_line' id='line_1_60' title="bbox 1685 3742 2325 3806; baseline 0.013 -20"><span class='ocrx_word' id='word_1_372' title='bbox 1685 3742 1985 3789; x_wconf 69' lang='lat' dir='ltr'><strong>atrocitatem</strong></span> <span class='ocrx_word' id='word_1_373' title='bbox 2013 3745 2325 3806; x_wconf 80' lang='lat' dir='ltr'><strong>puniendum.</strong></span> 
     </span>
    </p>

    <p class='ocr_par' dir='ltr' id='par_1_10' title="bbox 1681 3820 2722 4207">
     <span class='ocr_line' id='line_1_61' title="bbox 1754 3820 2719 3891; baseline 0.012 -24"><span class='ocrx_word' id='word_1_374' title='bbox 1754 3821 1804 3868; x_wconf 87' lang='lat'><strong>6.</strong></span> <span class='ocrx_word' id='word_1_375' title='bbox 1842 3820 1925 3867; x_wconf 81' lang='lat' dir='ltr'><strong>Ad</strong></span> <span class='ocrx_word' id='word_1_376' title='bbox 1947 3824 2291 3885; x_wconf 78' lang='lat' dir='ltr'><strong>capessendam</strong></span> <span class='ocrx_word' id='word_1_377' title='bbox 2328 3830 2682 3890; x_wconf 74' lang='lat' dir='ltr'><strong>rempublicam</strong></span> <span class='ocrx_word' id='word_1_378' title='bbox 2701 3867 2719 3891; x_wconf 85' lang='lat'>‚</span> 
     </span>
     <span class='ocr_line' id='line_1_62' title="bbox 1685 3898 2721 3969; baseline 0.014 -26"><span class='ocrx_word' id='word_1_379' title='bbox 1685 3907 1782 3945; x_wconf 84' lang='lat' dir='ltr'><strong>etc.</strong></span> <span class='ocrx_word' id='word_1_380' title='bbox 1819 3898 1895 3945; x_wconf 81' lang='lat' dir='ltr'><strong>Ad</strong></span> <span class='ocrx_word' id='word_1_381' title='bbox 1929 3899 2140 3950; x_wconf 80' lang='lat' dir='ltr'><strong>honores</strong></span> <span class='ocrx_word' id='word_1_382' title='bbox 2173 3903 2355 3951; x_wconf 86' lang='lat' dir='ltr'><strong>aditum</strong></span> <span class='ocrx_word' id='word_1_383' title='bbox 2384 3907 2721 3969; x_wconf 77' lang='lat' dir='ltr'><strong>patefaciebat</strong></span> 
     </span>
     <span class='ocr_line' id='line_1_63' title="bbox 1681 3977 2721 4041; baseline 0.015 -19"><span class='ocrx_word' id='word_1_384' title='bbox 1681 3977 1972 4041; x_wconf 84' lang='lat' dir='ltr'><strong>eloquentia.</strong></span> <span class='ocrx_word' id='word_1_385' title='bbox 1993 3981 2087 4027; x_wconf 82' lang='lat' dir='ltr'><strong>Pro</strong></span> <span class='ocrx_word' id='word_1_386' title='bbox 2106 3982 2299 4031; x_wconf 84' lang='lat' dir='ltr'><strong>Sextio:</strong></span> <span class='ocrx_word' id='word_1_387' title='bbox 2322 4006 2346 4024; x_wconf 77' lang='grc' dir='ltr'><strong>ιι</strong></span> <span class='ocrx_word' id='word_1_388' title='bbox 2365 3986 2483 4032; x_wconf 79' lang='lat' dir='ltr'><strong>Haec</strong></span> <span class='ocrx_word' id='word_1_389' title='bbox 2513 3999 2587 4034; x_wconf 80' lang='lat' dir='ltr'><strong>est</strong></span> <span class='ocrx_word' id='word_1_390' title='bbox 2613 4005 2721 4038; x_wconf 81' lang='lat' dir='ltr'><strong>una</strong></span> 
     </span>
     <span class='ocr_line' id='line_1_64' title="bbox 1681 4055 2722 4128; baseline 0.013 -28"><span class='ocrx_word' id='word_1_391' title='bbox 1681 4058 1781 4110; x_wconf 82' lang='lat' dir='ltr'><strong>via,</strong></span> <span class='ocrx_word' id='word_1_392' title='bbox 1813 4055 1929 4102; x_wconf 88' lang='lat' dir='ltr'><strong>mihi</strong></span> <span class='ocrx_word' id='word_1_393' title='bbox 1955 4057 2136 4105; x_wconf 84' lang='lat' dir='ltr'><strong>credite</strong></span> <span class='ocrx_word' id='word_1_394' title='bbox 2153 4094 2167 4119; x_wconf 84' lang='lat'><strong>,</strong></span> <span class='ocrx_word' id='word_1_395' title='bbox 2195 4071 2243 4107; x_wconf 88' lang='lat' dir='ltr'><strong>et</strong></span> <span class='ocrx_word' id='word_1_396' title='bbox 2265 4060 2421 4110; x_wconf 79' lang='lat' dir='ltr'><strong>laudis</strong></span> <span class='ocrx_word' id='word_1_397' title='bbox 2440 4099 2455 4120; x_wconf 82' lang='lat'><strong>‚</strong></span> <span class='ocrx_word' id='word_1_398' title='bbox 2482 4075 2532 4111; x_wconf 85' lang='lat' dir='ltr'><strong>et</strong></span> <span class='ocrx_word' id='word_1_399' title='bbox 2554 4065 2722 4128; x_wconf 77' lang='lat' dir='ltr'><strong>digni-</strong></span> 
     </span>
     <span class='ocr_line' id='line_1_65' title="bbox 1682 4133 2719 4207; baseline 0.014 -27"><span class='ocrx_word' id='word_1_400' title='bbox 1682 4133 1819 4195; x_wconf 83' lang='lat' dir='ltr'><strong>tatis,</strong></span> <span class='ocrx_word' id='word_1_401' title='bbox 1838 4145 1885 4183; x_wconf 81' lang='lat' dir='ltr'><strong>et</strong></span> <span class='ocrx_word' id='word_1_402' title='bbox 1904 4135 2105 4184; x_wconf 85' lang='lat' dir='ltr'><strong>honoris</strong></span> <span class='ocrx_word' id='word_1_403' title='bbox 2125 4158 2165 4187; x_wconf 74' lang='grc' dir='ltr'><strong>ι.</strong></span> <span class='ocrx_word' id='word_1_404' title='bbox 2191 4140 2251 4186; x_wconf 81' lang='lat' dir='ltr'><strong>Et</strong></span> <span class='ocrx_word' id='word_1_405' title='bbox 2270 4138 2386 4187; x_wconf 76' lang='lat' dir='ltr'><strong>aiibi</strong></span> <span class='ocrx_word' id='word_1_406' title='bbox 2411 4142 2719 4207; x_wconf 79' lang='lat' dir='ltr'><strong>frequenter.</strong></span> 
     </span>
    </p>
   </div>
  </div>
 </body>
</html>
