2994 4778
563 403 941 471 ORATIO
991 404 1197 471 PRO
1248 405 1326 471 C.
1366 405 1449 469 R.
1503 404 2008 473 POSTUMO.
2194 410 2337 503 449

221 521 712 614 Quamobrem
751 519 936 592 illud.
963 534 1248 592 maneat
1283 536 1357 590 et
1398 518 1623 591 fixum
1671 523 1794 606 sit,
1850 526 2049 619 quod
2098 552 2339 624 neque

219 635 533 720 moveri,
566 658 806 730 neque
843 632 1106 701 mutari
1145 644 1421 728 potest;
1458 632 1535 700 in
1574 656 1724 726 quo
1755 637 1984 728 aequi⁷
2023 659 2338 731 sperasse

216 751 641 816 Postumum
682 742 969 829 dicunt,
1015 764 1344 838 peccasse
1389 741 1655 837 iniqui,
1700 745 1853 838 ipse
1901 744 2113 814 etiam
2155 750 2341 817 insa-

221 855 408 924 nisse
441 876 516 924 se
543 851 954 934 confitetur,
982 849 1181 946 quod
1201 874 1402 920 suam
1424 902 1446 937 ‚
1477 850 1679 946 quod
1707 853 2102 924 amicorum
2130 878 2345 951 pecu-

222 965 416 1034 niam
467 964 618 1058 regi
668 959 1046 1031 crediderit
1091 984 1256 1030 cum
1311 974 1517 1031 tanto
1558 959 2007 1033 fortunarum
2054 988 2346 1036 suarum

221 1071 551 1170 periculo
612 1098 628 1140 :
688 1069 827 1140 hoc
877 1067 1174 1166 quidem
1240 1068 1459 1140 semel
1518 1087 1855 1168 suscepto
1910 1086 2128 1168 atque
2182 1097 2351 1147 con-

224 1196 496 1267 tract0,
543 1178 1007 1278 perpetienda
1047 1178 1167 1249 illa
1209 1176 1536 1264 fuerunt,
1580 1194 1661 1250 ut
1706 1205 1783 1251 se
1830 1181 2217 1277 aliquando
2261 1184 2354 1254 ad

223 1318 395 1363 suos
447 1283 916 1361 vindicaretss.
968 1292 1220 1384 Itaque
1277 1287 1573 1383 objicias
1635 1288 1829 1377 licet,
1887 1315 2105 1387 quam
2156 1293 2355 1364 voles

227 1427 454 1501 saepe‚
506 1386 876 1499 palliatum
912 1396 1162 1495 fuisse,
1220 1397 1457 1494 aliqua
1505 1397 1838 1470 habuisse
1884 1426 2032 1472 non
2075 1406 2353 1473 romani
2446 1483 2452 1489 ⁴

226 1511 544 1583 bominis
604 1510 927 1604 insignia.
1004 1511 1307 1599 Quoties
1374 1532 1630 1578 eorum
1664 1512 2058 1607 ‚quippiam
2122 1510 2355 1598 diceS‚

167 1700 172 1703 ,
224 1623 440 1694 toties
489 1642 718 1690 unum
770 1619 965 1690 dices
1014 1632 1237 1714 atque
1294 1616 1473 1687 illud
1493 1630 1547 1706 9,
1590 1633 1860 1689 temere
1910 1618 2107 1690 hunc
2140 1646 2358 1718 pecu-

225 1734 423 1801 niam
462 1730 608 1826 regi
648 1726 1067 1813 credidisse3
1108 1752 1271 1813 suas
1303 1725 1630 1799 fortunas
1666 1744 1880 1827 atque
1914 1728 2175 1802 famam
2207 1731 2362 1803 libi-

227 1841 385 1912 dini
409 1842 623 1937 regiae
649 1840 1103 1911 commisisse.
1131 1844 1423 1910 Fecerat
1448 1854 1756 1928 temere;
1794 1839 2024 1914 fateor
2051 1870 2068 1912 :
2099 1846 2363 1915 mutari

227 1951 501 2023 factum
541 1951 688 2046 jam
723 1948 924 2020 nullo
964 1948 1183 2019 modo
1223 1962 1555 2045 poterat:
1596 1963 1718 2020 aut
1750 1949 2044 2047 pallium
2074 1976 2363 2023 sumen·

228 2061 407 2133 dum
458 2057 937 2147 Alexandriae,
981 2072 1064 2128 ut
1111 2059 1177 2127 ei
1214 2063 1547 2128 Romae¹⁰
1599 2074 1843 2156 togato
1888 2085 2039 2132 esse
2080 2061 2364 2148 liceret3

225 2186 357 2243 aut
398 2194 656 2241 omnes
691 2166 998 2239 fortunae
1046 2165 1491 2262 abjiciendae,
1548 2171 1606 2238 si
1658 2182 1896 2265 togam
1932 2171 2364 2242 retinuisset.

323 2286 415 2352 X.
469 2279 906 2351 Deliciarum
934 2301 1146 2348 causa
1179 2291 1252 2348 et
1279 2278 1704 2375 voluptatis,
1744 2304 1893 2350 non
1931 2278 2149 2350 modo
2177 2283 2369 2353 cives

224 2414 604 2475 romanos,
664 2386 790 2459 sed
841 2402 915 2458 et
968 2384 1251 2457 nobiles
1305 2385 1828 2475 adolescentes,
1888 2404 1961 2460 et
2017 2392 2366 2487 quosdam

226 2501 450 2571 etiam
491 2512 896 2584 senatores,
949 2520 1235 2568 summo
1279 2496 1441 2567 loco
1478 2511 1721 2584 natos,
1771 2523 1919 2567 non
1965 2502 2041 2569 in
2097 2499 2365 2587 hortiS‚

225 2623 359 2682 aut
395 2607 832 2681 suburbanis
876 2606 1055 2694 suiS‚
1083 2605 1211 2677 sed
1240 2605 1577 2703 Neapoli,
1624 2607 1698 2676 in
1730 2605 2200 2678 celeberrimo
2237 2633 2366 2706 op·

230 2720 458 2817 pide,
527 2743 693 2791 cum
756 2714 1064 2786 mitella¹
1140 2740 1324 2814 saepe
1398 2716 1729 2788 vidimus.
1811 2717 2362 2813 Chlamydatum

230 2834 314 2900 L.
386 2829 656 2903 Sullam
688 2847 698 2856 ·
730 2829 1280 2925 imperatorem;
1346 2828 1423 2895 L.
1484 2851 1655 2897 vero
1726 2829 2080 2926 Scipionis
2111 2839 2176 2916 ²,
2233 2833 2362 2926 qui

313 3047 365 3091 7.
408 3027 558 3093 AEqur'
579 3042 815 3092 sperasse.
848 3024 975 3073 vide
1004 3023 1260 3073 exordium

230 3108 463 3157 ven-ime
492 3107 552 3156 de
583 3106 777 3170 Signis:
808 3125 831 3148 ι
851 3104 1010 3152 Venio
1036 3119 1168 3151 nune
1198 3100 1262 3151 ad

1347 3023 1474 3078 libro
1500 3023 1656 3072 Fulvii
1682 3025 1826 3088 legit,
1860 3038 1916 3072 ue
1940 3027 1989 3074 ei
2011 3029 2202 3087 Roma,
2232 3028 2367 3092 quod

1348 3102 1533 3168 recepit
1552 3103 1801 3163 Granium
1824 3120 1998 3169 nempe
2017 3105 2098 3153 hic
2115 3104 2279 3154 nullus
2294 3118 2368 3155 eet

229 3191 405 3244 istius,
432 3198 527 3236 etc.
547 3209 573 3228 π
629 3211 699 3223 -—
733 3182 975 3232 Iti-cauisse
999 3198 1068 3230 se.
1108 3181 1263 3230 Abest

228 3286 285 3318 se
298 3285 320 3324 ,·
350 3267 570 3333 reposuit
595 3263 817 3314 Graevius
855 3279 918 3310 ex
956 3260 1144 3308 Francii
1169 3275 1256 3308 eo-

231 3347 362 3396 dice.

307 3426 360 3474 8.
416 3425 482 3471 Ue
512 3438 584 3470 se.
606 3456 620 3469 .
641 3456 654 3468 .
702 3420 774 3468 ad
806 3435 916 3467 suos
961 3417 1256 3468 vindicaret.

232 3505 462 3554 Graevius
499 3501 656 3562 rejicit
690 3499 764 3546 ad
795 3514 942 3557 suos,
980 3498 1118 3561 qnasi
1154 3513 1257 3545 non

229 3585 411 3642 latine3
427 3581 547 3645 legit
560 3614 577 3641 ‚
600 3590 650 3627 et
666 3595 775 3626 suos
791 3575 1095 3636 vindicaret,
1119 3576 1257 3623 nimi·

232 3680 345 3712 rum
391 3678 419 3710 a
460 3659 649 3707 damnis
692 3659 994 3705 fortunarum
1011 3691 1027 3716 ,
1059 3672 1168 3719 quae
1208 3665 1258 3702 et

232 3746 341 3808 ipse
380 3751 428 3787 et
464 3740 569 3800 ejus
602 3738 745 3784 amici
777 3735 1032 3793 fecissent,
1051 3734 1255 3783 nisiben

229 3822 426 3871 atione
445 3816 683 3866 creditum
705 3824 952 3864 servasset.

306 3916 359 3963 9.
391 3900 548 3945 Unum
569 3895 699 3943 dices
728 3905 880 3958 acque
903 3892 1042 3940 illud.
1067 3891 1257 3940 Lambi-

231 3995 329 4028 nus
359 3994 423 4026 ex
451 3975 561 4024 aliie
586 3973 725 4021 libris
755 3972 901 4036 legit,
946 3989 1095 4020 unum
1129 3970 1259 4019 dices

232 4069 387 4122 aeque
402 4056 532 4103 idem
544 4072 565 4109 ,·
585 4051 721 4116 quod
743 4051 887 4114 longe
906 4052 1092 4101 melius.

317 4153 393 4184 ro.
418 4137 481 4182 Ue
497 4134 546 4181 ei
561 4134 745 4179 Bomoe.
768 4136 815 4180 F.
838 4132 1000 4179 Ursin.
1022 4148 1085 4177 ex
1103 4141 1260 4179 vetere

434 4223 518 4290 V,
572 4232 668 4281 Cic.
683 4247 799 4298 pars
815 4228 1038 4279 secunda.

1347 3181 1487 3229 locus
1508 3193 1567 3229 ee.

1415 3261 1482 3308 X.
1534 3277 1555 3308 1
1567 3296 1581 3310 .
1638 3259 1843 3310 meana.
1889 3263 2239 3326 Tegumeutum
2289 3279 2362 3314 est

1345 3338 1517 3403 eapitis
1566 3340 1852 3389 Asiaticum.
1916 3340 2109 3389 AEneid.
2159 3345 2250 3402 IV,
2300 3346 2362 3394 de

1343 3419 1546 3468 Paride:
1570 3441 1597 3461 «-
1611 3419 1823 3468 Maeonia
1842 3432 2061 3468 mentum
2082 3422 2246 3483 mitra,
2267 3427 2363 3472 cri-

1343 3513 1550 3561 nemque
1565 3498 1836 3546 madentem
1850 3498 2095 3547 Subnixus
2111 3521 2150 3549 ι.
2171 3502 2363 3554 Baccho

1342 3579 1534 3624 mitram
1565 3576 1857 3626 tribuebant.
1890 3580 2108 3642 Propert.
2145 3579 2233 3629 lib.
2272 3584 2363 3642 lv,

1343 3655 1462 3719 eleg.
1488 3673 1517 3703 a
1542 3670 1558 3706 t
1580 3679 1605 3698 α
1624 3657 1776 3720 Cinge
1797 3668 1940 3721 caput
1956 3659 2096 3706 mitra
2110 3693 2126 3718 ,
2149 3660 2359 3723 speeiem

1342 3734 1541 3782 furabor
1549 3735 1799 3783 Iacchi.—
1808 3735 2046 3796 Vidimus,
2058 3738 2120 3784 al.
2130 3738 2365 3786 videmus.

1416 3828 1464 3859 a.
1485 3813 1542 3859 L.
1561 3828 1684 3859 vero
1704 3812 1953 3876 Scipiom's.
1972 3815 2081 3861 Fuit
2098 3816 2176 3864 hic
2194 3817 2249 3862 P.
2267 3818 2365 3864 Sci-

1345 3889 1507 3953 pionis
1520 3890 1737 3937 Africani
1748 3892 1920 3952 frater-3
1942 3893 1995 3939 in
2006 3894 2171 3940 Asiam
2189 3896 2361 3943 missus

1346 3967 1644 4015 Antiochum
1665 3969 1816 4030 Syriae
1834 3985 1993 4033 regem
2015 3971 2210 4032 devicit,
2229 3979 2364 4022 caesis

1346 4046 1597 4094 hominum
1624 4047 1972 4112 quinquaginta
2006 4051 2242 4108 millibus,
2278 4070 2360 4100 ca-

1349 4126 1445 4191 ptis
1470 4124 1678 4173 duobus.

2079 4239 2168 4307 29
