2994 4778
626 383 768 457 266
874 434 878 441 -
1252 384 1349 452 M.
1400 386 1480 453 T.
1536 382 2118 454 CICERONIS

624 505 1060 605 appelletur3
1107 505 1447 591 alterum,
1478 507 1539 574 si
1577 503 1930 575 tabellarii
1962 527 2118 573 non
2151 500 2499 573 cessarint
2515 511 2576 583 ²,
2637 525 2775 571 ne·

624 641 820 689 cesse
857 631 965 689 est
1004 616 1247 714 paucis
1281 614 1541 687 diebus
1579 616 1931 712 poeniteat
1963 611 2264 684 audere:
2303 611 2512 705 cujus
2547 611 2776 679 amici

625 730 686 800 si
721 732 848 825 qui
884 742 1092 813 sunt,
1132 740 1254 798 aut
1290 726 1351 796 si
1382 725 1639 796 belluae
1664 721 1814 795 'tam
1842 716 2188 794 immani³
2226 734 2520 816 tamque
2558 733 2780 789 tetrae

626 852 932 937 possunt
987 837 1114 908 ulli
1156 860 1309 908 esse
1359 838 1615 924 amici,
1657 835 1790 906 hac
1832 832 2371 905 consolatione⁴
2422 844 2777 913 utuntur,

627 950 843 1020 etiam
877 952 956 1017 T.
1000 946 1303 1018 Albucio
1331 942 1361 989 ⁵
1395 947 1996 1045 supplicationem
2039 942 2237 1013 hunc
2272 939 2599 1013 ordinem
2641 939 2780 1010 de·

625 1083 947 1157 negasse.
987 1057 1206 1149 Quod
1242 1073 1350 1130 est
1382 1061 1699 1156 primum
1737 1054 2078 1127 dissimile
2108 1083 2125 1122 ε
2170 1076 2286 1124 res
2317 1054 2394 1121 in
2434 1050 2779 1121 Sardinia

629 1195 795 1243 cum
855 1169 1304 1240 mastrucatis
1357 1162 1826 1239 latrunculis⁶
1878 1190 1918 1236 a
1964 1177 2407 1263 propraetore
2448 1184 2586 1230 una
2629 1183 2775 1229 co·

629 1280 840 1351 horte
881 1278 1249 1349 auxiliaria
1284 1293 1514 1377 gesta,
1561 1292 1635 1349 et
1668 1275 1940 1348 bellum
1977 1298 2144 1346 cum
2182 1272 2510 1343 maximis
2542 1273 2775 1365 Syriae

630 1386 971 1488 gentibus
996 1441 1015 1474 ,
1072 1391 1394 1484 tyrannis
1419 1442 1438 1474 ‚
1497 1387 1856 1457 consulari
1909 1389 2227 1457 exercitu
2250 1436 2270 1470 ,
2309 1383 2777 1479 imperioque

629 1496 1063 1571 confectum.
1113 1497 1390 1569 Deinde
1427 1496 1767 1569 Albucius
1788 1551 1806 1582 ,
1845 1495 2048 1592 quod
2082 1519 2125 1563 a
2155 1507 2410 1565 senatu
2444 1490 2772 1588 petebat,

631 1611 785 1706 ipse
820 1606 955 1677 sibi
984 1606 1061 1675 in
1095 1605 1418 1677 Sardinia
1443 1622 1614 1679 ante
1649 1604 2082 1677 decreverat.
2113 1601 2510 1675 Constabat
2543 1601 2776 1682 enim,

633 1740 942 1815 graecum
982 1715 1350 1789 hominem
1373 1727 1399 1771 ⁷
1444 1741 1527 1787 ac
1560 1716 1785 1787 levem
1809 1769 1831 1800 ,
1856 1718 1932 1784 in
1966 1716 2121 1812 ipsa
2158 1712 2530 1810 provincia
2559 1711 2771 1806 quasi

631 1820 1174 1922 triumphassess.
1224 1832 1477 1921 Itaque
1528 1825 1715 1895 hanc
1757 1825 1913 1917 ejus
1955 1824 2432 1894 temeritatem
2475 1833 2775 1892 senatus

634 1934 1154 2033 supplicatione
1197 1934 1543 2033 denegata
1578 1939 1871 2006 notavit.
1914 1932 2052 2004 Sed
2089 1930 2368 2002 fruatur
2409 1956 2583 2001 sane
2626 1930 2772 2000 hoc

625 2044 929 2131 solatio,
974 2060 1191 2142 atque
1244 2045 1429 2117 hanc
1478 2046 1833 2141 insignem
1868 2044 2375 2140 ignominiam,
2418 2041 2769 2137 quoniam

636 2158 802 2240 uni,
858 2170 1117 2253 praeter
1179 2181 1254 2226 se
1279 2167 1338 2240 9,
1407 2157 1646 2226 inusta
1706 2169 1853 2242 est,
1905 2167 2114 2253 putet
2169 2176 2323 2223 esse
2377 2150 2769 2232 leviorem3

634 2362 831 2434 miserat
850 2396 866 2422 ,
902 2374 960 2412 ut
991 2374 1125 2428 patet
1150 2364 1237 2412 lib.
1263 2365 1411 2414 xvu
1439 2364 1493 2413 in
1521 2364 1656 2414 Piso·

636 2457 780 2490 nem:
809 2463 832 2482 e
854 2442 992 2491 Nihil
1018 2458 1130 2492 mea
1157 2443 1326 2491 refert.
1348 2475 1362 2489 .
1383 2476 1395 2489 .
1424 2458 1486 2491 an
1513 2443 1656 2492 amici

635 2522 710 2570 tui
728 2521 913 2570 tabulas
932 2522 1232 2581 abdiderint,
1253 2522 1495 2587 iidemque
1514 2523 1658 2571 silen-

636 2602 707 2650 tio
732 2618 823 2649 suo
851 2604 1199 2662 temeritatem,
1232 2614 1377 2665 atque
1406 2602 1657 2651 audaciam

638 2691 770 2728 tuam
791 2681 1160 2729 condemnarint
1177 2702 1221 2729 κ.

617 2750 639 2761 ’
710 2775 761 2806 a.
798 2758 854 2806 Si
876 2759 1122 2808 tabellarii
1145 2775 1244 2806 nou
1273 2757 1524 2808 cessarint.
1559 2761 1660 2823 Qui

640 2837 829 2886 tabulas
857 2854 885 2885 e
922 2839 1188 2902 provinciis
1228 2837 1290 2885 ad
1325 2849 1576 2897 senatum,
1612 2849 1661 2888 et

640 2927 832 2966 senatus
858 2917 908 2963 in
930 2916 1205 2981 provincias
1224 2916 1517 2965 deferebant.

715 2997 768 3044 3.
791 2995 974 3044 Belluoe
991 3006 1092 3043 tam
1112 2994 1333 3045 Immani.
1356 2997 1459 3046 Cic.
1479 2995 1662 3044 Sextia-

642 3091 705 3123 na
729 3089 744 3124 ε
772 3097 797 3117 α
818 3078 957 3124 Hane
983 3087 1151 3126 tetram
1179 3076 1532 3141 immanemque
1557 3076 1660 3124 bel·

646 3154 776 3203 luam
795 3177 838 3204 a.
881 3156 1127 3207 Pisonian.
1157 3174 1177 3205 1
1205 3172 1219 3205 :
1248 3179 1274 3198 κ
1293 3160 1465 3206 Jamne
1494 3156 1662 3220 vides,

644 3233 801 3281 bellua
813 3269 827 3293 ,
846 3234 1010 3294 jamne
1027 3231 1210 3284 sentis?
1229 3259 1250 3278 ιι
1270 3275 1277 3280 .

718 3320 765 3367 Ι..
793 3314 981 3362 Ernest.
1009 3315 1320 3364 scribendum
1336 3327 1506 3381 putat,
1533 3328 1665 3363 uten-

644 3400 741 3438 tur.
762 3392 811 3439 J.
831 3392 893 3440 V.
922 3389 976 3441 1..

720 3469 773 3516 5.
808 3471 861 3516 T.
883 3469 1107 3517 Albucio.
1130 3471 1230 3534 Qui
1256 3471 1523 3520 Sardiniam
1547 3490 1665 3537 pro-

649 3548 856 3595 vinciam
875 3559 1147 3612 propraetor
1165 3549 1396 3598 obtinuit.

718 3627 774 3674 6:
799 3627 1105 3674 mastrucatis
1131 3627 1434 3675 latrunculis.
1457 3630 1666 3677 Mastm-

647 3720 703 3754 ca
731 3721 881 3768 genus
906 3716 977 3752 est
1003 3707 1180 3764 vestis,
1209 3722 1270 3753 ex
1295 3707 1490 3771 caprina
1518 3708 1665 3772 pelle.

1740 2363 1896 2414 Bruto
1921 2377 1935 2414 ε
1974 2384 2000 2406 α
2025 2365 2214 2413 Doctus
2257 2362 2403 2414 etiam
2443 2363 2632 2411 Gra-eis
2674 2362 2775 2414 Tit.

1741 2443 1980 2494 Albucius
1994 2477 2008 2501 ‚
2044 2442 2119 2490 vel
2145 2441 2311 2505 potius
2344 2458 2487 2507 paene
2524 2458 2715 2505 graeens
2730 2465 2770 2493 a.

1742 2523 1805 2571 de
1834 2525 1936 2572 Fin.
1963 2523 2078 2571 bon.
2105 2533 2156 2571 et
2188 2521 2379 2570 anI:
2419 2543 2447 2563 α
2467 2522 2579 2570 Nisi
2608 2524 2697 2586 qui
2723 2539 2774 2571 se

1742 2603 1884 2668 plane
1902 2618 2113 2666 graecum
2139 2601 2238 2649 diei
2261 2601 2376 2648 velit
2391 2634 2407 2661 ,
2431 2613 2487 2649 ut
2509 2617 2536 2649 ι
2554 2601 2774 2650 Scaevola

1742 2694 1817 2730 est
1833 2692 2013 2746 praetor
2026 2681 2258 2729 salutatus
2274 2680 2483 2728 Athenis
2499 2680 2765 2736 Albucium

1744 2778 1889 2825 quem
1916 2760 2112 2825 quidem
2150 2759 2315 2807 locum
2356 2775 2469 2807 eum
2506 2759 2665 2808 multa
2693 2776 2774 2808 ve-

1743 2853 1964 2896 nustate,
1990 2851 2039 2888 et
2069 2840 2207 2888 omui
2240 2838 2341 2887 ule
2365 2837 2495 2887 idem
2525 2839 2772 2897 Lucilius,

1745 2920 1879 2983 apud
1898 2936 2041 2983 quem
2065 2918 2294 2983 preclare
2313 2917 2528 2966 Scaevola
2552 2932 2566 2965 :
2592 2940 2616 2959 ιι
2645 2920 2778 2966 Grae·

1747 3015 1860 3046 cum
1875 3009 1923 3050 te
1945 2998 2151 3060 Albuci,
2169 3014 2314 3062 quam
2333 2998 2609 3044 Romanum
2628 3007 2773 3060 atque

1748 3077 2006 3126 Sabinum.
2021 3113 2060 3127 ..
2090 3077 2309 3125 maluisti
2327 3075 2447 3124 dici.
2470 3077 2641 3123 Graece
2659 3091 2773 3139 ergo

1745 3169 1931 3223 praetor
1957 3155 2164 3205 Athenis
2187 3155 2246 3202 Id
2272 3154 2409 3218 quod
2435 3153 2644 3204 maluisti
2663 3189 2678 3212 ,
2703 3165 2773 3211 te,

1748 3255 1899 3303 quum
1924 3237 1988 3286 ad
2011 3252 2087 3282 me
2111 3233 2293 3283 accedi’
2308 3269 2323 3292 ‚
2351 3234 2513 3282 saluto
2533 3249 2548 3282 :
2587 3233 2772 3298 Χαῖρε,

1747 3319 1970 3380 inquam,
1995 3315 2106 3365 Tite
2138 3328 2151 3362 :
2193 3314 2414 3373 lictores,
2445 3323 2599 3361 turma
2620 3312 2774 3362 omni*

1750 3395 2022 3458 cohorsque
2061 3391 2258 3459 Χαῖρις
2301 3391 2417 3439 hinc
2452 3390 2608 3440 bostis
2646 3391 2778 3442 Muti

1750 3473 1987 3522 Albucius
2002 3508 2017 3534 ,
2033 3474 2148 3522 hinc
2172 3472 2396 3520 Inimicus
2415 3494 2454 3518 ιο.

1824 3555 1876 3602 8.
1901 3552 2061 3616 Quasi
2077 3549 2410 3615 triumphasse.
2424 3549 2779 3613 Triumphandi

1747 3634 1828 3693 jus
1854 3649 1953 3678 non
1985 3643 2113 3690 erat,
2163 3630 2254 3676 nisi
2287 3640 2456 3693 pacata
2490 3629 2781 3693 provincia,

1755 3722 1804 3760 et
1830 3710 2091 3775 deportato
2119 3709 2362 3767 exercitu3
2391 3711 2562 3757 Romae
2591 3718 2777 3756 tantum

649 3784 862 3832 Turneb.
893 3783 975 3832 lib.
1006 3786 1133 3844 XX,
1161 3801 1267 3850 cap.
1298 3799 1363 3848 9:
1390 3810 1417 3828 α
1445 3787 1669 3836 Montani
1758 3788 2181 3853 triumphabunt,
2217 3798 2274 3837 ut
2307 3804 2369 3836 ex
2406 3785 2635 3836 omnibus
2661 3787 2782 3836 scri-

648 3863 700 3909 in
724 3863 942 3910 Sardinia
959 3865 1095 3927 quod
1113 3882 1280 3928 agrum
1303 3867 1667 3916 frumentarium

648 3958 751 3989 non
769 3942 1009 3992 habebant
1022 3977 1038 4004 ‚
1056 3943 1331 3994 latrocinari
1352 3949 1600 4008 solebant,
1619 3960 1669 3996 et

650 4036 848 4085 campos
873 4022 1213 4070 framentarios
1236 4020 1459 4089 populari
1481 4050 1524 4072 ο».

724 4117 776 4161 7.
825 4100 1045 4148 Gra-cum
1095 4102 1352 4151 hominem.
1391 4108 1571 4153 Orator
1613 4106 1666 4152 in

1755 3868 1982 3933 ptoribus
2019 3867 2201 3931 liquet;
2243 3878 2329 3914 aut
2354 3867 2498 3914 etiam
2522 3867 2584 3915 ‚in
2615 3876 2779 3916 monte

1756 3948 1950 3996 Albano
1961 3984 1977 4008 ,
1991 3945 2078 3995 sed
2090 3946 2145 3994 id
2162 3947 2317 3995 rarius
2331 3958 2379 3994 et
2392 3958 2526 3995 extra
2538 3946 2775 3995 ordinem.

1808 4043 1878 4088 ‘9-
1915 4027 2038 4084 Uni,
2054 4037 2231 4090 ματη·
2254 4041 2334 4076 σε..
2352 4027 2531 4074 Nescio
2556 4043 2619 4073 au
2653 4039 2775 4072 vere.

1753 4105 1881 4152 Vide
1908 4106 2096 4154 livium
2135 4105 2222 4153 lib.
2256 4106 2395 4154 xul
2416 4139 2433 4164 ,
2471 4121 2577 4168 cap.
2622 4107 2651 4151 8
2671 4140 2689 4160 ,
2719 4101 2775 4150 de
