2994 4778
691 421 1080 497 ORATIO
1128 422 1336 490 PRO
1390 422 1487 488 Μ.
1557 424 1922 492 COELIO.
2146 492 2159 501 ,
2212 426 2350 496 213

247 543 604 613 stiterunt.
662 547 768 613 Ex
811 541 1077 637 quibus
1124 542 1482 613 neminem
1531 541 1710 613 mihi
1753 568 2037 617 necesse
2081 560 2188 618 est
2222 574 2350 619 no-

250 651 517 720 minare
543 658 603 693 ¹¹
633 676 649 719 ε
686 665 961 722 vosmet
999 650 1367 721 vobiscum
1404 648 1898 722 recordamini.
1942 654 2126 725 Nolo
2162 662 2350 728 enim

252 758 675 855 cujusquam
709 756 914 830 fortis
947 773 1163 855 atque
1196 758 1484 829 illustris
1516 760 1645 828 viri
1681 784 1774 830 ne
1806 761 2180 832 minimum
2208 768 2356 860 qui-

251 865 407 938 dem
458 882 783 939 erratum
833 892 999 939 cum
1057 871 1357 939 maxima
1397 867 1607 939 laude
1647 869 2106 965 conjungere.
2143 873 2355 961 Quod

245 978 304 1047 si
335 975 576 1049 facere
611 976 865 1049 vellem
885 1031 904 1065 ,
938 978 1143 1049 multi
1174 1003 1216 1048 a
1249 1001 1364 1048 me
1395 978 1661 1048 summi
1690 991 1906 1073 atque
1935 981 2359 1051 ornatissimi

239 1089 374 1157 viri
414 1086 1017 1184 praedicarentur3
1061 1110 1373 1183 quorum
1409 1088 1664 1181 partim
1700 1087 1919 1157 nimia
1955 1086 2245 1160 libertas
2284 1093 2357 1160 in

242 1195 731 1268 adolescentia
754 1250 774 1285 ,
840 1197 1097 1294 partim
1163 1193 1453 1293 profusa
1525 1193 1877 1282 luxurieS,
1946 1198 2363 1294 magnitudo

243 1308 402 1375 aeris
435 1304 688 1391 alieni,
722 1319 1083 1401 sumptus,
1121 1302 1451 1374 libidines
1476 1310 1564 1388 ¹²,
1602 1304 2176 1376 nominarentur:
2206 1331 2363 1403 quae

245 1415 501 1485 multis
523 1410 588 1457 ¹³
628 1427 876 1511 postea
913 1412 1296 1485 virtutibus
1324 1411 1649 1498 obtecta,
1676 1411 2201 1503 adolescentiae,
2239 1419 2365 1513 qui

246 1524 468 1596 vellet
486 1577 508 1610 ‚
553 1527 1009 1595 excusatione
1052 1520 1489 1594 defenderet.

346 1624 544 1703 xl'x.
589 1639 681 1702 At
714 1657 886 1704 vero
929 1634 1003 1702 in
1049 1635 1145 1703 M.
1181 1632 1406 1704 Coelio
1451 1629 1730 1723 (dicam
1768 1635 1962 1703 enim
2000 1631 2146 1726 jam
2186 1657 2363 1705 con·

253 1741 602 1814 fidentius
668 1742 757 1813 de
821 1741 1068 1813 studiis
1127 1742 1279 1837 ejus
1335 1739 1685 1828 honesti8‚
1746 1742 2087 1837 quoniam
2136 1743 2366 1815 audeo

255 1850 585 1947 quaedam
607 1905 627 1936 ,
683 1849 906 1922 fretus
963 1865 1194 1921 vestra
1257 1850 1599 1948 sapientia
1629 1904 1647 1937 ,
1709 1849 1928 1921 libere
1994 1851 2367 1949 confiteri)

257 1961 453 2031 nulla
497 1961 812 2032 luxuries
852 1962 1280 2059 reperietur,
1333 1959 1515 2030 nulli
1564 1975 1928 2057 sumptuS,
1962 1961 2238 2032 nullum
2277 1988 2369 2035 aes

260 2070 614 2156 alienum,
668 2068 863 2140 nulla
930 2073 1421 2141 conviviorum
1489 2092 1571 2139 ac
1627 2068 2011 2139 lustrorum
2037 2080 2059 2111 ¹
2124 2070 2366 2142 libido.

262 2179 474 2267 Quod
533 2179 830 2275 quidem
878 2181 1133 2250 vitium
1181 2180 1453 2250 ventris
1500 2192 1571 2247 et
1609 2180 1912 2273 gutturis
1959 2205 2107 2250 non
2152 2181 2371 2252 modo

266 2312 407 2357 non
480 2291 749 2358 minuit
821 2302 988 2359 aetas
1016 2298 1043 2330 ²
1121 2285 1573 2373 hominibu8‚
1654 2284 1780 2356 sed
1854 2290 2064 2357 etiam
2137 2305 2368 2385 auget.

273 2394 598 2470 Amores-³
643 2413 921 2484 autem,
969 2413 1041 2468 et
1092 2398 1200 2468 hae
1251 2396 1516 2468 deliciae
1567 2421 1723 2494 quae
1775 2413 2158 2487 vocantur,
2209 2425 2367 2496 quae

343 2632 415 2665 ιι.
438 2619 644 2666 Necesse
660 2629 733 2667 ese
748 2618 1017 2666 nominare.
1041 2616 1268 2667 Nonnul-

263 2695 340 2744 loe
383 2699 581 2746 Latinae
628 2700 833 2746 Peeatua
875 2697 930 2744 in
972 2696 1268 2761 panegyrico

260 2775 558 2825 nouiinavit:
598 2797 623 2818 ι
646 2780 728 2824 An
747 2790 847 2823 non
870 2774 1158 2823 clarissimo·
1182 2789 1267 2821 no-

257 2854 400 2901 minis
445 2856 639 2901 romani
683 2852 816 2900 viros
861 2852 994 2915 (illos
1037 2850 1236 2900 Catulos
1253 2885 1268 2909 ,

259 2932 519 2996 Scipiones
541 2966 553 2978 .
574 2968 588 2982 .
612 2964 627 2978 .
655 2929 855 2994 loquor)
872 2964 887 2987 ‚
926 2930 1272 2994 aliquantisper

255 3009 356 3058 sihi
390 3010 586 3057 luxuria
608 3008 915 3057 vindicavit?
934 3024 1059 3072 quoa
1093 3009 1182 3056 etai
1208 3008 1272 3056 ad

253 3100 464 3154 portum
497 3088 665 3136 munti
681 3121 698 3148 ,
725 3088 779 3136 in
806 3086 975 3135 melius
999 3087 1272 3135 revexerint

252 3168 404 3216 flatu·
422 3202 438 3226 ,
480 3166 563 3215 diu
590 3177 748 3214 tamen
775 3166 1010 3214 vitiorum
1033 3165 1179 3213 turbo
1199 3165 1272 3224 ja-

253 3249 429 3304 ctarit,
449 3255 499 3292 et
515 3246 788 3308 nansi-agot,
804 3254 948 3308 atque
968 3243 1273 3301 fluctuantes,

253 3324 317 3371 ab
344 3323 472 3384 illia,
500 3322 682 3387 quibua
713 3321 1058 3379 mersabantur,
1094 3322 1271 3370 errori·

254 3402 387 3462 bno,
423 3417 547 3466 egre
581 3402 765 3465 recepit
786 3400 949 3449 ».Sed
989 3401 1120 3448 mille
1162 3416 1272 3466 per-

253 3492 404 3539 eunt,
427 3480 545 3528 dum
571 3479 660 3526 vix
681 3494 808 3526 unua
826 3478 1038 3542 emergit.

329 3576 419 3607 ιι.
443 3561 667 3622 Sumptus
683 3591 699 3618 ,
740 3556 972 3606 libidines.
1012 3558 1190 3605 Erfurt.
1226 3567 1276 3605 et

257 3638 433 3687 lamb.
461 3647 728 3701 ummptua
753 3635 1033 3683 lihidinis..

333 3716 421 3762 13.
451 3716 577 3778 ραι
609 3712 789 3761 ηιιιὶιίε.
819 3716 942 3776 Quae
980 3713 1099 3760 vitia
1135 3728 1276 3775 anpe-

258 3793 364 3842 riue
393 3803 676 3841 enumenta
708 3792 924 3839 excusari
954 3790 1129 3839 deinde
1160 3806 1274 3855 poa-

254 3885 368 3922 aent
413 3871 480 3920 ab
518 3871 841 3919 adolescentia
857 3904 872 3926 ‚
917 3886 1065 3934 quum
1109 3880 1274 3933 postea

251 3953 450 4000 fuerint
472 3949 635 3997 multis
661 3949 918 3997 virtutibus
943 3947 1149 3997 obtecta.

323 4030 494 4078 xlx.
527 4043 574 4076 1.
609 4031 883 4075 Luserat-um
921 4026 1084 4076 libido.
1113 4032 1278 4075 Festus

251 4105 566 4170 Pompeius:
606 4109 804 4154 nhuatra
846 4104 1116 4168 significant
1151 4105 1277 4152 laeu-

1356 2631 1442 2664 naa
1464 2615 1648 2664 lutosae
1667 2651 1682 2677 ,
1713 2631 1825 2680 qna
1851 2626 1961 2663 sunt
1990 2617 2042 2664 in
2068 2617 2198 2664 silvia
2218 2633 2363 2680 apro-

1307 2697 1318 2710 ·
1354 2710 1461 2741 rum
1499 2693 1710 2752 cubili„
1750 2710 1778 2740 a
1820 2709 1914 2757 qna
1952 2694 2271 2743 similitudine
2297 2696 2361 2754 ii,

1352 2773 1438 2835 qui
1479 2772 1532 2818 in
1568 2773 1690 2820 locis
1709 2771 1885 2821 abditis
1910 2784 1958 2821 et
1980 2773 2189 2821 sordidia
2207 2777 2361 2823 ventri

1357 2860 1407 2898 et
1466 2850 1663 2899 desidiae
1715 2866 1910 2915 operam
1975 2852 2092 2900 dant
2110 2888 2125 2914 ,
2194 2853 2364 2901 dieun-

1357 2939 1437 2976 tnr
1475 2929 1527 2975 in
1564 2929 1725 2977 lamia
1765 2930 1912 2978 vitam
1953 2946 2091 2994 egere
2113 2950 2157 2978 ι.
2186 2934 2362 2981 Horat.

1357 3010 1453 3057 Sat.
1472 3009 1567 3063 vl,
1590 3006 1676 3056 lib.
1699 3011 1723 3055 1
1744 3020 1759 3054 :
1790 3009 1878 3055 -Si
1903 3025 2058 3072 neque
2081 3010 2328 3056 avaritiam
2345 3045 2360 3066 ‚

1356 3100 1514 3147 neque
1538 3084 1732 3142 soi-dea,
1761 3101 1817 3133 ae
1840 3086 1962 3132 mala
1989 3086 2137 3134 lustra
2153 3086 2366 3147 Objieiet
2426 3121 2433 3124 -

1358 3162 1614 3225 quisquam
1640 3179 1750 3209 vere
1774 3163 1920 3224 mihi,
1946 3175 2039 3209 ete.
2063 3185 2087 3204 ι.

1432 3255 1480 3287 2.
1504 3241 1616 3287 Non
1642 3238 1812 3287 minuit
1834 3250 1968 3287 oeeas.
1989 3241 2137 3302 Qnaai
2161 3241 2368 3292 diceret:

1360 3318 1631 3366 Toleranda
1649 3333 1749 3365 non
1765 3328 1878 3366 sunt
1904 3317 2006 3366 haec
2034 3319 2148 3366 vitia
2172 3320 2227 3367 in
2245 3320 2366 3369 ado·

1359 3397 1597 3457 lucente,
1617 3396 1730 3460 quia
1756 3412 2014 3460 progressu
2039 3398 2189 3446 aetatie
2215 3400 2366 3464 magia

1359 3485 1612 3540 augentur,
1625 3474 1834 3539 ideoque
1855 3476 2072 3524 inutilem
2089 3478 2366 3542 reipublicae

1361 3556 1574 3604 reddunt
1593 3571 1729 3613 enm,
1748 3571 1888 3619 quem
1908 3556 2052 3603 semel
2069 3560 2366 3621 occuparint.

1432 3638 1482 3684 3.
1500 3634 1994 3683 Amarea-Aristotel.
2019 3636 2070 3682 in
2092 3635 2365 3684 OEoonoin.

1362 3736 1388 3756 α
1406 3715 1533 3762 Tum
1574 3729 1738 3778 aspere
1781 3713 2020 3777 imperant
2054 3713 2335 3762 hominibus
2351 3748 2367 3773 ,

1361 3807 1487 3856 quoa
1533 3792 1756 3854 potentati
1800 3807 1897 3838 ωε
1940 3789 2232 3849 subjecerint
2249 3827 2263 3851 ,
2312 3803 2366 3840 nt

1360 3868 1593 3934 quamdiu
1617 3869 1781 3917 vident
1803 3885 1887 3917 eoa
1912 3880 2050 3917 aetate
2072 3868 2295 3918 florentes
2320 3882 2369 3919 et

1364 3947 1573 3995 valentes
1590 3948 1775 4012 operari
1792 3984 1807 4009 ‚
1824 3963 1907 3995 eos
1924 3948 2144 3996 conferre
2160 3960 2334 4012 cogant
2349 3984 2365 4008 ‚

1364 4042 1471 4089 quae
1512 4026 1756 4089 operando
1789 4026 1960 4074 lucrati
1998 4027 2208 4086 fuerint,
2236 4038 2282 4075 et
2316 4025 2367 4072 in

1365 4121 1475 4152 suas
1515 4104 1800 4168 cupiditates
1842 4120 2054 4168 erogare.
2108 4106 2368 4166 Postquain
