2994 4778
399 449 696 520 ORAT.
748 452 882 521 DE
929 456 1223 523 PROV.
1276 460 2089 532 CONSULARIBUS.
2196 464 2321 535 26·

204 577 592 657 severavit‚
635 573 757 668 jus
806 573 1196 671 publicano
1237 603 1387 649 non
1433 579 1710 669 dicere;
1768 587 2131 679 pactiones
2178 588 2332 658 sine

209 683 361 753 ulla
396 684 656 777 injuria
691 682 907 755 factas
950 685 1277 773 rescidit;
1316 689 1678 762 custodias
1718 691 2088 780 sustulit53
2129 701 2337 768 vecti-

207 793 401 891 gales
444 793 714 864 multos
765 819 847 865 ac
893 795 1388 892 stipendiarios
1430 796 1840 887 liberavit⁶;
1889 826 2038 897 quo
2086 803 2158 872 in
2201 830 2332 902 op-

210 902 385 1000 pido
433 908 586 1000 ipse
641 918 872 991 esset,
926 919 1051 975 aut
1102 930 1253 1003 quo
1305 910 1621 995 veniret,
1671 908 1772 979 ibi
1825 909 2336 1007 publicanum,

205 1027 330 1083 aut
371 1012 745 1111 publicani
789 1014 1113 1085 servum⁷
1156 1040 1308 1087 esse
1349 1021 1622 1090 vetuit:
1658 1020 1832 1115 quid
1862 1021 2137 1091 multa?
2172 1046 2333 1094 cru-

199 1121 380 1193 delis
427 1122 860 1211 haberetur,
899 1125 955 1195 si
992 1126 1068 1194 in
1106 1125 1392 1197 hostem
1426 1130 1672 1200 animo
1718 1127 1966 1200 fuisset
2006 1128 2137 1218 ed,
2184 1157 2334 1229 quo

205 1230 337 1303 fuit
371 1235 449 1303 in
478 1236 671 1304 cives
696 1257 1035 1304 romanos
1055 1290 1076 1323 ,
1107 1236 1260 1329 ejus
1294 1236 1568 1309 ordinis
1598 1243 1987 1336 praesertim
2011 1293 2030 1325 ,
2069 1243 2196 1337 qui
2229 1256 2337 1312 est

202 1366 492 1440 semper
521 1341 861 1439 dignitate
889 1368 1052 1430 sua,
1091 1343 1532 1443 benignitate
1569 1349 2023 1445 magistratus
2052 1366 2328 1421 susten·

204 1466 413 1523 tatus.

293 1568 560 1659 ltaque
617 1563 871 1635 videtis
899 1618 917 1647 ,
973 1578 1209 1661 patres
1262 1568 1687 1665 conscripti,
1732 1593 1878 1640 non
1935 1572 2333 1643 temeritate

205 1672 732 1771 redemptionis
751 1667 808 1760 ⁸,
843 1687 967 1743 aut
1013 1675 1283 1770 negotii
1328 1679 1626 1773 gerendi
1657 1680 1973 1764 inscitia,
2008 1683 2131 1752 sed
2169 1707 2328 1752 ava·

204 1820 505 1876 vexationes,
537 1830 678 1882 pacta
698 1821 901 1883 pecunia
926 1820 1223 1869 redimebant
1311 1840 1460 1888 quum
1488 1826 1669 1890 captivi
1698 1828 1953 1875 trabuntur
1978 1830 2198 1877 catenati.
2231 1830 2328 1878 Cu·

204 1899 451 1963 vectigalia
473 1913 491 1957 ;
518 1898 665 1960 hujus
694 1900 880 1963 generis
905 1912 1102 1965 pactum
1131 1903 1226 1949 Ga·
1307 1903 1466 1952 stodia
1486 1906 1707 1953 militaris
1725 1905 1991 1965 dicebatur,
2008 1924 2160 1971 quum
2179 1909 2219 1955 is
2240 1911 2327 1973 qui

204 1978 361 2027 binius
412 1979 737 2043 probabiliter
789 1982 976 2029 irritum
1028 1982 1222 2030 fecerat.
1306 1982 1359 2030 iu
1385 1999 1517 2031 nexu
1546 1995 1673 2042 erat,
1703 1994 1919 2033 catenam
1946 1986 2108 2034 manui
2140 1985 2325 2035 dextra

204 2060 308 2105 Hoc
353 2058 409 2105 in
458 2057 576 2104 loco
628 2059 911 2107 Ciceronem
962 2060 1224 2108 iracundia
1305 2061 1548 2125 alligatam
1575 2062 1809 2123 babebat,
1837 2079 1946 2126 quae
1971 2064 2136 2111 eadem
2162 2067 2329 2113 manui

204 2138 346 2200 magis
367 2152 522 2200 quam
549 2138 765 2199 equitati
791 2139 1074 2186 servientem
1092 2174 1108 2196 ‚
1133 2141 1225 2187 mi·
1305 2140 1475 2189 militis
1497 2142 1703 2188 sinistra
1729 2151 1830 2188 erat
1857 2139 2103 2188 adstricta.
2128 2169 2197 2179 —
2224 2143 2326 2191 Alii

202 2219 325 2265 nune
349 2217 553 2281 quidem
574 2216 894 2267 laudabimus.
928 2218 1114 2284 Nempe
1135 2221 1225 2269 Ju-

204 2299 400 2361 sepbns,
421 2307 597 2345 auctor
622 2313 723 2344 non
746 2297 997 2361 improbus
1018 2331 1034 2357 ‚
1057 2301 1213 2363 antiq.

203 2376 509 2424 Judaiearum
537 2376 627 2425 lib.
649 2378 788 2435 xlv,
812 2393 917 2441 cap.
942 2393 1030 2437 ro,
1054 2388 1103 2426 et
1126 2378 1217 2428 lib.

200 2455 385 2504 excidii
417 2472 517 2520 cap.
557 2459 591 2504 6
620 2471 636 2505 :
674 2479 700 2498 α
728 2456 965 2504 Gabinius
1008 2457 1218 2506 Alexan·

201 2535 348 2582 drum
371 2535 640 2583 Aristobuli
672 2533 829 2582 filium
844 2571 860 2593 ‚
885 2537 970 2599 qui
996 2535 1218 2585 Judaeam

197 2614 554 2662 incursionibus
602 2613 833 2671 vexabat,
877 2615 1012 2662 caesis
1062 2615 1217 2664 tribus

192 2693 446 2740 bominum
471 2692 720 2752 millibus,
749 2693 891 2751 vicit,
918 2705 968 2741 et
993 2693 1216 2742 Judaeam

190 2773 489 2836 perlustrans
505 2805 522 2830 ,
553 2783 797 2836 quotquot
827 2772 1105 2820 inveniebat
1130 2789 1214 2820 ur-

190 2851 274 2898 bes
306 2851 529 2909 dirutas,
557 2850 786 2899 edificari
808 2851 1042 2913 jubebat;
1069 2863 1214 2916 atque

185 2930 283 2979 hoc
315 2942 467 2996 pacto
503 2933 778 2979 instaurata
808 2941 922 2979 sunt
959 2931 1213 2991 Samaria,

182 3012 409 3068 Arctus,
429 3010 767 3075 Scythopolis,
789 3010 1098 3065 Arcthedon,
1122 3012 1213 3058 Ra·

181 3089 335 3152 phin,
373 3091 542 3149 Dora,
576 3091 809 3150 Marisa,
835 3091 992 3148 Gaza,
1031 3101 1080 3137 et
1105 3090 1213 3138 alia

181 3184 284 3215 non
304 3184 507 3232 paucae,
526 3184 673 3231 quum
691 3181 804 3217 aute
822 3169 972 3232 longo
994 3181 1210 3233 tempore

182 3246 391 3295 desertae
420 3247 623 3294 fuissent
643 3267 682 3295 ι.
705 3249 828 3310 Quae
852 3247 1041 3295 urbium
1066 3258 1138 3296 tot
1162 3259 1210 3296 et

179 3336 426 3374 tantarum
454 3325 742 3373 instauratio
768 3324 875 3374 fieri
896 3341 997 3373 non
1015 3327 1178 3390 potuit
1193 3361 1209 3386 ‚

181 3407 272 3453 uisi
293 3406 654 3453 immunitatem
667 3405 879 3468 aliquam
893 3416 1208 3470 proponeret,

175 3496 222 3531 et
248 3486 468 3541 incolas,
499 3484 760 3532 exhaustos
780 3496 829 3531 et
852 3485 1070 3532 omnium
1099 3501 1207 3549 ege-

177 3580 268 3612 nos
285 3600 301 3622 ,
329 3563 650 3627 vectigalibus
669 3562 911 3610 liberaret.

245 3644 301 3690 5.
334 3643 596 3691 custodias
614 3641 985 3690 susmlie.v0mit
1010 3658 1095 3700 ne,
1122 3643 1207 3706 qui

167 3722 454 3785 publicanis
478 3722 708 3779 deberet,
736 3719 969 3768 custodiae
998 3720 1207 3769 tradere-

171 3811 269 3847 tur.
303 3802 525 3848 Lictores
552 3799 797 3847 interdum
834 3810 881 3846 et
908 3800 1206 3862 apparitores

161 3880 453 3942 publicanis
512 3877 900 3926 attribuebantur
916 3913 930 3936 ‚
996 3895 1201 3941 quorum

160 3975 324 4021 opera
344 3958 396 4004 in
415 3957 672 4021 exigendis
693 3957 999 4020 vectigalibus
1018 3968 1200 4006 uteren-

157 4048 263 4086 tut.
309 4039 541 4087 (zu-cem
584 4037 734 4084 trium
775 4052 999 4099 generum
1039 4039 1196 4097 fuere,

153 4116 380 4173 urbani,
413 4116 586 4179 quales
621 4124 739 4162 sunt
773 4126 942 4163 turres.
974 4117 1196 4178 Rustici,

154 4205 216 4242 ut
235 4193 490 4258 ergastula
517 4204 568 4241 et
593 4191 872 4254 compedes.
901 4193 1201 4258 castrenses,

1305 2219 1478 2266 volunt
1497 2219 1742 2267 custodias
1760 2236 1862 2266 esse
1881 2219 1989 2266 illas
2009 2220 2191 2269 casulas
2208 2238 2328 2287 quas

1304 2298 1551 2361 publicani
1575 2299 1650 2345 vel
1672 2299 1718 2345 iu
1741 2299 1962 2361 pontium
1984 2298 2121 2347 aditu
2135 2334 2150 2359 ,
2172 2301 2249 2348 vel
2270 2301 2322 2349 iu

1303 2377 1437 2425 exitu
1462 2376 1645 2425 viarum
1661 2411 1677 2433 ‚
1706 2376 1784 2425 vel
1812 2377 1864 2425 in
1890 2378 2113 2442 portibus
2135 2391 2322 2430 exstru-

1302 2468 1474 2504 xerant
1490 2492 1506 2516 ‚
1532 2469 1586 2505 ut
1603 2458 1716 2505 inde
1741 2457 2109 2521 publicanorum
2131 2461 2257 2507 servi
2274 2471 2324 2508 et

1300 2537 1564 2600 portitores
1583 2549 1826 2585 vecturam
1853 2548 1900 2584 et
1921 2539 2196 2601 portorium
2221 2538 2323 2587 exi-

1281 2641 1282 2644 =
1300 2627 1485 2677 gerent.

1371 2694 1420 2742 6.
1471 2692 1739 2757 Vectigales
1775 2691 1971 2741 multos.
1994 2727 2007 2739 .
2027 2728 2041 2740 .
2082 2691 2317 2742 liberavit.

1298 2773 1517 2836 Vectigal
1534 2774 1667 2821 aliud
1686 2786 1872 2823 certum
1896 2773 2163 2832 dicebatur,
2187 2774 2320 2822 aliud

1299 2853 1550 2901 incertum.
1597 2856 1794 2903 Certum
1835 2853 2035 2919 proprie
2080 2853 2316 2901 tributum

1297 2943 1395 2989 est,
1434 2931 1565 2980 unde
1596 2933 1889 2995 stipendium
1932 2932 2036 2979 dari
2078 2931 2317 2979 militibus

1295 3010 1499 3058 solebat.
1518 3010 1671 3058 Tacit.
1691 3011 1780 3061 lib.
1806 3013 1939 3061 XX:
1964 3034 1988 3053 κ
2008 3012 2135 3058 Nam
2157 3026 2315 3074 neque

1295 3090 1433 3153 quies
1452 3090 1664 3152 gentium
1686 3090 1789 3137 sine
1808 3091 1952 3136 armis
1967 3125 1981 3146 ,
2004 3106 2161 3153 neque
2185 3106 2315 3137 arma

1294 3169 1397 3215 siue
1424 3167 1707 3231 stipendiis,
1740 3184 1895 3231 neque
1932 3168 2172 3232 stipendia
2210 3168 2314 3216 siue

1295 3246 1488 3294 tributis
1516 3245 1683 3293 haberi
1721 3257 1965 3311 queunt».
2015 3246 2189 3311 Populi
2227 3245 2319 3311 qui'

1292 3325 1415 3373 illud
1435 3324 1716 3384 solvebant,
1743 3324 2030 3373 dicebantur
2048 3323 2317 3390 stipendia·

1291 3406 1372 3454 rii.
1401 3407 1644 3452 Incertum
1668 3403 1908 3467 vectigal,
1932 3403 2067 3468 quod
2094 3421 2187 3468 pro
2212 3406 2309 3453 fru-

1292 3484 1450 3532 ctibus
1474 3499 1699 3548 agrorum
1726 3494 1773 3531 et
1796 3483 1985 3547 pascuis
2007 3494 2057 3530 et
2076 3485 2309 3548 portoriis

1291 3563 1538 3629 penditur,
1567 3564 1643 3624 cuj
1650 3580 1705 3610 us
1724 3574 1881 3611 certus
1901 3579 2000 3609 esse
2019 3563 2193 3611 modus
2210 3580 2312 3611 non

1290 3654 1468 3707 potest.
1497 3642 1674 3707 Populi
1709 3643 1824 3690 huic
1865 3642 2052 3691 tributo
2081 3643 2314 3703 obnoxii,

1289 3722 1589 3770 vocabantur
1607 3723 1896 3787 vectigales.

1362 3818 1408 3862 7.
1435 3804 1539 3848 Aue
1557 3801 1811 3864 publicani
1832 3817 2031 3849 servum.
2057 3801 2309 3849 Publicani

1288 3879 1491 3927 familias
1526 3881 1756 3936 magimas
1783 3880 1833 3927 in
1860 3879 2010 3944 sylvis
2036 3879 2281 3928 habebant
2299 3921 2313 3944 ‚

1288 3960 1338 4006 in
1356 3956 1507 4022 agris,
1523 3958 1575 4004 in
1591 3957 1830 4020 portubus
1842 3995 1857 4021 ,
1872 3958 1925 4006 in
1944 3958 2195 4019 custodiis,
2213 3970 2307 4006 etc.

1286 4037 1413 4085 Vide
1431 4035 1525 4099 leg.
1548 4036 1722 4085 Manil.

1357 4118 1407 4164 8.
1463 4115 1575 4162 Non
1629 4114 1894 4164 temeritate
1951 4115 2305 4180 redempcionis.

1288 4194 1541 4245 Contraria
1596 4195 1732 4242 factis
1792 4194 2088 4258 probantur;
2133 4209 2308 4258 nempe
