2994 4778
702 394 1324 463 onAT1oPRo
1365 396 1441 462 P.
1494 395 1895 465 sssx‘rlo.
2230 423 2362 496 109

234 548 275 583 α
293 521 401 589 Re
434 514 690 600 dubia,
721 540 857 587 nec
884 513 1230 586 dubitarit
1261 516 1477 585 vitam
1513 513 1817 601 offerre,
1846 542 1977 589 nec
2006 524 2218 618 capiti
2244 546 2364 620 pe·

242 631 615 725 percerit».
652 630 818 696 Haec
842 626 1130 722 quantis
1148 623 1238 695 ab
1263 624 1387 695 illo
1423 623 1858 709 clamoribus
1876 623 1906 669 ⁸
1932 628 2363 724 agebantur?

241 761 465 833 quum
532 737 728 831 jam,
791 738 1056 806 omisso
1091 750 1334 831 gestu,
1395 732 1632 805 verbis
1686 750 1961 832 poetae,
2002 752 2074 809 et
2122 741 2358 813 studio

236 848 537 933 actoris,
593 860 669 918 et
706 846 1218 943 exspectationi
1256 859 1515 915 nostrae
1558 845 2063 942 plauderetur?
2095 877 2129 912 α
2153 854 2360 922 Sum-

233 982 435 1027 mum
487 960 805 1026 amicum
833 1007 851 1040 ,
897 979 1180 1025 summo
1216 957 1293 1024 in
1336 953 1701 1024 bello»-
1726 954 1754 1050 (
1783 980 1952 1026 nam
1990 955 2169 1028 illud
2211 960 2360 1057 ipse

229 1080 431 1137 actor
459 1063 909 1162 adjungebat
931 1075 964 1123 9
1000 1064 1227 1135 amico
1264 1066 1540 1151 animo,
1583 1079 1655 1134 et
1691 1061 2011 1136 fortassis
2039 1065 2366 1141 homines

232 1192 541 1299 propter
592 1173 887 1272 aliquod
933 1173 1361 1245 desiderium
1413 1174 1967 1272 approbabant)
2013 1207 2047 1243 α
2079 1203 2366 1252 summo

231 1287 530 1383 ingenio
572 1284 975 1383 praeditum.
990 1315 1023 1350 υ

323 1400 549 1468 LVII.
570 1399 756 1465 Tum
791 1393 939 1480 ina,
970 1408 1244 1490 quanto
1281 1418 1446 1464 cum
1481 1399 1755 1490 gemitu
1791 1396 2044 1494 populi
2079 1400 2363 1469 romani

228 1506 317 1577 ab
360 1504 634 1577 eodem
664 1503 908 1601 paullo
946 1517 1106 1600 post
1134 1506 1210 1574 in
1244 1501 1495 1575 eadem
1533 1502 1773 1575 fabula
1809 1522 1978 1577 sunt
2020 1508 2215 1579 acta?
2244 1514 2366 1580 «Ο

231 1612 512 1713 pater¹l
538 1644 695 1680 s·—
720 1616 875 1699 Me,
901 1637 1018 1683 me
1053 1612 1171 1682 ille
1206 1612 1622 1699 absentem,
1650 1628 1732 1684 ut
1760 1629 2075 1712 patrem,
2121 1617 2368 1718 deplo-

229 1725 539 1797 randum
576 1721 949 1820 putabat2‚
991 1746 1209 1818 quem
1242 1725 1329 1811 Q.
1362 1722 1692 1808 Catulus,
1732 1748 1951 1819 quem
1996 1727 2205 1797 multi
2245 1728 2362 1799 alii

229 1832 410 1932 saipe
469 1836 578 1929 in,
614 1847 866 1903 senatu
927 1846 1199 1928 patrem
1247 1832 1489 1929 patriae
1541 1835 2013 1904 nominarant.
2065 1839 2359 1926 Quanto

230 1968 386 2014 cum
436 1943 623 2014 fletu
666 1941 757 2012 de
800 1941 937 2011 inis
978 1944 1240 2011 nostris
1289 1940 1638 2011 incendiis
1683 1966 1766 2014 ac
1817 1945 2074 2032 ruinis,
2127 1971 2357 2042 quum

230 2068 503 2151 patrem
535 2052 861 2150 pulsum,
899 2052 1196 2147 patriam
1234 2049 1569 2121 afflictam
1598 2050 2022 2147 deploraret,
2057 2052 2356 2129 domum

230 2168 592 2235 incensam
612 2216 633 2245 ,
665 2161 1173 2257 eversamque?
1204 2161 1317 2231 Sic
1352 2162 1495 2256 egit
1518 2214 1538 2244 ‚
1580 2173 1663 2230 ut
1696 2160 2181 2235 demonstrata
2212 2169 2353 2263 pri-

234 2277 406 2344 stina
443 2273 776 2356 fortuna,
804 2295 1032 2368 quum
1068 2296 1143 2342 se
1172 2270 1671 2356 convertisset,
1694 2274 1905 2342 «Haec
1932 2275 2175 2345 omnia
2210 2276 2354 2347 vidi

234 2385 765 2459 inflammariz.»
792 2428 890 2440 —-
928 2383 1177 2456 fletum
1217 2384 1430 2455 etiam
1479 2384 1786 2476 inimicis
1825 2400 2044 2481 atque
2096 2389 2354 2463 invidis

234 2495 635 2568 excitaret³.
703 2493 940 2579 Proh,
993 2493 1095 2563 dii
1138 2491 1604 2564 immortales!
1647 2493 1870 2591 quid?
1930 2496 2043 2567 illa
2095 2523 2351 2594 quem·

228 2606 613 2676 admodum
664 2605 848 2675 dixit
888 2603 1131 2674 idem?
1178 2627 1337 2699 quae
1378 2601 1560 2673 mihi
1599 2602 1897 2700 quidem
1947 2606 2043 2675 ita
2082 2621 2158 2677 et
2197 2624 2353 2680 acta

227 2719 576 2815 ctscripta
606 2714 949 2785 videntur
967 2737 1151 2795 esse,
1182 2727 1264 2782 ut
1292 2711 1403 2782 vel
1434 2736 1476 2783 a
1514 2713 1771 2784 Catulo
1787 2713 1843 2800 ⁴,
1871 2715 1929 2784 si
1957 2717 2348 2804 revixisset,

223 2828 556 2923 praeclare
597 2849 812 2923 posse
854 2822 995 2893 dici
1037 2821 1471 2892 viderentur.
1516 2828 1584 2893 Is
1619 2824 1804 2893 enim
1847 2822 2067 2895 libere
2102 2850 2348 2924 repre-

219 2935 582 3022 hendere,
618 2948 692 3006 et
724 2957 1055 3004 accusare
1094 2931 1344 3029 populi
1381 2955 1935 3027 nonnumquam
1980 2938 2342 3008 temerita-

281 3152 343 3199 ⁸.
392 3147 709 3197 clas-oribus.
746 3147 864 3197 Non
907 3145 1085 3198 actoris
1100 3178 1115 3204 ,
1155 3143 1240 3192 sed

213 3228 409 3294 rorali-

283 3326 337 3372 9.
357 3307 691 3372 Adjungebae.
709 3308 786 3353 De
802 3320 893 3352 suo
905 3340 919 3363 ‚
936 3320 1038 3352 non
1050 3320 1078 3350 a
1098 3313 1240 3368 poeta

214 3391 477 3453 scriptum:
498 3403 639 3446 nam,
660 3408 686 3428 κ
700 3401 889 3432 summo
908 3383 1103 3446 ingenio
1125 3398 1239 3446 prae-

216 3467 369 3515 ditum
385 3491 411 3509 ι·
426 3503 441 3524 ,
464 3483 568 3514 non
586 3467 656 3512 ita
673 3463 992 3513 conveniebat
1009 3463 1060 3508 in
1080 3461 1238 3508 homi-

216 3561 321 3593 nem
351 3545 637 3606 militarem,
679 3543 740 3590 de
777 3557 875 3606 quo
909 3543 1129 3605 proxima
1157 3557 1235 3588 su-

218 3627 401 3687 periora
425 3625 557 3672 dicta
585 3632 733 3680 sunt3
763 3631 818 3668 ut
840 3621 893 3666 in
920 3621 1232 3676 Ciceronem,

214 3704 301 3765 qni
338 3720 502 3751 omnes
536 3703 669 3750 inter
707 3700 841 3747 cives
874 3698 1054 3761 ingenii
1092 3697 1233 3746 laude

216 3782 507 3846 scientiaque
525 3779 792 3828 eminebat.

290 3859 427 3908 LVII.
447 3879 490 3909 ι.
515 3863 561 3908 Ο
565 3870 733 3924 pater.
745 3859 906 3904 Voces
922 3855 1076 3903 iuaein
1097 3856 1234 3903 tertia

211 3939 587 3987 Tusculanarum
621 3945 913 3992 occurrunt,
950 3950 1056 3997 cap.
1096 3950 1159 3982 20
1185 3945 1233 3982 et

212 4033 298 4066 αι.
322 4021 446 4067 Octo
470 4021 616 4066 etiam
638 4031 807 4064 versus
824 4014 996 4063 Cicero
1016 4015 1159 4061 refert
1175 4030 1236 4060 ex

207 4097 353 4144 Ennii
369 4095 718 4147 Andromache
737 4093 1044 4157 desumptus,
1060 4092 1237 4156 quibus

1326 3143 1500 3191 infelix
1545 3144 1723 3192 femina
1772 3156 1956 3192 sortem
1997 3161 2133 3193 susm
2181 3146 2342 3196 deflet.

1327 3226 1510 3271 Versus
1534 3223 1604 3270 illi
1631 3224 1700 3271 sic
1721 3223 1962 3288 incipiunt
1982 3240 2012 3270 ο
2028 3236 2186 3289 pater,
2209 3243 2238 3273 ο
2253 3244 2345 3290 pa-

1327 3302 1456 3364 tria,
1497 3314 1591 3350 etc.
1627 3318 1717 3351 nee
1761 3303 1934 3350 mirum
1971 3303 2012 3350 si
2051 3304 2112 3351 ab
2145 3303 2344 3355 homino

1327 3380 1627 3441 dicerentur,
1688 3397 1797 3429 nam
1846 3383 2017 3429 Rome
2059 3383 2342 3433 feminarum

1322 3476 1578 3525 personam
1604 3460 1694 3507 viri
1716 3459 1936 3524 agebant.

1394 3555 1442 3588 2.
1465 3539 1686 3587 Putabat.
1715 3540 1794 3586 Al.
1809 3549 2030 3603 putarat.
2059 3540 2112 3588 J.
2131 3541 2196 3590 V.
2224 3545 2277 3590 1..

1393 3621 1440 3667 3.
1480 3617 1748 3667 Excitaret.
1786 3621 1896 3666 Hoc
1927 3619 1995 3666 ait
2021 3619 2240 3682 Tullius,
2266 3623 2342 3671 vel

1320 3697 1454 3762 quod
1483 3715 1644 3746 revera
1677 3697 1862 3755 evenit,
1896 3697 1972 3745 vel
2003 3697 2141 3761 quod
2172 3717 2340 3763 graves

1319 3777 1611 3825 calamitates
1644 3777 1933 3824 miserabiles
1964 3778 2109 3825 etiam
2135 3779 2342 3830 inimicis

1320 3855 1563 3919 appellare
1587 3869 1894 3905 consuetum.

1328 3969 1331 3970 ν
1394 3944 1441 3990 4.
1470 3937 1519 3981 A
1548 3934 1736 3982 Catulo.
1761 3938 1965 3983 Senatus
1986 3937 2234 4002 principe,
2256 3942 2345 4005 qui

1321 4013 1449 4062 obiit
1488 4014 1615 4062 iuter
1653 4015 1901 4067 Ciceronis
1945 4017 2250 4067 consulatum
2292 4030 2341 4067 et

1322 4091 1560 4142 exsilium.
