2994 4778
522 449 913 518 ORATIO
963 452 1163 518 PRO
1214 453 1488 521 REGE
1539 452 2093 519 DEJOTARO.
2207 447 2351 519 613

230 568 567 641 audiente
606 583 678 640 et
722 568 1164 668 disceptante
1219 586 1288 642 te
1306 566 1363 656 ⁸,
1408 585 1749 668 quantam
1809 569 1985 639 mihi
2036 571 2351 642 alacrita-

231 695 379 751 tem
434 679 684 778 populi
747 682 1025 750 romani
1086 705 1482 752 concursus
1533 679 1865 758 afferret?
1926 681 2105 768 Quis
2163 681 2351 749 enim

230 790 405 860 civis
454 790 519 859 ei
574 790 729 886 regi
775 812 926 859 non
980 787 1282 878 faveret,
1342 791 1550 885 cujus
1601 813 1893 860 omnem
1950 803 2229 860 aetatem
2279 793 2355 860 in

231 897 485 994 populi
542 903 824 968 romani
875 896 1081 970 bellis
1125 913 1625 997 consumptam
1674 924 1826 970 esse
1880 899 2362 970 meminisset?

229 1011 644 1104 Spectarern
688 1010 992 1095 curiam,
1045 1010 1366 1081 intuerer
1418 1008 1658 1081 forum
1681 1063 1700 1096 ‚
1752 1008 1997 1080 caelum
2045 1006 2359 1105 denique

213 1132 534 1189 'testarer
574 1119 832 1214 ipsum.
885 1121 1031 1206 Sic,
1080 1143 1308 1214 quum
1345 1133 1417 1190 et
1453 1119 1755 1191 deorum
1806 1118 2356 1202 immortalium,

229 1241 307 1298 et
364 1228 619 1325 populi
679 1229 999 1313 romani,
1071 1243 1146 1298 et
1212 1243 1502 1301 senatus
1558 1227 1911 1301 beneficia
1983 1232 2059 1299 in
2114 1254 2356 1325 regem

227 1338 651 1431 Dejotarum
688 1335 1124 1423 recordarer,
1185 1337 1389 1408 nullo
1426 1337 1647 1409 modo
1690 1337 1865 1408 mihi
1902 1337 2147 1410 deesse
2189 1363 2357 1435 pos-

230 1462 338 1518 set
383 1450 636 1517 oratio.
678 1449 854 1536 Quae
891 1449 1236 1542 quoniam
1275 1449 1689 1543 angustiora
1719 1448 2023 1544 parietes
2057 1444 2359 1532 faciunt,

228 1557 567 1652 actioque
617 1579 845 1627 causae
901 1557 1205 1627 maxime
1257 1556 1676 1628 debilitatur
1721 1556 1920 1644 loco;
1977 1571 2180 1627 tuum
2227 1571 2360 1641 est,

230 1669 486 1750 Caesar,
526 1667 654 1762 qui
695 1689 829 1763 pro
862 1665 1107 1737 multis
1151 1691 1338 1764 saepe.
1374 1667 1614 1738 dixisti
1631 1678 1688 1753 9,
1729 1665 1904 1764 quid
1952 1691 2147 1737 nunc
2183 1666 2359 1736 mihi

228 1777 451 1845 animi
469 1776 583 1861 sit,
610 1773 698 1845 ad
716 1776 1036 1872 teipsum
1066 1773 1334 1847 referre
1352 1785 1451 1864 ¹⁰3
1479 1799 1629 1873 quo
1654 1773 1928 1846 facilius
1955 1788 2110 1844 tum
2139 1776 2362 1870 aequi-

236 1899 345 1956 tas
380 1898 541 1969 tua,
580 1898 735 1955 tum
779 1883 1118 1956 audiendi
1151 1883 1516 1982 diligentia
1546 1886 1819 1955 minuat
1854 1885 2040 1956 hanc
2076 1898 2358 1982 pertur-

226 1993 601 2068 bationem
647 2018 904 2067 meam.
1312 1989 1315 1992 ¹
1777 2075 1780 2078 ,

325 2108 468 2186 Sed
500 2122 889 2205 antequam
936 2108 1026 2179 de
1075 2111 1530 2181 accusatione
1566 2111 1721 2207 ipsa
1759 2108 1964 2193 dice,
2020 2108 2111 2179 de
2148 2133 2357 2179 accu-

226 2231 700 2316 satorum'spe
731 2242 956 2316 pauca
987 2218 1241 2290 dicam.
1275 2221 1422 2310 Qui
1450 2244 1679 2315 quum
1710 2219 2091 2289 videantur
2119 2243 2358 2315 neque

227 2329 520 2427 ingenio
540 2381 560 2415 ‚
590 2352 828 2425 neque
856 2353 991 2400 usu
1023 2343 1243 2425 atque
1272 2330 1788 2401 exercitatione
1817 2351 2057 2398 rerum
2090 2327 2359 2408 valere,

226 2454 477 2510 tamen
520 2437 610 2509 ad
648 2438 837 2510 hanc
877 2464 1161 2510 causam
1209 2464 1358 2509 non
1405 2442 1559 2510 sine
1601 2438 1838 2535 aliqua
1880 2461 2007 2534 spe
2045 2451 2116 2508 et
2162 2437 2358 2532 cogi-

227 2549 504 2624 tatione
539 2563 921 2619 venerunt.

329 2662 455 2737 111,
520 2663 792 2729 Iratum
864 2673 935 2729 te
992 2661 1141 2756 regi
1203 2659 1591 2753 Dejotaro¹
1662 2656 1879 2728 fuisse
1944 2680 2089 2726 non
2155 2670 2360 2725 erant

227 2882 333 2916 uon
367 2876 478 2913 ante
504 2864 720 2929 potuisse
748 2861 1043 2923 confirmari,
1068 2873 1247 2912 tectum

228 2958 281 2996 et
304 2944 510 3009 parietes
537 2942 902 3001 desiderantem,
924 2957 1070 3006 quam
1097 2943 1249 3006 impe-

228 3022 407 3083 travit,
445 3031 499 3069 ut
520 3020 757 3082 iudicium
786 3038 849 3069 ex
873 3021 982 3068 foro
1005 3021 1057 3067 iu
1079 3020 1251 3069 basili-

227 3118 337 3150 cam
379 3101 732 3149 transferretur.
772 3100 937 3164 Usque
971 3114 1031 3147 eo
1059 3098 1252 3162 ingenia

227 3182 282 3229 in
320 3179 619 3229 scholasticis
664 3178 1093 3226 exercitationibus
1130 3177 1251 3225 deli-

228 3271 338 3308 cate
363 3262 658 3317 nutriuntur,
693 3268 749 3305 ut
785 3256 1043 3304 clamorem
1064 3290 1080 3316 ‚
1106 3256 1251 3303 silen-

230 3342 353 3388 tium
370 3373 386 3399 ‚
431 3339 579 3386 risum
598 3372 613 3394 ,
672 3335 842 3383 celum
892 3335 1104 3399 denique
1149 3333 1251 3399 pati

228 3428 472 3484 nequeant
488 3437 533 3463 ι.
559 3414 684 3463 Vide
710 3414 772 3463 de
792 3414 966 3479 optim.
988 3429 1096 3485 gen.
1115 3415 1251 3463 Orat.

227 3512 340 3560 cap.
368 3505 417 3553 4.

300 3577 349 3625 8.
382 3572 697 3636 Disceptante
728 3583 793 3620 ee.
832 3570 890 3618 Id
929 3581 1028 3631 est,
1068 3588 1169 3619 rem
1201 3580 1251 3619 et

227 3654 514 3701 sententiam
543 3649 843 3698 moderante.

299 3749 354 3795 9.
379 3734 475 3778 Pro
492 3731 651 3777 mulee's
674 3744 803 3794 soepe
821 3726 1009 3777 dixisti.
1038 3730 1239 3778 Sueton.

228 3826 342 3876 cap.
374 3811 467 3859 55:
503 3812 656 3857 «Post
693 3810 1053 3857 accusationem
1093 3809 1244 3856 Dola·

224 3889 369 3937 bella
399 3888 532 3936 haud
566 3886 713 3935 dubie
746 3888 1003 3952 praecipuis
1029 3888 1247 3951 patronis

228 3979 571 4016 annumeratus
604 3977 675 4014 est
694 3988 737 4013 ιι.
765 3969 860 4015 Pro
888 3968 1078 4031 Ligario
1097 4003 1111 4027 ,
1138 3983 1244 4031 cap.

1415 2881 1490 2913 10.
1513 2866 1600 2913 Ad
1616 2876 1663 2913 te
1684 2864 1835 2928 Ipsum
1854 2861 2055 2928 referre.
2072 2865 2236 2926 Quum
2257 2863 2356 2912 loci

1336 2944 1570 3008 angustiis
1589 2943 1853 3008 impeditus
1871 2955 1919 2990 et
1937 2943 2228 2991 constrictus
2247 2943 2356 3006 sim,

1336 3030 1384 3068 et
1407 3021 1597 3068 solitam
1621 3022 1955 3085 frequentiam,
1971 3021 2166 3068 solitum
2183 3021 2354 3069 caelum

1338 3100 1584 3163 requirant
1611 3100 1743 3147 oculi
1771 3101 1896 3155 mei,
1942 3111 2079 3146 tuum
2110 3110 2214 3158 est,
2255 3101 2359 3148 Cae-

1338 3195 1432 3237 sar,
1459 3194 1552 3242 pro
1578 3188 1663 3225 tuo
1693 3177 1888 3226 dicendi
1914 3194 2026 3235 usu,
2047 3194 2174 3225 meas
2198 3190 2359 3244 partes

1336 3255 1496 3319 ipsum
1516 3255 1741 3319 implere,
1776 3256 1896 3319 quid
1922 3271 2052 3303 nunc
2072 3256 2191 3303 mihi
2208 3258 2358 3306 animi

1340 3334 1433 3391 sit,
1467 3350 1533 3382 ex
1558 3346 1646 3382 tuo
1674 3350 1815 3382 sensu
1836 3334 2080 3396 judicare,
2102 3352 2212 3399 quae
2241 3354 2357 3386 sen-

1341 3412 1456 3460 tiam
1494 3414 1656 3477 ipsum
1695 3414 1902 3472 sentire,
1942 3424 1991 3463 et
2015 3415 2272 3478 supplere,
2307 3429 2358 3467 et

1340 3494 1555 3557 cogitare
1605 3492 1728 3556 quid
1777 3491 1962 3539 diceres
1993 3529 2009 3554 ,
2079 3494 2120 3541 ai
2173 3505 2356 3544 tantam

1339 3587 1531 3619 causam
1593 3587 1696 3618 non
1757 3570 1810 3617 in
1851 3571 1968 3619 *foro
1994 3606 2010 3630 ‚
2077 3572 2164 3620 sed
2225 3574 2350 3622 intra

1336 3652 1556 3715 privatos
1584 3650 1795 3716 parietes
1826 3666 2088 3715 perorares.
2133 3655 2206 3699 Ita
2245 3651 2355 3714 fiet,

1336 3741 1392 3777 ut
1419 3747 1520 3777 mea
1544 3730 1648 3778 haec
1675 3730 1977 3794 perturbatio
2010 3730 2173 3779 clienti
2196 3732 2356 3781 minus

1312 3806 1319 3815 “
1331 3818 1522 3857 noceat.

1403 3889 1494 3934 111.
1544 3903 1586 3933 1.
1642 3888 1826 3933 tracum
1868 3897 1915 3935 ee
1957 3885 2061 3950 regi
2095 3886 2352 3950 Dejoearo.

1335 3964 1553 4029 Philipp.
1578 3966 1650 4012 11:
1676 3987 1700 4005 .
1721 3965 1843 4027 Quis
1862 3965 1991 4012 euim
2016 3966 2242 4029 cuiquam
2265 3969 2354 4015 ini-

242 4061 334 4099 to:
363 4048 608 4104 «Causas,
647 4045 822 4101 Caesar,
862 4047 939 4109 egi
965 4047 1166 4104 multas,
1201 4055 1248 4093 et
1341 4046 1531 4102 micior,
1559 4061 1702 4108 qnam
1738 4046 1970 4107 Deiotaro
2003 4042 2197 4095 Caeaar?
2223 4065 2359 4113 aeque

231 4125 429 4188 quidem
450 4135 606 4172 tecum
624 4156 638 4180 ‚
665 4121 780 4170 dum
811 4133 859 4170 te
887 4124 938 4170 in
969 4125 1078 4174 soro
1098 4125 1265 4173 tenuit·
1341 4137 1484 4190 atque
1528 4124 1644 4171 huic
1684 4124 1845 4173 ordini
1863 4159 1877 4182 ,
1919 4136 1974 4172 ut
2016 4128 2224 4189 equestri
2246 4162 2260 4183 ‚
2303 4140 2359 4176 ut

232 4205 355 4253 ratio
377 4204 620 4252 honorum
649 4214 841 4251 tuorum
858 4224 903 4252 ιι.
1347 4203 1730 4252 Massiliensibus
1752 4237 1766 4260 ‚
1814 4214 1872 4251 ut
1916 4203 2145 4251 omnibns
2186 4206 2365 4269 quibus
