2994 4778
679 386 1063 457 ORATIO
1113 387 1315 454 PRO
1368 386 1457 472 Q.
1508 382 1963 450 LIGARIO.
2247 379 2379 450 601

262 510 584 584 cessariis
638 512 818 595 suis,
875 504 1002 576 sed
1059 504 1271 576 etiam
1330 501 1737 600 reipublicae
1790 500 2314 572 condonaveris
2335 499 2385 571 ⁸.

258 629 396 694 Fac
420 621 662 716 igitur,
700 615 902 713 quod
939 614 1029 686 de
1062 614 1357 685 homine
1384 611 1837 684 nobilissimo
1865 626 1937 684 et
1965 611 2354 682 clarissimo
2371 665 2390 697 ,

258 736 359 801 Μ.
388 727 763 813 Marcello,
788 715 1014 796 fecisti
1051 749 1290 822 nuper
1314 726 1389 794 in
1423 723 1654 808 curia,
1683 747 1879 794 nunc
1907 720 2099 793 idem
2125 722 2200 791 in
2228 720 2387 792 soro

261 843 355 914 de
412 841 702 938 optimis
767 853 840 910 et
894 836 1062 908 huic
1123 839 1324 906 omni
1384 834 1806 933 frequentiae
1865 832 2389 932 probatissimis

261 950 620 1023 fratribus.
679 954 778 1021 Ut
826 948 1238 1018 concessisti
1298 945 1501 1016 illum
1548 947 1865 1030 senatui,
1912 946 2014 1015 sic
2050 942 2140 1013 da
2189 943 2389 1015 hunc

263 1061 537 1158 populo
553 1071 607 1146 9,
665 1058 873 1153 cujus
930 1056 1378 1126 voluntatem
1435 1055 1869 1126 carissimam
1934 1077 2218 1151 semper
2269 1052 2390 1124 ha-

260 1169 582 1242 buisti10.
610 1173 734 1256 Et,
785 1169 843 1237 si
885 1166 1008 1237 ille
1045 1164 1195 1235 dies
1236 1164 1369 1237 tibi
1414 1165 2070 1263 gloriosissimus¹¹‚
2110 1163 2388 1261 populo

260 1303 568 1350 romano
633 1276 1072 1375 gratissimus
1125 1274 1297 1361 fuit,
1365 1275 1548 1362 noli,
1607 1273 1947 1361 obsecr0,
2008 1272 2341 1345 dubitare
2365 1328 2385 1360 ,

261 1394 341 1462 C.
377 1394 631 1474 Caesar,
665 1387 967 1459 similem
1000 1386 1099 1457 illi
1147 1386 1389 1481 gloriae
1433 1385 1718 1456 laudem
1750 1409 1965 1482 quam
2003 1384 2387 1481 saepissime

260 1508 683 1596 quaererem.
723 1495 918 1569 Nihil
949 1509 1056 1566 est
1093 1497 1286 1565 enim
1325 1508 1468 1565 tam
1512 1496 1860 1594 populare
1882 1550 1902 1580 ,
1934 1520 2152 1593 quam
2184 1494 2390 1565 boni·

262 1622 404 1694 tas;
441 1593 634 1678 milla
663 1606 753 1678 de
778 1603 1164 1676 virtutibus
1192 1607 1333 1675 tuis
1356 1605 1688 1702 plurimis
1717 1630 1851 1677 nec
1878 1603 2386 1688 admirabilior,

261 1740 398 1788 nec
449 1720 714 1814 gratior
757 1714 1248 1785 misericordia
1294 1729 1422 1786 est.
1470 1717 1816 1786 Homines
1855 1718 2046 1786 enim
2087 1714 2176 1785 ad
2213 1713 2388 1785 deos

260 1824 460 1896 nulla
494 1850 572 1897 re
620 1825 919 1922 propius
956 1822 1344 1911 accedunt,
1379 1848 1600 1920 quam
1634 1822 1934 1895 salutem
1968 1823 2389 1896 hominibus

261 1931 607 2004 dand013.
646 1933 839 2004 Nihil
887 1931 1106 2003 habet
1154 1956 1289 2003 nec
1341 1930 1636 2004 fortuna
1680 1948 1804 2004 tua
1840 1935 2113 2029 majm,
2166 1959 2383 2032 quam

261 2058 344 2113 ut
386 2045 657 2141 possis3
696 2067 831 2114 nec
872 2057 1128 2114 natura
1165 2056 1287 2112 tua
1317 2044 1612 2132 melius,
1653 2068 1871 2141 quam
1916 2057 2000 2114 ut
2033 2044 2210 2116 velis
2245 2070 2388 2116 ser·

259 2163 513 2225 vare¹4
564 2178 782 2252 quam
815 2151 1270 2252 plurimos¹⁵.

357 2268 788 2362 Longiorem
828 2264 1227 2334 orationem
1266 2286 1477 2334 causa
1519 2261 1812 2334 forsitan
1852 2263 2169 2360 postulat
2191 2317 2210 2347 ‚
2263 2279 2389 2335 tua

263 2391 459 2449 certe
494 2391 753 2447 natura
782 2374 1189 2446 breviorem
1211 2367 1296 2443 ¹⁶.
1321 2377 1588 2465 Quare,
1603 2398 1833 2470 quum
1849 2374 2091 2446 utilius
2106 2401 2259 2447 esse
2283 2401 2390 2447 ar·

334 2544 382 2593 8.
421 2540 794 2592 condonas-eris.
826 2542 1027 2592 Cesar-is
1062 2540 1276 2589 animum

258 2621 512 2684 accendit,
530 2619 667 2685 quod
688 2619 769 2668 bic
796 2635 899 2668 non
928 2619 990 2666 de
1014 2620 1199 2685 privata
1226 2636 1277 2668 re

258 2711 430 2764 agatur
448 2736 464 2762 ,
488 2698 572 2747 sed
608 2699 669 2746 de
710 2698 924 2746 hominis
960 2698 1113 2746 salute
1130 2734 1144 2757 ,
1166 2714 1276 2763 quae

260 2790 415 2828 totam
432 2795 584 2843 remp.
599 2778 765 2826 latitia
783 2777 1061 2841 perfundet.
1140 2795 1144 2799 ⁴

333 2876 385 2921 9.
406 2859 603 2922 Populo.
627 2858 728 2920 Qui
745 2857 960 2905 tribunal
988 2868 1123 2909 tuum
1140 2858 1273 2905 obsi·

260 2936 375 2997 det,
399 2936 523 2985 adeo
550 2953 643 3002 pro
668 2936 860 3001 Ligario
886 2948 1241 2984 commovetur.

342 3030 416 3063 ιο.
459 3014 760 3064 Carissimum
814 3030 1001 3080 semper·
1050 3014 1275 3062 habuisti.

258 3097 426 3157 Quum
453 3094 735 3159 popularem
771 3094 897 3142 viam
934 3096 987 3142 in
1030 3094 1276 3159 republica

202 3182 209 3189 ·
257 3173 638 3221 administranda
664 3176 726 3221 sit
745 3189 933 3238 semper
956 3185 1214 3237 sequutus,
1232 3182 1280 3220 et

256 3253 357 3300 hoc
386 3262 625 3317 praetextu
645 3253 787 3301 civile
808 3254 990 3302 bellum
1020 3252 1278 3317 inceperit,

255 3344 317 3379 ut
342 3332 517 3380 violata
536 3333 841 3381 tribunorum
863 3335 970 3394 jura
998 3343 1169 3381 contra
1190 3347 1278 3397 po·

258 3411 467 3460 tentinm
485 3412 800 3461 ambitionem
820 3423 1048 3461 tueretur.

340 3508 359 3539 1
376 3507 420 3539 1.
463 3490 571 3540 Tibi
606 3490 989 3555 gloriosissimus.
1032 3491 1084 3540 Si
1125 3492 1279 3539 maxi-

259 3586 388 3618 mam
437 3571 526 3618 tibi
571 3569 773 3633 gloriam
819 3571 1047 3635 peperisti
1065 3605 1079 3628 ,
1128 3587 1278 3634 quum

256 3650 547 3700 Marcellum
583 3650 752 3714 patriae
786 3661 836 3698 et
865 3651 1054 3698 senatui
1079 3649 1272 3698 condo-

258 3732 413 3788 nasti,
452 3747 513 3778 ne
553 3729 722 3778 dubita
759 3745 924 3794 panem
959 3730 1049 3777 tibi
1086 3729 1276 3777 laudem

257 3794 356 3858 boc
385 3809 487 3868 die,
514 3808 654 3857 simili
686 3808 1013 3858 benivolentia
1029 3844 1044 3868 ‚
1065 3825 1278 3873 quaerere

257 3907 317 3938 ac
353 3905 652 3953 comparare.
687 3890 767 3937 Sic
804 3906 891 3954 spe
932 3889 1100 3947 famae,
1140 3889 1278 3949 cnjus

258 3981 362 4017 erat
388 3971 545 4018 Caesar
570 3967 941 4032 cupidissimus,
965 3986 1075 4017 enm
1101 3967 1162 4015 ad
1188 3967 1280 4014 mi·

259 4048 567 4097 sericordiatn
595 4048 814 4113 impellit.

342 4143 421 4175 sa.
446 4130 687 4191 Quaerere.
711 4126 827 4174 Noli
852 4126 903 4173 in
922 4127 1003 4175 illa
1022 4126 1280 4192 quaerenda

1365 2540 1510 2589 lande
1541 2557 1772 2605 umquam
1807 2540 2075 2606 defatigari.
2111 2544 2266 2589 Totus
2302 2541 2385 2590 ille

1365 2620 1507 2668 locus
1560 2619 1870 2668 nobilissimis
1921 2619 2140 2668 sensibus
2180 2622 2384 2669 refertus

1364 2710 1463 2762 est,
1502 2710 1549 2747 et
1590 2716 1762 2765 magua
1801 2699 1997 2764 quidem
2032 2699 2295 2763 eloquendi
2335 2703 2384 2747 vi

1364 2778 1644 2826 enuntiatis.

1442 2857 1501 2904 13
1514 2890 1527 2903 .
1547 2855 1761 2904 Salutem
1780 2856 2043 2905 hominibus
2057 2857 2248 2906 dando.
2269 2859 2385 2906 Sen-

1364 2936 1529 2984 tentiae
1561 2934 1657 2983 311ae
1688 2945 1952 2984 occurrunt
1980 2937 2156 3000 passim
2175 2937 2227 2985 in
2253 2949 2380 2987 orat.

1364 3032 1457 3080 pro
1478 3014 1741 3070 Marcello,
1760 3015 2122 3079 praesertimque
2141 3016 2282 3064 tertio
2305 3033 2380 3064 ca-

1370 3095 1471 3159 pite
1502 3095 1829 3142 continentnr.
1855 3097 1913 3141 In
1941 3095 2166 3143 eumdem
2190 3113 2384 3145 sensum

1368 3174 1624 3224 Claudian.
1656 3173 1717 3220 de
1752 3184 1927 3236 quarto
1963 3175 2172 3221 Honorii
2207 3192 2384 3225 consu·

1366 3254 1466 3301 latu
1486 3267 1500 3300 :
1525 3274 1551 3293 α
1571 3252 1645 3301 Sis
1671 3252 1783 3316 pius
1808 3253 1860 3300 in
1880 3252 2074 3315 primis;
2097 3269 2208 3300 nam
2234 3271 2384 3318 quum

1365 3334 1619 3380 vincamur
1641 3331 1704 3380 ab
1727 3332 1864 3379 omni
1887 3332 2119 3395 Munere,
2143 3333 2245 3380 sola
2270 3334 2387 3382 deos

1365 3423 1525 3477 oequat
1550 3412 1800 3459 clementia
1827 3410 2032 3459 nobisn.

1442 3499 1528 3548 14.
1567 3488 1650 3539 Sic
1689 3490 1978 3555 Quintilian.
2017 3493 2121 3551 lx,
2160 3501 2219 3553 4,
2269 3508 2381 3554 ¹07·

1366 3572 1450 3620 Al.
1470 3587 1771 3619 conservare.

1446 3650 1528 3700 is.
1577 3653 1738 3714 Quam
1782 3646 2036 3713 plin-imos.
2084 3651 2175 3697 His
2223 3649 2382 3697 verbis

1368 3730 1575 3778 maxima
1594 3746 1706 3777 cnm
1726 3730 2054 3776 concinnitate
2078 3741 2128 3777 et
2147 3728 2381 3791 elegantia

1366 3809 1739 3872 complectitur,
1779 3809 1899 3871 quid
1926 3808 2144 3872 potentia
2173 3808 2385 3855 clemen-

1367 3888 1530 3951 tiaque
1550 3887 1601 3934 in
1622 3902 1772 3934 unum
1803 3888 2077 3948 conjunctae
2105 3887 2297 3951 possint
2321 3887 2385 3935 ad

1367 3978 1638 4014 ceterorum
1663 3965 1863 4013 salutem
1892 3964 2207 4013 retinendam.

1445 4045 1526 4094 16.
1557 4046 1746 4092 Natura
1766 4043 2037 4091 breviorem.
2060 4047 2226 4107 Quum
2245 4047 2386 4092 mise·

1370 4123 1577 4173 ricordia
1605 4136 1687 4174 tna
1710 4139 1966 4172 occurrere
1991 4125 2095 4188 ipsa
2122 4124 2245 4172 solet
2273 4140 2385 4187 sup-
