2994 4778
597 380 740 453 638
1223 391 1321 459 Μ.
1371 393 1447 459 Τ.
1508 394 2074 470 CICERONIS

602 506 840 575 animo
885 532 901 574 :
948 506 1151 602 quod
1202 513 1354 581 scio
1421 527 1492 583 te
1549 539 1699 585 non
1759 514 2024 591 frustra
2091 521 2402 593 scribere
2470 527 2718 598 soleress

597 615 894 684 Memini
929 617 1122 686 enim
1167 619 1422 690 iisdem
1467 621 1618 695 fere
1655 625 1894 700 verbis
1928 629 2017 700 ad
2060 657 2178 703 me
2220 646 2290 704 te
2322 635 2641 707 scribere
2659 643 2716 723 ⁴,-

598 748 862 820 meque
901 727 1042 796 tuis
1080 727 1299 798 literis
1331 729 1522 802 bene
1564 758 1851 831 sperare
1891 764 2041 810 non
2079 738 2338 812 frustra
2371 768 2532 816 esse
2565 746 2715 839 jus-

595 857 774 903 sum.
814 835 1098 906 Laboro
1129 838 1463 934 equidem
1497 841 1729 939 regis⁵
1763 847 2085 942 Dejotari
2120 874 2366 936 causa,
2394 878 2712 948 quocum

593 943 774 1013 mihi
817 948 1196 1017 amicitiam
1232 948 1641 1046 respublica
1677 956 2121 1044 conciliavit,
2160 958 2551 1056 hospitium
2592 987 2714 1032 vo·

596 1051 835 1123 luntas
861 1056 1240 1152 utriusque
1260 1058 1672 1152 conjunxit,
1699 1060 2245 1139 familiaritatem
2269 1072 2716 1142 consuetudo

596 1162 869 1251 attulit,
898 1189 1252 1238 summam
1283 1192 1448 1241 vero
1470 1174 2069 1274 necessitudinem
2096 1202 2353 1275 magna
2386 1181 2538 1275 ejus
2559 1180 2717 1251 offi-

600 1272 705 1341 cia
761 1273 835 1343 in
888 1299 1004 1347 me
1057 1291 1130 1346 et
1180 1281 1257 1347 in
1312 1283 1703 1351 exercitum
1747 1281 2047 1356 meum⁶
2102 1285 2504 1360 effecerunt
2538 1316 2553 1358 ε
2588 1291 2718 1361 sed

600 1404 828 1476 quum
867 1382 959 1454 de
996 1385 1120 1455 illo
1154 1385 1439 1474 laboro,
1474 1403 1628 1459 tum
1658 1391 1747 1462 de
1782 1394 2028 1465 multis
2054 1397 2505 1494 amplissimis
2532 1400 2715 1486 viris,

599 1488 868 1587 quibus
909 1496 1128 1567 semel
1165 1497 1543 1592 ignotum7
1580 1526 1622 1570 a
1663 1516 1735 1573 te
1779 1527 1934 1576 esse
1967 1521 2291 1603 oportet,
2332 1534 2468 1579 nec
2505 1508 2715 1581 bene-

596 1595 841 1692 ficium
883 1617 1087 1675 tuum
1120 1607 1193 1675 in
1232 1605 1535 1679 dubium
1575 1613 1851 1697 vocari,
1890 1639 2026 1685 nec
2062 1614 2331 1687 haerere
2362 1623 2438 1688 in
2467 1621 2715 1689 animis

595 1708 979 1785 hominum
1024 1715 1582 1791 sollicitudinem
1622 1725 2164 1821 sempiternam,
2205 1752 2335 1797 nec
2363 1729 2713 1812 accidere,

538 1901 545 1915 '
594 1834 680 1888 ut
707 1823 1089 1918 quisquam
1126 1840 1196 1897 te
1234 1829 1486 1898 timere
1513 1831 1806 1929 incipiat
1842 1860 2135 1924 eorum,
2171 1840 2296 1933 qui
2325 1840 2547 1910 semel
2577 1866 2614 1909 a
2640 1854 2714 1911 te

595 1929 738 1999 sint
770 1929 1049 2004 liberati
1091 1937 1346 2008 timore
1363 1929 1415 2006 ⁸.
2775 2011 2778 2012 γ

701 2047 868 2116 Non
896 2044 1168 2134 debe0,
1211 2049 1287 2116 C.
1326 2050 1581 2138 Caesar,
1616 2053 1817 2148 quod
1853 2055 2009 2126 fieri
2036 2056 2220 2127 solet
2251 2059 2324 2126 in
2355 2060 2576 2129 tantis
2600 2083 2713 2156 pe·

594 2157 872 2243 riculi5‚
921 2171 1234 2244 tentare,
1275 2173 1643 2254 quonam9
1695 2163 1913 2234 modo
1962 2163 2271 2236 dicendo
2311 2169 2712 2238 misericor-

596 2267 785 2338 diam
840 2280 1033 2336 tuam
1057 2276 1119 2309 ¹⁰
1182 2290 1634 2341 commovere
1694 2276 1960 2369 possim
2019 2302 2034 2344 ε
2099 2275 2275 2345 nihil
2334 2301 2520 2372 opus
2572 2292 2714 2362 est3

594 2400 976 2448 occurrere
1001 2376 1152 2472 ipsa
1182 2377 1364 2449 solet
1394 2381 1845 2479 supplicibus
1874 2401 1945 2456 et
1982 2386 2427 2473 calamitosiS,
2456 2387 2716 2459 nullius

594 2560 712 2609 dicii
735 2561 882 2608 finem
900 2562 1220 2624 exspectabat.
1248 2561 1513 2611 Prudenter
1530 2581 1614 2611 au-

595 2651 689 2688 tem
716 2642 799 2689 hic
824 2641 1011 2688 illarum
1037 2641 1284 2689 literarum
1319 2646 1613 2692 mentionem

591 2720 863 2779 interserit,
898 2731 957 2768 ut
982 2722 1219 2769 omanem
1251 2721 1512 2771 admoneat
1537 2725 1614 2772 sui

592 2799 838 2863 promissi.

666 2886 711 2933 4.
742 2877 831 2924 Ad
850 2892 928 2926 nse
961 2889 1029 2924 ee·
1048 2876 1268 2926 seribere.
1305 2878 1451 2928 Cous.
1489 2891 1615 2931 orat.

591 2972 685 3021 pro
712 2957 930 3019 Ligario,
959 2971 1070 3020 cap.
1098 2958 1146 3006 3.

667 3037 714 3084 5.
737 3035 923 3083 Laboro
943 3035 1167 3099 equidem
1185 3035 1332 3100 regis.
1349 3038 1616 3086 Commode

592 3130 692 3177 suae
720 3131 828 3162 rum
850 3116 1083 3175 Deiotaro
1109 3116 1467 3175 conjunctionis
1496 3132 1614 3164 eau-

591 3210 668 3241 sas
689 3194 918 3257 exponit,
932 3194 1085 3257 quod,
1102 3206 1160 3243 ut
1182 3196 1249 3241 ait
1276 3211 1368 3257 pro
1392 3195 1611 3258 Ligario:

591 3293 618 3313 α
635 3272 803 3320 Causa
821 3273 952 3335 apud
967 3274 1199 3321 Caesarem
1215 3274 1489 3336 rogantium
1511 3290 1614 3338 gra-

593 3351 742 3400 tiores
775 3362 943 3409 erant,
981 3368 1127 3416 qnam
1157 3369 1355 3416 preces,
1389 3363 1482 3401 etc.
1502 3374 1528 3393 ι-
1562 3365 1613 3402 et

593 3429 736 3493 epist.
764 3445 823 3476 ιο
841 3464 856 3488 ,
879 3430 943 3479 ad
960 3432 1073 3479 Div.
1106 3454 1129 3475 e
1154 3433 1331 3480 Valent
1350 3432 1483 3496 apud
1506 3432 1615 3480 Cae-

592 3522 743 3557 sarem
776 3521 879 3554 nou
916 3519 1012 3555 tam
1048 3508 1316 3558 ambitiosae
1343 3512 1618 3573 rogationes

591 3602 734 3652 quam
756 3585 1030 3632 necessaria
1042 3607 1082 3633 a.
1108 3586 1317 3635 Δάνα-ιο
1331 3599 1492 3635 autem
1516 3603 1617 3650 gra-

593 3665 839 3715 dationem
860 3662 1229 3727 pulcherrimam
1250 3678 1264 3712 :
1284 3686 1310 3706 n
1332 3665 1609 3715 Amicitiam

589 3743 863 3807 respublica
898 3741 1197 3791 conciliavit.
1232 3768 1304 3781 -—
1329 3743 1610 3807 Hospitium

588 3821 815 3870 voluntas
841 3821 1090 3883 utriusque
1118 3814 1392 3883 conjunxit.
1416 3848 1489 3859 —-
1516 3824 1608 3869 Fa-

587 3899 909 3948 milia-itatem
929 3900 1231 3948 consuetudo
1242 3901 1407 3950 attulit
1420 3923 1463 3948 ιι.
1481 3903 1608 3950 Cum

585 3977 678 4024 hac
704 3978 911 4042 periodo
935 3977 1117 4028 labitur
1147 3980 1210 4027 ad
1238 3980 1513 4044 epilogum,
1540 3981 1605 4027 ita

586 4067 643 4104 nt
666 4073 766 4106 non
793 4058 1045 4106 sentiatur.

658 4136 707 4185 6.
736 4136 1016 4184 Exercitum
1042 4152 1219 4186 meum.
1247 4139 1410 4199 Quum
1431 4136 1603 4186 Cicero

1700 2559 1916 2608 Ciliciam
1930 2560 2175 2609 obtineret
2190 2562 2717 2626 provinciam.Videtur

1670 2626 1873 2688 ‘cicero
1914 2640 2119 2688 libenter
2163 2642 2214 2688 in
2254 2641 2345 2690 ino
2366 2643 2442 2689 sui
2479 2644 2717 2690 aucit-n

1665 2735 1670 2739 ·
1701 2720 1898 2765 nomine
1923 2719 2242 2782 acquiescere.

1775 2811 1822 2856 7.
1850 2798 2007 2844 &mel
2021 2797 2261 2861 t'gnocuns.
2286 2798 2479 2860 Quibus
2503 2811 2551 2847 te
2573 2799 2716 2847 semel

1704 2878 1973 2940 pepercisse
2003 2889 2218 2940 oportet.
2242 2878 2436 2940 Quibus
2464 2889 2559 2926 tam
2585 2880 2718 2926 οδω

1703 2954 1805 3002 inte
1833 2958 2021 3003 veniam
2057 2972 2160 3004 esse
2191 2972 2469 3005 concessam
2498 2968 2715 3022 oportet,

1702 3045 1759 3081 nt
1781 3049 1882 3082 non
1901 3036 1965 3082 sit
1990 3050 2116 3099 opus
2149 3051 2254 3083 eam
2287 3036 2486 3098 iterari;
2513 3046 2610 3083 ‘nec
2647 3037 2718 3083 vi-

1705 3126 1802 3162 tam
1819 3113 2103 3162 adversariis
2129 3115 2227 3161 tuis
2256 3131 2282 3162 a
2310 3127 2358 3162 te
2381 3127 2715 3162 conservatam

1700 3193 1752 3239 in
1791 3191 1991 3240 dubium
2027 3194 2221 3254 vocari,
2247 3193 2387 3256 quasi
2425 3206 2481 3242 tu
2519 3210 2621 3242 nou
2656 3209 2714 3240 ex

1700 3268 1863 3319 animo
1880 3307 1894 3331 ‚
1913 3272 1999 3319 sed
2024 3287 2087 3319 ex
2111 3272 2377 3320 clementiae
2407 3272 2715 3321 simulatione

1700 3351 2011 3400 concesseris.
2056 3351 2187 3399 Male
2231 3352 2466 3399 Patricius
2517 3351 2711 3412 conjicit

1701 3426 1860 3479 sirmd.
1896 3429 2162 3478 Prudenter
2190 3430 2316 3477 hanc
2345 3414 2541 3479 edusan
2569 3448 2595 3477 a
2619 3430 2714 3493 pri·

1703 3509 1829 3555 vatis
1879 3509 2100 3569 DeJotari
2149 3509 2420 3557 rationibus
2470 3510 2532 3557 ad
2584 3524 2714 3555 eom·

1702 3598 1873 3635 munes
1908 3586 2149 3646 traducit,
2183 3598 2239 3635 ut
2272 3588 2383 3652 plns
2419 3588 2714 3637 auctoritatis

1701 3663 1877 3713 habeat
1897 3667 2075 3712 oratio.

1771 3748 1816 3791 8.
1853 3743 2058 3791 Liber-aei
2084 3744 2269 3795 timore.
2285 3747 2521 3807 Quorum
2549 3748 2602 3793 iu
2625 3761 2715 3793 nu·

1695 3836 1830 3871 mero
1858 3822 2118 3883 Deiotarus
2146 3835 2262 3871 erat.

1766 3916 1817 3962 9.
1856 3903 2011 3950 Vetus
2052 3899 2171 3960 MS,
2207 3914 2256 3950 ee
2293 3919 2530 3966 quonam.
2573 3902 2714 3950 Unde

1698 3981 1928 4028 Gulielm.
1971 3982 2185 4028 Grutero
2213 3991 2363 4038 teste,
2396 3980 2714 4046 probabiliter

1693 4058 2012 4119 conjiciebat,
2036 4076 2312 4123 ecquonam
2328 4061 2494 4109 modo.
2519 4063 2552 4107 J
2558 4064 2641 4109 .V.
2661 4062 2715 4106 1..

1769 4154 1846 4187 xo.
1865 4135 2250 4189 Misericordiam
2275 4151 2430 4189 cuam.
2458 4142 2588 4189 Dum
2606 4140 2712 4188 Cae-
