<?xml version="1.0" encoding="UTF-8"?>
<!DOCTYPE html PUBLIC "-//W3C//DTD XHTML 1.0 Transitional//EN"
    "http://www.w3.org/TR/xhtml1/DTD/xhtml1-transitional.dtd">
<html xmlns="http://www.w3.org/1999/xhtml" xml:lang="en" lang="en">
 <head>
  <title>
</title>
<meta http-equiv="Content-Type" content="text/html;charset=utf-8" />
  <meta name='ocr-system' content='tesseract 3.04.00' />
  <meta name='ocr-capabilities' content='ocr_page ocr_carea ocr_par ocr_line ocrx_word'/>
</head>
<body>
  <div class='ocr_page' id='page_1' title='image "./mtciceronisquae06lemagoog_0036.png"; bbox 0 0 2994 4778; ppageno 0'>
   <div class='ocr_carea' id='block_1_1' title="bbox 688 439 2157 509">
    <p class='ocr_par' dir='ltr' id='par_1_1' title="bbox 688 439 2157 509">
     <span class='ocr_line' id='line_1_1' title="bbox 688 439 2157 509; baseline -0.001 -1"><span class='ocrx_word' id='word_1_1' title='bbox 688 440 780 509; x_wconf 79' lang='lat'>26</span> <span class='ocrx_word' id='word_1_2' title='bbox 1319 441 1412 507; x_wconf 91' lang='lat' dir='ltr'>M.</span> <span class='ocrx_word' id='word_1_3' title='bbox 1465 440 1540 506; x_wconf 90' lang='lat' dir='ltr'>T.</span> <span class='ocrx_word' id='word_1_4' title='bbox 1595 439 2157 507; x_wconf 84' lang='lat' dir='ltr'>CICERONIS</span> 
     </span>
    </p>
   </div>
   <div class='ocr_carea' id='block_1_2' title="bbox 674 552 2828 3175">
    <p class='ocr_par' dir='ltr' id='par_1_2' title="bbox 680 552 2828 2292">
     <span class='ocr_line' id='line_1_2' title="bbox 680 552 2791 656; baseline 0 -27"><span class='ocrx_word' id='word_1_5' title='bbox 680 564 757 631; x_wconf 89' lang='lat' dir='ltr'>in</span> <span class='ocrx_word' id='word_1_6' title='bbox 813 583 955 656; x_wconf 85' lang='lat' dir='ltr'>qua</span> <span class='ocrx_word' id='word_1_7' title='bbox 1008 559 1159 654; x_wconf 89' lang='lat' dir='ltr'>ipse</span> <span class='ocrx_word' id='word_1_8' title='bbox 1212 572 1366 629; x_wconf 90' lang='lat' dir='ltr'>tum</span> <span class='ocrx_word' id='word_1_9' title='bbox 1414 558 1740 652; x_wconf 84' lang='lat' dir='ltr'>imaginis</span> <span class='ocrx_word' id='word_1_10' title='bbox 1793 552 2217 627; x_wconf 80' lang='lat' dir='ltr'>ornandae¹³</span> <span class='ocrx_word' id='word_1_11' title='bbox 2272 580 2480 629; x_wconf 86' lang='lat' dir='ltr'>causa</span> <span class='ocrx_word' id='word_1_12' title='bbox 2533 559 2791 631; x_wconf 87' lang='lat' dir='ltr'>duum·</span> 
     </span>
     <span class='ocr_line' id='line_1_3' title="bbox 681 664 2789 762; baseline 0.001 -24"><span class='ocrx_word' id='word_1_13' title='bbox 681 670 985 738; x_wconf 74' lang='lat' dir='ltr'>vitatum</span> <span class='ocrx_word' id='word_1_14' title='bbox 1035 664 1363 761; x_wconf 80' lang='lat' dir='ltr'><strong>gerebat,</strong></span> <span class='ocrx_word' id='word_1_15' title='bbox 1423 665 1887 762; x_wconf 69' lang='lat' dir='ltr'>Seplasiam¹4</span> <span class='ocrx_word' id='word_1_16' title='bbox 1946 664 2356 737; x_wconf 88' lang='lat' dir='ltr'>sublaturus</span> <span class='ocrx_word' id='word_1_17' title='bbox 2403 666 2789 740; x_wconf 86' lang='lat' dir='ltr'>videretur.</span> 
     </span>
     <span class='ocr_line' id='line_1_4' title="bbox 682 774 2793 873; baseline -0 -23"><span class='ocrx_word' id='word_1_18' title='bbox 682 782 864 851; x_wconf 82' lang='lat' dir='ltr'>Nam</span> <span class='ocrx_word' id='word_1_19' title='bbox 898 774 1071 872; x_wconf 92' lang='lat' dir='ltr'>quid</span> <span class='ocrx_word' id='word_1_20' title='bbox 1112 800 1243 871; x_wconf 85' lang='lat' dir='ltr'>ego</span> <span class='ocrx_word' id='word_1_21' title='bbox 1282 774 1373 845; x_wconf 93' lang='lat' dir='ltr'>de</span> <span class='ocrx_word' id='word_1_22' title='bbox 1412 776 1795 872; x_wconf 85' lang='lat' dir='ltr'>supercilio</span> <span class='ocrx_word' id='word_1_23' title='bbox 1823 775 2100 848; x_wconf 75' lang='lat' dir='ltr'>dicam?</span> <span class='ocrx_word' id='word_1_24' title='bbox 2135 776 2334 873; x_wconf 89' lang='lat' dir='ltr'>quod</span> <span class='ocrx_word' id='word_1_25' title='bbox 2375 792 2532 848; x_wconf 88' lang='lat' dir='ltr'>tum</span> <span class='ocrx_word' id='word_1_26' title='bbox 2561 778 2793 849; x_wconf 87' lang='lat' dir='ltr'>bomi-</span> 
     </span>
     <span class='ocr_line' id='line_1_5' title="bbox 686 884 2790 984; baseline 0.001 -29"><span class='ocrx_word' id='word_1_27' title='bbox 686 886 901 957; x_wconf 80' lang='lat' dir='ltr'>nibus</span> <span class='ocrx_word' id='word_1_28' title='bbox 944 910 1094 956; x_wconf 90' lang='lat' dir='ltr'>non</span> <span class='ocrx_word' id='word_1_29' title='bbox 1132 885 1636 982; x_wconf 83' lang='lat' dir='ltr'>supercilium,</span> <span class='ocrx_word' id='word_1_30' title='bbox 1686 885 1811 957; x_wconf 91' lang='lat' dir='ltr'>sed</span> <span class='ocrx_word' id='word_1_31' title='bbox 1854 889 2113 983; x_wconf 85' lang='lat' dir='ltr'>pignus</span> <span class='ocrx_word' id='word_1_32' title='bbox 2147 884 2642 984; x_wconf 80' lang='lat' dir='ltr'>reipublicoe¹⁵</span> <span class='ocrx_word' id='word_1_33' title='bbox 2683 891 2790 958; x_wconf 87' lang='lat' dir='ltr'>vi-</span> 
     </span>
     <span class='ocr_line' id='line_1_6' title="bbox 688 994 2793 1091; baseline 0 -25"><span class='ocrx_word' id='word_1_34' title='bbox 688 995 1011 1068; x_wconf 78' lang='lat' dir='ltr'><strong>debatur.</strong></span> <span class='ocrx_word' id='word_1_35' title='bbox 1032 999 1249 1066; x_wconf 84' lang='lat' dir='ltr'>Tanta</span> <span class='ocrx_word' id='word_1_36' title='bbox 1276 1011 1427 1066; x_wconf 86' lang='lat' dir='ltr'>erat</span> <span class='ocrx_word' id='word_1_37' title='bbox 1453 996 1754 1091; x_wconf 81' lang='lat' dir='ltr'>gravitas</span> <span class='ocrx_word' id='word_1_38' title='bbox 1784 997 1858 1066; x_wconf 91' lang='lat' dir='ltr'>in</span> <span class='ocrx_word' id='word_1_39' title='bbox 1888 994 2102 1067; x_wconf 88' lang='lat' dir='ltr'>oculo</span> <span class='ocrx_word' id='word_1_40' title='bbox 2120 1048 2139 1079; x_wconf 91' lang='lat'><strong>‚</strong></span> <span class='ocrx_word' id='word_1_41' title='bbox 2175 1009 2371 1067; x_wconf 85' lang='lat' dir='ltr'>tanta</span> <span class='ocrx_word' id='word_1_42' title='bbox 2398 998 2793 1067; x_wconf 83' lang='lat' dir='ltr'>contractio</span> 
     </span>
     <span class='ocr_line' id='line_1_7' title="bbox 683 1101 2792 1201; baseline 0 -26"><span class='ocrx_word' id='word_1_43' title='bbox 683 1101 941 1175; x_wconf 86' lang='lat' dir='ltr'>frontis</span> <span class='ocrx_word' id='word_1_44' title='bbox 974 1156 994 1190; x_wconf 89' lang='lat'>‚</span> <span class='ocrx_word' id='word_1_45' title='bbox 1063 1117 1146 1173; x_wconf 95' lang='lat' dir='ltr'>ut</span> <span class='ocrx_word' id='word_1_46' title='bbox 1225 1103 1347 1175; x_wconf 91' lang='lat' dir='ltr'>illo</span> <span class='ocrx_word' id='word_1_47' title='bbox 1423 1103 1805 1201; x_wconf 84' lang='lat' dir='ltr'>supercilio</span> <span class='ocrx_word' id='word_1_48' title='bbox 1888 1103 2291 1201; x_wconf 83' lang='lat' dir='ltr'>respublica</span> <span class='ocrx_word' id='word_1_49' title='bbox 2321 1158 2342 1192; x_wconf 89' lang='lat'>‚</span> <span class='ocrx_word' id='word_1_50' title='bbox 2427 1118 2792 1201; x_wconf 83' lang='lat' dir='ltr'>tamquam</span> 
     </span>
     <span class='ocr_line' id='line_1_8' title="bbox 685 1212 2792 1311; baseline 0 -27"><span class='ocrx_word' id='word_1_51' title='bbox 685 1214 968 1284; x_wconf 89' lang='lat' dir='ltr'>Atlante</span> <span class='ocrx_word' id='word_1_52' title='bbox 1002 1213 1248 1284; x_wconf 82' lang='lat' dir='ltr'>caelum</span> <span class='ocrx_word' id='word_1_53' title='bbox 1272 1267 1292 1300; x_wconf 88' lang='lat'>‚</span> <span class='ocrx_word' id='word_1_54' title='bbox 1333 1216 1467 1284; x_wconf 90' lang='lat' dir='ltr'>niti</span> <span class='ocrx_word' id='word_1_55' title='bbox 1502 1213 1884 1286; x_wconf 81' lang='lat' dir='ltr'>videretur.</span> <span class='ocrx_word' id='word_1_56' title='bbox 1923 1219 2093 1285; x_wconf 87' lang='lat' dir='ltr'>Erat</span> <span class='ocrx_word' id='word_1_57' title='bbox 2132 1212 2448 1311; x_wconf 86' lang='lat' dir='ltr'>denique</span> <span class='ocrx_word' id='word_1_58' title='bbox 2486 1214 2600 1285; x_wconf 87' lang='lat' dir='ltr'>hic</span> <span class='ocrx_word' id='word_1_59' title='bbox 2636 1239 2792 1285; x_wconf 90' lang='lat' dir='ltr'>om-</span> 
     </span>
     <span class='ocr_line' id='line_1_9' title="bbox 685 1311 2797 1422; baseline 0.001 -29"><span class='ocrx_word' id='word_1_60' title='bbox 685 1324 886 1394; x_wconf 89' lang='lat' dir='ltr'>nium</span> <span class='ocrx_word' id='word_1_61' title='bbox 923 1347 1159 1415; x_wconf 84' lang='lat' dir='ltr'>sermo</span> <span class='ocrx_word' id='word_1_62' title='bbox 1189 1311 1207 1392; x_wconf 69' lang='grc' dir='ltr'>ὲ</span> <span class='ocrx_word' id='word_1_63' title='bbox 1244 1328 1366 1395; x_wconf 87' lang='lat' dir='ltr'>Est</span> <span class='ocrx_word' id='word_1_64' title='bbox 1401 1340 1640 1395; x_wconf 90' lang='lat' dir='ltr'>tamen</span> <span class='ocrx_word' id='word_1_65' title='bbox 1674 1322 2083 1422; x_wconf 80' lang='lat' dir='ltr'>reipublicae</span> <span class='ocrx_word' id='word_1_66' title='bbox 2118 1321 2797 1421; x_wconf 83' lang='lat' dir='ltr'>magnumfirmum·</span> 
     </span>
     <span class='ocr_line' id='line_1_10' title="bbox 684 1429 2795 1530; baseline 0.002 -29"><span class='ocrx_word' id='word_1_67' title='bbox 684 1456 829 1527; x_wconf 91' lang='lat' dir='ltr'>que</span> <span class='ocrx_word' id='word_1_68' title='bbox 860 1429 1295 1520; x_wconf 81' lang='lat' dir='ltr'>subsidium3</span> <span class='ocrx_word' id='word_1_69' title='bbox 1337 1432 1574 1513; x_wconf 86' lang='lat' dir='ltr'>habeo</span> <span class='ocrx_word' id='word_1_70' title='bbox 1611 1458 1830 1530; x_wconf 88' lang='lat' dir='ltr'>quem</span> <span class='ocrx_word' id='word_1_71' title='bbox 1864 1457 2226 1530; x_wconf 89' lang='lat' dir='ltr'>opponam</span> <span class='ocrx_word' id='word_1_72' title='bbox 2267 1431 2410 1504; x_wconf 88' lang='lat' dir='ltr'>labi</span> <span class='ocrx_word' id='word_1_73' title='bbox 2441 1431 2543 1502; x_wconf 91' lang='lat' dir='ltr'>illi</span> <span class='ocrx_word' id='word_1_74' title='bbox 2578 1448 2795 1529; x_wconf 84' lang='lat' dir='ltr'>atque</span> 
     </span>
     <span class='ocr_line' id='line_1_11' title="bbox 682 1540 2793 1639; baseline 0 -29"><span class='ocrx_word' id='word_1_75' title='bbox 682 1564 932 1628; x_wconf 88' lang='lat' dir='ltr'>coeno;</span> <span class='ocrx_word' id='word_1_76' title='bbox 986 1540 1230 1629; x_wconf 87' lang='lat' dir='ltr'>vultu,</span> <span class='ocrx_word' id='word_1_77' title='bbox 1285 1542 1566 1613; x_wconf 88' lang='lat' dir='ltr'>medius</span> <span class='ocrx_word' id='word_1_78' title='bbox 1613 1541 1862 1631; x_wconf 86' lang='lat' dir='ltr'>fidius,</span> <span class='ocrx_word' id='word_1_79' title='bbox 1926 1542 2208 1639; x_wconf 82' lang='lat' dir='ltr'>collegae</span> <span class='ocrx_word' id='word_1_80' title='bbox 2261 1545 2370 1612; x_wconf 86' lang='lat' dir='ltr'>sui</span> <span class='ocrx_word' id='word_1_81' title='bbox 2420 1541 2793 1613; x_wconf 88' lang='lat' dir='ltr'>libidinem</span> 
     </span>
     <span class='ocr_line' id='line_1_12' title="bbox 685 1649 2794 1748; baseline 0 -29"><span class='ocrx_word' id='word_1_82' title='bbox 685 1650 1190 1747; x_wconf 75' lang='lat' dir='ltr'>levitatemque</span> <span class='ocrx_word' id='word_1_83' title='bbox 1247 1649 1569 1748; x_wconf 78' lang='lat' dir='ltr'>franget3</span> <span class='ocrx_word' id='word_1_84' title='bbox 1626 1651 1919 1724; x_wconf 84' lang='lat' dir='ltr'>habebit</span> <span class='ocrx_word' id='word_1_85' title='bbox 1960 1666 2283 1738; x_wconf 79' lang='lat' dir='ltr'>senatus,</span> <span class='ocrx_word' id='word_1_86' title='bbox 2322 1652 2397 1720; x_wconf 91' lang='lat' dir='ltr'>in</span> <span class='ocrx_word' id='word_1_87' title='bbox 2438 1649 2634 1721; x_wconf 90' lang='lat' dir='ltr'>hunc</span> <span class='ocrx_word' id='word_1_88' title='bbox 2671 1676 2794 1721; x_wconf 88' lang='lat' dir='ltr'>an-</span> 
     </span>
     <span class='ocr_line' id='line_1_13' title="bbox 683 1759 2792 1855; baseline 0.001 -27"><span class='ocrx_word' id='word_1_89' title='bbox 683 1783 863 1831; x_wconf 87' lang='lat' dir='ltr'>num</span> <span class='ocrx_word' id='word_1_90' title='bbox 898 1782 1114 1853; x_wconf 89' lang='lat' dir='ltr'>quem</span> <span class='ocrx_word' id='word_1_91' title='bbox 1143 1775 1521 1855; x_wconf 81' lang='lat' dir='ltr'>sequatur;</span> <span class='ocrx_word' id='word_1_92' title='bbox 1557 1786 1707 1831; x_wconf 90' lang='lat' dir='ltr'>non</span> <span class='ocrx_word' id='word_1_93' title='bbox 1745 1760 1974 1834; x_wconf 86' lang='lat' dir='ltr'>deerit</span> <span class='ocrx_word' id='word_1_94' title='bbox 2001 1775 2254 1831; x_wconf 88' lang='lat' dir='ltr'>auctor</span> <span class='ocrx_word' id='word_1_95' title='bbox 2279 1774 2352 1830; x_wconf 90' lang='lat' dir='ltr'>et</span> <span class='ocrx_word' id='word_1_96' title='bbox 2380 1759 2529 1831; x_wconf 87' lang='lat' dir='ltr'>dux</span> <span class='ocrx_word' id='word_1_97' title='bbox 2560 1759 2792 1831; x_wconf 85' lang='lat' dir='ltr'>bonis.</span> 
     </span>
     <span class='ocr_line' id='line_1_14' title="bbox 682 1867 2795 1969; baseline 0 -30"><span class='ocrx_word' id='word_1_98' title='bbox 682 1867 861 1939; x_wconf 86' lang='lat' dir='ltr'>Mihi</span> <span class='ocrx_word' id='word_1_99' title='bbox 897 1867 1208 1964; x_wconf 91' lang='lat' dir='ltr'>denique</span> <span class='ocrx_word' id='word_1_100' title='bbox 1243 1870 1572 1942; x_wconf 89' lang='lat' dir='ltr'>homines</span> <span class='ocrx_word' id='word_1_101' title='bbox 1606 1873 1961 1969; x_wconf 81' lang='lat' dir='ltr'>praecipue</span> <span class='ocrx_word' id='word_1_102' title='bbox 2000 1869 2561 1967; x_wconf 83' lang='lat' dir='ltr'>gratulabantur,</span> <span class='ocrx_word' id='word_1_103' title='bbox 2594 1869 2795 1966; x_wconf 88' lang='lat' dir='ltr'>quod</span> 
     </span>
     <span class='ocr_line' id='line_1_15' title="bbox 684 1975 2796 2077; baseline 0.002 -31"><span class='ocrx_word' id='word_1_104' title='bbox 684 1975 1061 2049; x_wconf 88' lang='lat' dir='ltr'>habiturus</span> <span class='ocrx_word' id='word_1_105' title='bbox 1105 2002 1328 2051; x_wconf 89' lang='lat' dir='ltr'>essem</span> <span class='ocrx_word' id='word_1_106' title='bbox 1370 1995 1620 2052; x_wconf 84' lang='lat' dir='ltr'>contra</span> <span class='ocrx_word' id='word_1_107' title='bbox 1660 1980 2030 2051; x_wconf 90' lang='lat' dir='ltr'>tribunum</span> <span class='ocrx_word' id='word_1_108' title='bbox 2069 1978 2299 2077; x_wconf 87' lang='lat' dir='ltr'>plebis</span> <span class='ocrx_word' id='word_1_109' title='bbox 2334 1976 2688 2055; x_wconf 86' lang='lat' dir='ltr'>furiosum</span> <span class='ocrx_word' id='word_1_110' title='bbox 2725 1994 2796 2051; x_wconf 87' lang='lat' dir='ltr'>et</span> 
     </span>
     <span class='ocr_line' id='line_1_16' title="bbox 685 2080 2828 2183; baseline 0 -27"><span class='ocrx_word' id='word_1_111' title='bbox 685 2086 1027 2158; x_wconf 86' lang='lat' dir='ltr'>audacem</span> <span class='ocrx_word' id='word_1_112' title='bbox 1050 2080 1083 2174; x_wconf 77' lang='lat'>‚&#39;</span> <span class='ocrx_word' id='word_1_113' title='bbox 1105 2112 1331 2183; x_wconf 91' lang='lat' dir='ltr'>quum</span> <span class='ocrx_word' id='word_1_114' title='bbox 1361 2091 1667 2160; x_wconf 88' lang='lat' dir='ltr'>amicum</span> <span class='ocrx_word' id='word_1_115' title='bbox 1701 2105 1772 2160; x_wconf 90' lang='lat' dir='ltr'>et</span> <span class='ocrx_word' id='word_1_116' title='bbox 1797 2087 2084 2159; x_wconf 85' lang='lat' dir='ltr'>affinem</span> <span class='ocrx_word' id='word_1_117' title='bbox 2105 2085 2191 2176; x_wconf 78' lang='lat'>¹⁶,</span> <span class='ocrx_word' id='word_1_118' title='bbox 2227 2102 2384 2158; x_wconf 88' lang='lat' dir='ltr'>tum</span> <span class='ocrx_word' id='word_1_119' title='bbox 2414 2092 2627 2160; x_wconf 86' lang='lat' dir='ltr'>etiam</span> <span class='ocrx_word' id='word_1_120' title='bbox 2654 2084 2794 2157; x_wconf 86' lang='lat' dir='ltr'>for·</span> <span class='ocrx_word' id='word_1_121' title='bbox 2825 2104 2828 2105; x_wconf 71' lang='grc'>’</span> 
     </span>
     <span class='ocr_line' id='line_1_17' title="bbox 686 2198 1684 2292; baseline 0.004 -27"><span class='ocrx_word' id='word_1_122' title='bbox 686 2209 831 2265; x_wconf 90' lang='lat' dir='ltr'>tem</span> <span class='ocrx_word' id='word_1_123' title='bbox 870 2210 942 2266; x_wconf 90' lang='lat' dir='ltr'>et</span> <span class='ocrx_word' id='word_1_124' title='bbox 975 2220 1255 2292; x_wconf 89' lang='lat' dir='ltr'>gravem</span> <span class='ocrx_word' id='word_1_125' title='bbox 1297 2198 1684 2270; x_wconf 83' lang='lat' dir='ltr'>consulem.</span> 
     </span>
    </p>

    <p class='ocr_par' dir='ltr' id='par_1_3' title="bbox 674 2305 2799 3175">
     <span class='ocr_line' id='line_1_18' title="bbox 782 2305 2796 2403; baseline 0 -29"><span class='ocrx_word' id='word_1_126' title='bbox 782 2309 903 2375; x_wconf 85' lang='lat' dir='ltr'>IX.</span> <span class='ocrx_word' id='word_1_127' title='bbox 942 2310 1177 2403; x_wconf 86' lang='lat' dir='ltr'>Atque</span> <span class='ocrx_word' id='word_1_128' title='bbox 1212 2331 1464 2378; x_wconf 89' lang='lat' dir='ltr'>eorum</span> <span class='ocrx_word' id='word_1_129' title='bbox 1499 2308 1679 2379; x_wconf 86' lang='lat' dir='ltr'>alter</span> <span class='ocrx_word' id='word_1_130' title='bbox 1709 2305 1958 2379; x_wconf 86' lang='lat' dir='ltr'>fefellit</span> <span class='ocrx_word' id='word_1_131' title='bbox 1986 2306 2371 2379; x_wconf 83' lang='lat' dir='ltr'>neminem.</span> <span class='ocrx_word' id='word_1_132' title='bbox 2399 2306 2576 2398; x_wconf 86' lang='lat' dir='ltr'>Quis</span> <span class='ocrx_word' id='word_1_133' title='bbox 2603 2307 2796 2377; x_wconf 90' lang='lat' dir='ltr'>enim</span> 
     </span>
     <span class='ocr_line' id='line_1_19' title="bbox 688 2415 2794 2517; baseline -0.001 -31"><span class='ocrx_word' id='word_1_134' title='bbox 688 2415 967 2487; x_wconf 85' lang='lat' dir='ltr'>clavum</span> <span class='ocrx_word' id='word_1_135' title='bbox 1025 2419 1203 2487; x_wconf 88' lang='lat' dir='ltr'>tanti</span> <span class='ocrx_word' id='word_1_136' title='bbox 1256 2420 1541 2516; x_wconf 86' lang='lat' dir='ltr'>imperii</span> <span class='ocrx_word' id='word_1_137' title='bbox 1584 2433 1830 2489; x_wconf 89' lang='lat' dir='ltr'>tenere</span> <span class='ocrx_word' id='word_1_138' title='bbox 1850 2451 1885 2506; x_wconf 89' lang='lat'>‚·</span> <span class='ocrx_word' id='word_1_139' title='bbox 1913 2433 1986 2489; x_wconf 90' lang='lat' dir='ltr'>et</span> <span class='ocrx_word' id='word_1_140' title='bbox 2031 2415 2514 2517; x_wconf 85' lang='lat' dir='ltr'>gubernacula</span> <span class='ocrx_word' id='word_1_141' title='bbox 2551 2416 2794 2513; x_wconf 87' lang='lat' dir='ltr'>reipu-</span> 
     </span>
     <span class='ocr_line' id='line_1_20' title="bbox 674 2524 2795 2622; baseline -0.001 -26"><span class='ocrx_word' id='word_1_142' title='bbox 674 2524 884 2600; x_wconf 82' lang='lat' dir='ltr'>blicae</span> <span class='ocrx_word' id='word_1_143' title='bbox 945 2541 1240 2599; x_wconf 85' lang='lat' dir='ltr'>tractare</span> <span class='ocrx_word' id='word_1_144' title='bbox 1300 2532 1374 2600; x_wconf 88' lang='lat' dir='ltr'>in</span> <span class='ocrx_word' id='word_1_145' title='bbox 1429 2530 1742 2600; x_wconf 83' lang='lat' dir='ltr'>maximo</span> <span class='ocrx_word' id='word_1_146' title='bbox 1797 2553 2013 2602; x_wconf 88' lang='lat' dir='ltr'>cursu</span> <span class='ocrx_word' id='word_1_147' title='bbox 2067 2553 2149 2600; x_wconf 88' lang='lat' dir='ltr'>ac</span> <span class='ocrx_word' id='word_1_148' title='bbox 2204 2525 2541 2600; x_wconf 89' lang='lat' dir='ltr'>fluctibus</span> <span class='ocrx_word' id='word_1_149' title='bbox 2588 2550 2795 2622; x_wconf 85' lang='lat' dir='ltr'>posse</span> 
     </span>
     <span class='ocr_line' id='line_1_21' title="bbox 682 2633 2796 2712; baseline -0 -7"><span class='ocrx_word' id='word_1_150' title='bbox 682 2633 1148 2707; x_wconf 84' lang='lat' dir='ltr'>arbitraretur</span> <span class='ocrx_word' id='word_1_151' title='bbox 1199 2637 1571 2709; x_wconf 91' lang='lat' dir='ltr'>hominem</span> <span class='ocrx_word' id='word_1_152' title='bbox 1622 2662 1978 2712; x_wconf 86' lang='lat' dir='ltr'>emersum</span> <span class='ocrx_word' id='word_1_153' title='bbox 2022 2637 2262 2710; x_wconf 90' lang='lat' dir='ltr'>subito</span> <span class='ocrx_word' id='word_1_154' title='bbox 2308 2662 2396 2707; x_wconf 79' lang='lat' dir='ltr'>ex</span> <span class='ocrx_word' id='word_1_155' title='bbox 2437 2635 2796 2706; x_wconf 86' lang='lat' dir='ltr'>diuturnis</span> 
     </span>
     <span class='ocr_line' id='line_1_22' title="bbox 686 2744 2798 2845; baseline 0 -32"><span class='ocrx_word' id='word_1_156' title='bbox 686 2744 1000 2816; x_wconf 87' lang='lat' dir='ltr'>tenebris</span> <span class='ocrx_word' id='word_1_157' title='bbox 1056 2746 1449 2818; x_wconf 89' lang='lat' dir='ltr'>lustrorum</span> <span class='ocrx_word' id='word_1_158' title='bbox 1506 2773 1586 2820; x_wconf 86' lang='lat' dir='ltr'>ac</span> <span class='ocrx_word' id='word_1_159' title='bbox 1632 2748 2100 2845; x_wconf 82' lang='lat' dir='ltr'>stuprorum?</span> <span class='ocrx_word' id='word_1_160' title='bbox 2138 2747 2345 2832; x_wconf 83' lang='lat' dir='ltr'>vinc,</span> <span class='ocrx_word' id='word_1_161' title='bbox 2388 2746 2661 2843; x_wconf 77' lang='lat' dir='ltr'>ganeiS,</span> <span class='ocrx_word' id='word_1_162' title='bbox 2700 2745 2798 2814; x_wconf 89' lang='lat' dir='ltr'>le-</span> 
     </span>
     <span class='ocr_line' id='line_1_23' title="bbox 683 2854 2799 2953; baseline 0.001 -32"><span class='ocrx_word' id='word_1_163' title='bbox 683 2855 1030 2939; x_wconf 85' lang='lat' dir='ltr'>nociniis,</span> <span class='ocrx_word' id='word_1_164' title='bbox 1089 2854 1596 2953; x_wconf 86' lang='lat' dir='ltr'>adulteriisque</span> <span class='ocrx_word' id='word_1_165' title='bbox 1652 2855 2107 2929; x_wconf 82' lang='lat' dir='ltr'>confectum?</span> <span class='ocrx_word' id='word_1_166' title='bbox 2156 2879 2385 2952; x_wconf 91' lang='lat' dir='ltr'>quum</span> <span class='ocrx_word' id='word_1_167' title='bbox 2432 2857 2494 2925; x_wconf 91' lang='lat' dir='ltr'>is</span> <span class='ocrx_word' id='word_1_168' title='bbox 2542 2868 2799 2950; x_wconf 83' lang='lat' dir='ltr'>praeter</span> 
     </span>
     <span class='ocr_line' id='line_1_24' title="bbox 683 2962 2799 3063; baseline 0.001 -33"><span class='ocrx_word' id='word_1_169' title='bbox 683 2984 885 3062; x_wconf 89' lang='lat' dir='ltr'>spem</span> <span class='ocrx_word' id='word_1_170' title='bbox 916 2964 987 3030; x_wconf 88' lang='lat' dir='ltr'>in</span> <span class='ocrx_word' id='word_1_171' title='bbox 1029 2962 1366 3035; x_wconf 86' lang='lat' dir='ltr'>altissimo</span> <span class='ocrx_word' id='word_1_172' title='bbox 1403 2965 1628 3063; x_wconf 86' lang='lat' dir='ltr'>gradu</span> <span class='ocrx_word' id='word_1_173' title='bbox 1660 2966 1905 3036; x_wconf 85' lang='lat' dir='ltr'>alienis</span> <span class='ocrx_word' id='word_1_174' title='bbox 1937 2963 2198 3062; x_wconf 86' lang='lat' dir='ltr'>opibus</span> <span class='ocrx_word' id='word_1_175' title='bbox 2224 2975 2243 3009; x_wconf 85' lang='lat'><strong>¹</strong></span> <span class='ocrx_word' id='word_1_176' title='bbox 2282 2965 2556 3061; x_wconf 88' lang='lat' dir='ltr'>positus</span> <span class='ocrx_word' id='word_1_177' title='bbox 2589 2977 2799 3049; x_wconf 86' lang='lat' dir='ltr'>esset,</span> 
     </span>
     <span class='ocr_line' id='line_1_25' title="bbox 685 3074 2799 3175; baseline 0 -33"><span class='ocrx_word' id='word_1_178' title='bbox 685 3074 812 3169; x_wconf 90' lang='lat' dir='ltr'>qui</span> <span class='ocrx_word' id='word_1_179' title='bbox 869 3098 1022 3145; x_wconf 91' lang='lat' dir='ltr'>non</span> <span class='ocrx_word' id='word_1_180' title='bbox 1090 3075 1308 3147; x_wconf 90' lang='lat' dir='ltr'>modo</span> <span class='ocrx_word' id='word_1_181' title='bbox 1373 3090 1864 3174; x_wconf 89' lang='lat' dir='ltr'>tempestatem</span> <span class='ocrx_word' id='word_1_182' title='bbox 1930 3075 2467 3175; x_wconf 89' lang='lat' dir='ltr'>impendentem</span> <span class='ocrx_word' id='word_1_183' title='bbox 2533 3075 2799 3145; x_wconf 90' lang='lat' dir='ltr'>intueri</span> 
     </span>
    </p>
   </div>
   <div class='ocr_carea' id='block_1_3' title="bbox 679 3348 1698 4040">
    <p class='ocr_par' dir='ltr' id='par_1_4' title="bbox 680 3348 1698 3635">
     <span class='ocr_line' id='line_1_26' title="bbox 762 3348 1698 3414; baseline 0.003 -18"><span class='ocrx_word' id='word_1_184' title='bbox 762 3352 844 3398; x_wconf 81' lang='lat'>13.</span> <span class='ocrx_word' id='word_1_185' title='bbox 875 3348 1104 3412; x_wconf 68' lang='lat' dir='ltr'>Imagim&#39;s</span> <span class='ocrx_word' id='word_1_186' title='bbox 1128 3351 1380 3400; x_wconf 73' lang='lat' dir='ltr'>ornanda.</span> <span class='ocrx_word' id='word_1_187' title='bbox 1406 3352 1476 3398; x_wconf 84' lang='lat' dir='ltr'>Ut</span> <span class='ocrx_word' id='word_1_188' title='bbox 1500 3350 1698 3414; x_wconf 78' lang='lat' dir='ltr'>imagini</span> 
     </span>
     <span class='ocr_line' id='line_1_27' title="bbox 685 3428 1696 3490; baseline 0 -13"><span class='ocrx_word' id='word_1_189' title='bbox 685 3445 784 3477; x_wconf 78' lang='lat' dir='ltr'>auae</span> <span class='ocrx_word' id='word_1_190' title='bbox 832 3430 1042 3476; x_wconf 70' lang='lat' dir='ltr'>bonores</span> <span class='ocrx_word' id='word_1_191' title='bbox 1088 3429 1211 3490; x_wconf 75' lang='lat' dir='ltr'>gesti</span> <span class='ocrx_word' id='word_1_192' title='bbox 1251 3428 1696 3489; x_wconf 71' lang='lat' dir='ltr'>subscriberentur3</span> 
     </span>
     <span class='ocr_line' id='line_1_28' title="bbox 681 3506 1696 3570; baseline 0.001 -15"><span class='ocrx_word' id='word_1_193' title='bbox 681 3522 782 3570; x_wconf 86' lang='lat' dir='ltr'>quo</span> <span class='ocrx_word' id='word_1_194' title='bbox 820 3507 972 3555; x_wconf 77' lang='lat' dir='ltr'>titulis</span> <span class='ocrx_word' id='word_1_195' title='bbox 1014 3506 1233 3569; x_wconf 67' lang='lat' dir='ltr'>pluribus</span> <span class='ocrx_word' id='word_1_196' title='bbox 1266 3507 1524 3570; x_wconf 75' lang='lat' dir='ltr'>imaginem</span> <span class='ocrx_word' id='word_1_197' title='bbox 1564 3525 1696 3556; x_wconf 80' lang='lat' dir='ltr'>auam</span> 
     </span>
     <span class='ocr_line' id='line_1_29' title="bbox 680 3594 1199 3635; baseline -0.008 0"><span class='ocrx_word' id='word_1_198' title='bbox 680 3597 875 3635; x_wconf 84' lang='lat' dir='ltr'>ornaret</span> <span class='ocrx_word' id='word_1_199' title='bbox 900 3595 948 3633; x_wconf 85' lang='lat' dir='ltr'>et</span> <span class='ocrx_word' id='word_1_200' title='bbox 968 3594 1199 3632; x_wconf 76' lang='lat' dir='ltr'>oneraret.</span> 
     </span>
    </p>

    <p class='ocr_par' dir='ltr' id='par_1_5' title="bbox 679 3661 1695 4040">
     <span class='ocr_line' id='line_1_30' title="bbox 752 3661 1695 3727; baseline 0 -14"><span class='ocrx_word' id='word_1_201' title='bbox 752 3675 833 3722; x_wconf 68' lang='lat'>14.</span> <span class='ocrx_word' id='word_1_202' title='bbox 861 3662 1142 3727; x_wconf 73' lang='lat' dir='ltr'>Seplasiam.</span> <span class='ocrx_word' id='word_1_203' title='bbox 1175 3663 1316 3711; x_wconf 83' lang='lat' dir='ltr'>Adeo</span> <span class='ocrx_word' id='word_1_204' title='bbox 1342 3663 1407 3710; x_wconf 83' lang='lat' dir='ltr'>ab</span> <span class='ocrx_word' id='word_1_205' title='bbox 1433 3661 1695 3727; x_wconf 69' lang='lat' dir='ltr'>ungnentis</span> 
     </span>
     <span class='ocr_line' id='line_1_31' title="bbox 679 3742 1690 3808; baseline 0.001 -14"><span class='ocrx_word' id='word_1_206' title='bbox 679 3745 968 3794; x_wconf 73' lang='lat' dir='ltr'>abhorrebat</span> <span class='ocrx_word' id='word_1_207' title='bbox 995 3744 1132 3803; x_wconf 69' lang='lat' dir='ltr'>Piso,</span> <span class='ocrx_word' id='word_1_208' title='bbox 1162 3754 1218 3791; x_wconf 86' lang='lat' dir='ltr'>ut</span> <span class='ocrx_word' id='word_1_209' title='bbox 1250 3759 1313 3791; x_wconf 78' lang='lat' dir='ltr'>ex</span> <span class='ocrx_word' id='word_1_210' title='bbox 1348 3742 1467 3791; x_wconf 83' lang='lat' dir='ltr'>urbe</span> <span class='ocrx_word' id='word_1_211' title='bbox 1507 3745 1690 3808; x_wconf 82' lang='lat' dir='ltr'>Capua,</span> 
     </span>
     <span class='ocr_line' id='line_1_32' title="bbox 679 3822 1694 3889; baseline -0.005 -14"><span class='ocrx_word' id='word_1_212' title='bbox 679 3828 818 3887; x_wconf 76' lang='lat' dir='ltr'>enjus</span> <span class='ocrx_word' id='word_1_213' title='bbox 856 3825 1080 3873; x_wconf 84' lang='lat' dir='ltr'>duumvir</span> <span class='ocrx_word' id='word_1_214' title='bbox 1120 3834 1251 3879; x_wconf 84' lang='lat' dir='ltr'>erat,</span> <span class='ocrx_word' id='word_1_215' title='bbox 1285 3822 1574 3886; x_wconf 78' lang='lat' dir='ltr'>Seplasiam,</span> <span class='ocrx_word' id='word_1_216' title='bbox 1609 3828 1694 3889; x_wconf 82' lang='lat' dir='ltr'>qui</span> 
     </span>
     <span class='ocr_line' id='line_1_33' title="bbox 679 3902 1694 3965; baseline -0.002 -10"><span class='ocrx_word' id='word_1_217' title='bbox 679 3908 816 3955; x_wconf 80' lang='lat' dir='ltr'>vicus</span> <span class='ocrx_word' id='word_1_218' title='bbox 863 3905 917 3951; x_wconf 87' lang='lat' dir='ltr'>in</span> <span class='ocrx_word' id='word_1_219' title='bbox 950 3902 1082 3960; x_wconf 45' lang='lat' dir='ltr'>¹urbe</span> <span class='ocrx_word' id='word_1_220' title='bbox 1127 3903 1292 3950; x_wconf 84' lang='lat' dir='ltr'>eadem</span> <span class='ocrx_word' id='word_1_221' title='bbox 1337 3913 1694 3965; x_wconf 78' lang='lat' dir='ltr'>unguentorum</span> 
     </span>
     <span class='ocr_line' id='line_1_34' title="bbox 681 3980 1695 4040; baseline -0.002 -6"><span class='ocrx_word' id='word_1_222' title='bbox 681 3985 964 4035; x_wconf 78' lang='lat' dir='ltr'>venditione</span> <span class='ocrx_word' id='word_1_223' title='bbox 1011 3980 1340 4029; x_wconf 73' lang='lat' dir='ltr'>celebrabatur</span> <span class='ocrx_word' id='word_1_224' title='bbox 1356 4014 1372 4040; x_wconf 85' lang='lat'>‚</span> <span class='ocrx_word' id='word_1_225' title='bbox 1420 3981 1695 4032; x_wconf 70' lang='lat' dir='ltr'>sublaturus</span> 
     </span>
    </p>
   </div>
   <div class='ocr_carea' id='block_1_4' title="bbox 680 4071 1688 4211">
    <p class='ocr_par' dir='ltr' id='par_1_6' title="bbox 680 4071 1688 4211">
     <span class='ocr_line' id='line_1_35' title="bbox 680 4071 937 4119; baseline -0.027 1"><span class='ocrx_word' id='word_1_226' title='bbox 680 4071 937 4119; x_wconf 77' lang='lat' dir='ltr'>videretur.</span> 
     </span>
     <span class='ocr_line' id='line_1_36' title="bbox 753 4141 1688 4211; baseline -0.007 -13"><span class='ocrx_word' id='word_1_227' title='bbox 753 4151 831 4200; x_wconf 79' lang='lat'>15.</span> <span class='ocrx_word' id='word_1_228' title='bbox 870 4146 1045 4211; x_wconf 74' lang='lat' dir='ltr'>Pignus</span> <span class='ocrx_word' id='word_1_229' title='bbox 1075 4141 1357 4206; x_wconf 68' lang='lat' dir='ltr'>reipublicoe.</span> <span class='ocrx_word' id='word_1_230' title='bbox 1395 4143 1688 4207; x_wconf 72' lang='lat' dir='ltr'>Respublica</span> 
     </span>
    </p>
   </div>
   <div class='ocr_carea' id='block_1_5' title="bbox 1776 3351 2804 4207">
    <p class='ocr_par' dir='ltr' id='par_1_7' title="bbox 1782 3351 2804 3571">
     <span class='ocr_line' id='line_1_37' title="bbox 1782 3351 2801 3417; baseline 0.001 -17"><span class='ocrx_word' id='word_1_231' title='bbox 1782 3351 1974 3411; x_wconf 70' lang='lat' dir='ltr'>Pisoni,</span> <span class='ocrx_word' id='word_1_232' title='bbox 1996 3352 2074 3399; x_wconf 85' lang='lat' dir='ltr'>cni</span> <span class='ocrx_word' id='word_1_233' title='bbox 2094 3367 2145 3399; x_wconf 75' lang='lat' dir='ltr'>se</span> <span class='ocrx_word' id='word_1_234' title='bbox 2169 3352 2495 3409; x_wconf 68' lang='lat' dir='ltr'>commiserat,</span> <span class='ocrx_word' id='word_1_235' title='bbox 2513 3352 2801 3417; x_wconf 70' lang='lat' dir='ltr'>supercilio,</span> 
     </span>
     <span class='ocr_line' id='line_1_38' title="bbox 1784 3429 2804 3495; baseline 0.002 -17"><span class='ocrx_word' id='word_1_236' title='bbox 1784 3437 2024 3493; x_wconf 79' lang='lat' dir='ltr'>tamqnam</span> <span class='ocrx_word' id='word_1_237' title='bbox 2043 3430 2250 3494; x_wconf 81' lang='lat' dir='ltr'>pignore</span> <span class='ocrx_word' id='word_1_238' title='bbox 2263 3461 2280 3489; x_wconf 86' lang='lat'>,</span> <span class='ocrx_word' id='word_1_239' title='bbox 2308 3429 2577 3489; x_wconf 73' lang='lat' dir='ltr'>confidere,</span> <span class='ocrx_word' id='word_1_240' title='bbox 2597 3432 2804 3495; x_wconf 84' lang='lat' dir='ltr'>optime·</span> 
     </span>
     <span class='ocr_line' id='line_1_39' title="bbox 1783 3508 2372 3571; baseline 0.002 -16"><span class='ocrx_word' id='word_1_241' title='bbox 1783 3524 1877 3571; x_wconf 89' lang='lat' dir='ltr'>que</span> <span class='ocrx_word' id='word_1_242' title='bbox 1894 3523 2082 3571; x_wconf 78' lang='lat' dir='ltr'>sperare</span> <span class='ocrx_word' id='word_1_243' title='bbox 2101 3508 2372 3560; x_wconf 80' lang='lat' dir='ltr'>videbatur.</span> 
     </span>
    </p>

    <p class='ocr_par' dir='ltr' id='par_1_8' title="bbox 1780 3587 2802 3797">
     <span class='ocr_line' id='line_1_40' title="bbox 1861 3587 2802 3654; baseline 0.002 -19"><span class='ocrx_word' id='word_1_244' title='bbox 1861 3589 1939 3635; x_wconf 77' lang='lat'>16.</span> <span class='ocrx_word' id='word_1_245' title='bbox 1970 3587 2204 3654; x_wconf 77' lang='lat' dir='ltr'>Affinem.</span> <span class='ocrx_word' id='word_1_246' title='bbox 2230 3588 2309 3636; x_wconf 90' lang='lat' dir='ltr'>Ob</span> <span class='ocrx_word' id='word_1_247' title='bbox 2326 3588 2535 3638; x_wconf 71' lang='lat' dir='ltr'>Tullium</span> <span class='ocrx_word' id='word_1_248' title='bbox 2559 3591 2616 3640; x_wconf 90' lang='lat' dir='ltr'>C.</span> <span class='ocrx_word' id='word_1_249' title='bbox 2636 3590 2802 3638; x_wconf 72' lang='lat' dir='ltr'>Pisoni</span> 
     </span>
     <span class='ocr_line' id='line_1_41' title="bbox 1780 3668 2802 3732; baseline 0.003 -18"><span class='ocrx_word' id='word_1_250' title='bbox 1780 3668 1921 3731; x_wconf 79' lang='lat' dir='ltr'>Frugi</span> <span class='ocrx_word' id='word_1_251' title='bbox 1933 3703 1949 3727; x_wconf 92' lang='lat'>‚</span> <span class='ocrx_word' id='word_1_252' title='bbox 1969 3670 2022 3716; x_wconf 75' lang='lat'>1..</span> <span class='ocrx_word' id='word_1_253' title='bbox 2045 3668 2228 3716; x_wconf 66' lang='lat' dir='ltr'>Pisoni·</span> <span class='ocrx_word' id='word_1_254' title='bbox 2246 3670 2525 3732; x_wconf 82' lang='lat' dir='ltr'>propinquo</span> <span class='ocrx_word' id='word_1_255' title='bbox 2537 3701 2552 3727; x_wconf 91' lang='lat'>,</span> <span class='ocrx_word' id='word_1_256' title='bbox 2571 3671 2624 3717; x_wconf 84' lang='lat' dir='ltr'>in</span> <span class='ocrx_word' id='word_1_257' title='bbox 2642 3670 2802 3718; x_wconf 77' lang='lat' dir='ltr'>matri·</span> 
     </span>
     <span class='ocr_line' id='line_1_42' title="bbox 1780 3746 2327 3797; baseline 0.004 -3"><span class='ocrx_word' id='word_1_258' title='bbox 1780 3747 1999 3795; x_wconf 82' lang='lat' dir='ltr'>monium</span> <span class='ocrx_word' id='word_1_259' title='bbox 2025 3746 2327 3797; x_wconf 81' lang='lat' dir='ltr'>collocatam.</span> 
     </span>
    </p>

    <p class='ocr_par' dir='ltr' id='par_1_9' title="bbox 1776 3825 2802 4207">
     <span class='ocr_line' id='line_1_43' title="bbox 1849 3825 2802 3892; baseline 0.002 -19"><span class='ocrx_word' id='word_1_260' title='bbox 1849 3829 1940 3892; x_wconf 64' lang='lat' dir='ltr'>IX.</span> <span class='ocrx_word' id='word_1_261' title='bbox 1995 3840 2046 3875; x_wconf 69' lang='lat'>1.</span> <span class='ocrx_word' id='word_1_262' title='bbox 2089 3825 2274 3875; x_wconf 76' lang='lat' dir='ltr'>Alienis</span> <span class='ocrx_word' id='word_1_263' title='bbox 2317 3825 2497 3889; x_wconf 74' lang='lat' dir='ltr'>opibus.</span> <span class='ocrx_word' id='word_1_264' title='bbox 2541 3826 2802 3889; x_wconf 74' lang='lat' dir='ltr'>Pompeius</span> 
     </span>
     <span class='ocr_line' id='line_1_44' title="bbox 1780 3903 2799 3968; baseline -0.002 -13"><span class='ocrx_word' id='word_1_265' title='bbox 1780 3908 1988 3968; x_wconf 76' lang='lat' dir='ltr'>Magnus</span> <span class='ocrx_word' id='word_1_266' title='bbox 1998 3904 2058 3954; x_wconf 78' lang='lat' dir='ltr'>A.</span> <span class='ocrx_word' id='word_1_267' title='bbox 2073 3904 2333 3954; x_wconf 76' lang='lat' dir='ltr'>Gabinium</span> <span class='ocrx_word' id='word_1_268' title='bbox 2344 3938 2361 3961; x_wconf 80' lang='grc'><strong>.</strong></span> <span class='ocrx_word' id='word_1_269' title='bbox 2374 3919 2515 3967; x_wconf 77' lang='lat' dir='ltr'>quem</span> <span class='ocrx_word' id='word_1_270' title='bbox 2525 3903 2611 3953; x_wconf 87' lang='lat' dir='ltr'>hic</span> <span class='ocrx_word' id='word_1_271' title='bbox 2626 3906 2799 3960; x_wconf 78' lang='lat' dir='ltr'>Cicero</span> 
     </span>
     <span class='ocr_line' id='line_1_45' title="bbox 1780 3983 2802 4048; baseline -0.001 -15"><span class='ocrx_word' id='word_1_272' title='bbox 1780 3983 2045 4048; x_wconf 68' lang='lat' dir='ltr'>significat,</span> <span class='ocrx_word' id='word_1_273' title='bbox 2083 4000 2240 4046; x_wconf 87' lang='lat' dir='ltr'>neque</span> <span class='ocrx_word' id='word_1_274' title='bbox 2279 4000 2362 4032; x_wconf 76' lang='lat' dir='ltr'>sua</span> <span class='ocrx_word' id='word_1_275' title='bbox 2401 3984 2578 4032; x_wconf 79' lang='lat' dir='ltr'>virtute</span> <span class='ocrx_word' id='word_1_276' title='bbox 2596 4017 2612 4041; x_wconf 91' lang='lat'>‚</span> <span class='ocrx_word' id='word_1_277' title='bbox 2647 4001 2802 4046; x_wconf 80' lang='lat' dir='ltr'>neque</span> 
     </span>
     <span class='ocr_line' id='line_1_46' title="bbox 1777 4062 2793 4128; baseline 0.002 -18"><span class='ocrx_word' id='word_1_278' title='bbox 1777 4065 2012 4123; x_wconf 78' lang='lat' dir='ltr'>majorum</span> <span class='ocrx_word' id='word_1_279' title='bbox 2055 4062 2474 4112; x_wconf 78' lang='lat' dir='ltr'>commendatione</span> <span class='ocrx_word' id='word_1_280' title='bbox 2506 4063 2763 4128; x_wconf 68' lang='lat' dir='ltr'>insignem</span> <span class='ocrx_word' id='word_1_281' title='bbox 2777 4097 2793 4122; x_wconf 80' lang='lat'>‚</span> 
     </span>
     <span class='ocr_line' id='line_1_47' title="bbox 1776 4141 2772 4207; baseline -0.001 -16"><span class='ocrx_word' id='word_1_282' title='bbox 1776 4144 1873 4191; x_wconf 76' lang='lat' dir='ltr'>auia</span> <span class='ocrx_word' id='word_1_283' title='bbox 1892 4143 2070 4207; x_wconf 70' lang='lat' dir='ltr'>opibus</span> <span class='ocrx_word' id='word_1_284' title='bbox 2093 4141 2152 4190; x_wconf 76' lang='lat' dir='ltr'>nd</span> <span class='ocrx_word' id='word_1_285' title='bbox 2181 4142 2483 4191; x_wconf 78' lang='lat' dir='ltr'>cumulatum</span> <span class='ocrx_word' id='word_1_286' title='bbox 2512 4142 2772 4204; x_wconf 74' lang='lat' dir='ltr'>produxit.</span> 
     </span>
    </p>
   </div>
  </div>
 </body>
</html>
