2994 4778
572 407 950 478 ORATIO
992 411 1195 477 PRO
1243 413 1319 478 T.
1366 414 1442 479 A.
1497 396 1928 490 MILONE.
2166 419 2300 493 515

179 526 342 619 ipsa
366 530 491 593 ⁴tot
524 537 667 595 tam
697 527 901 596 claris
939 534 1374 623 argumentis
1416 534 1782 632 signisque
1826 538 2097 628 luceat,
2125 568 2309 640 pura

178 640 434 704 mente
463 647 678 729 atque
705 639 978 731 integra
999 637 1372 726 Milonem,
1404 642 1603 713 nullo
1631 644 1897 716 scelere
1921 649 2308 742 imbutum,

178 741 397 812 nullo
450 757 645 812 metu
684 730 1178 840 perterritum}
1225 748 1419 819 nulla
1463 755 1902 826 couscientia
1945 763 2310 834 exanima-

179 865 347 921 tum
372 905 392 935 ,
426 855 741 922 Romam
809 861 1181 927 revertisse
1216 868 1281 944 ¹3
1351 862 1869 951 recordamini,
1938 891 2067 965 per
2138 872 2311 945 deos

181 962 663 1034 immortales!
707 989 866 1061 quae
900 963 1115 1037 fuerit
1149 969 1472 1041 celeritas
1508 974 1780 1044 reditus
1815 978 2005 1071 ejus3
2044 985 2170 1076 qui
2206 985 2312 1052 in-

184 1096 476 1168 gressus
504 1076 577 1143 in
613 1073 885 1161 forum,
919 1076 1214 1148 ardente
1243 1080 1481 1167 curia3
1518 1105 1676 1176 quoe
1718 1088 2135 1181 magnitudo
2163 1095 2315 1162 ani-

185 1186 333 1270 mi,
376 1186 504 1281 qui
552 1185 823 1268 vultus,
875 1212 1032 1283 quae
1082 1190 1379 1259 orati02.
1419 1194 1675 1288 Neque
1714 1219 1888 1265 vero
1927 1221 1999 1266 se
2039 1204 2314 1298 populo

187 1293 462 1377 solum,
522 1294 646 1365 sed
701 1299 908 1366 etiarn
976 1301 1252 1367 senatui
1301 1302 1697 1388 commisit3
1743 1328 1982 1400 neque
2028 1319 2309 1382 senatui

186 1402 451 1490 modo,
492 1405 619 1475 sed
656 1408 873 1476 etiam
910 1404 1217 1503 publicis
1258 1408 1592 1499 praesidiis
1628 1426 1699 1481 et
1736 1413 2033 1503 armis³;
2073 1444 2312 1517 neque

187 1512 306 1582 his
354 1529 668 1600 tantum,
710 1540 959 1586 verum
1004 1517 1215 1585 etiam
1246 1518 1397 1610 ejus
1432 1523 1765 1614 potestati
1782 1521 1837 1606 ⁴,
1878 1526 1996 1594 cui
2025 1544 2315 1601 senatus

189 1636 418 1693 totam
467 1625 1022 1723 rempublicam,
1079 1649 1369 1695 omnem
1413 1627 1628 1697 Italiae
1683 1629 1996 1725 pubem,
2057 1651 2317 1709 cuncta

190 1732 451 1830 populi
510 1737 785 1805 romani
837 1758 1032 1804 arma
1086 1739 1555 1806 commiserat.
1611 1741 1744 1807 Cui
1808 1767 2201 1840 numquam
2243 1773 2319 1819 se

190 1842 313 1912 hic
378 1843 709 1940 profecto
768 1841 1201 1930 tradidisset,
1251 1847 1384 1913 nisi
1431 1869 1657 1916 causae
1700 1871 1844 1917 suae
1887 1851 2319 1941 confiderem

193 1954 594 2048 praesertim
651 1957 890 2022 omnia
934 1952 1251 2023 audienti
1273 1943 1327 2037 5,
1370 1977 1627 2049 magna
1661 1963 2055 2049 metuenti,
2095 1966 2322 2037 multa

191 2062 623 2173 suspicanti,
649 2061 998 2132 nonnulla
1026 2062 1369 2132 credenti.
1399 2067 1656 2161 Magna
1688 2068 1788 2136 vis
1819 2082 1925 2138 est
1952 2077 2318 2147 conscien-

192 2170 349 2252 tiae,
373 2169 683 2264 judices,
724 2186 795 2240 et
820 2195 1072 2266 magna
1108 2174 1183 2241 in
1211 2185 1596 2267 utramque
1621 2191 1936 2272 partem;
1973 2194 2051 2248 ut
2076 2205 2316 2281 neque

193 2282 519 2366 timeant,
540 2283 664 2376 qui
693 2280 868 2349 nihil
892 2280 1403 2389 commiserint,
1431 2292 1505 2351 et
1534 2307 1820 2379 poenam
1850 2311 2132 2385 semper
2155 2312 2321 2367 ante

191 2413 335 2460 ocu
347 2389 455 2460 los
472 2393 734 2462 versari
778 2406 1079 2488 putent,1
1111 2395 1235 2488 qui
1264 2393 1652 2487 peccarint?

291 2502 545 2596 Neque
588 2525 756 2571 vero
800 2497 951 2570 sine
981 2494 1258 2571 raiione
1297 2515 1524 2583 certa}
1561 2507 1770 2574 causa
1808 2507 2097 2579 Milonis
2132 2536 2317 2581 sem-

196 2633 332 2707 per
368 2635 408 2679 a
444 2625 689 2680 senatu
726 2610 1025 2709 probata
1053 2601 1179 2681 esti
1211 2608 1573 2680 Videbant
1599 2617 1786 2681 enim
1818 2619 2319 2712 sapientissimi
2355 2597 2360 2602 ⁰

193 2719 529 2790 homines
581 2719 741 2790 facti
790 2717 1208 2805 rationemfi,
1257 2723 1704 2816 praesentiam
1757 2724 2013 2810 animi,
2069 2725 2320 2799 defen-

267 2873 466 2920 xxm.
497 2889 538 2922 1.
564 2874 765 2920 Romam
793 2851 1217 2920 revertisse.'Post-

192 2965 350 3014 quam
378 2962 540 2999 orator
567 2952 792 2998 omuibus
811 2950 968 2998 modis
990 2966 1217 3015 compro-

192 3029 340 3076 bavit
374 3029 570 3077 insidias
597 3029 771 3077 Miloni
804 3047 829 3077 a
859 3030 1034 3077 (nodio
1071 3031 1227 3076 fuisse·

192 3117 438 3164 structas,
468 3109 790 3155 innocentiam
828 3109 1027 3155 Milonis
1058 3108 1215 3155 reditu

192 3201 321 3244 suo,
367 3195 415 3260 et
452 3188 597 3234 animi
630 3187 1005 3249 tranquillitate,
1032 3186 1214 3233 confir·

192 3275 333 3312 mate
362 3265 652 3327 aggreditur.
684 3265 889 3312 Reditus
924 3255 1227 3313 celet-itatem⁷

188 3345 349 3404 iactat
374 3356 558 3405 orator,
575 3346 790 3407 qui-non
818 3344 940 3391 adeo
961 3355 1217 3408 promptus

190 3423 323 3470 fuit:
363 3438 473 3470 nam
498 3423 629 3470 curia
653 3422 844 3470 incensa
873 3434 945 3470 est
980 3423 1216 3487 postridie

192 3500 335 3549 necis
376 3501 572 3557 Clodii,
610 3513 659 3548 et
700 3501 793 3550 hac
825 3489 1029 3549 ¹tantum
1071 3511 1215 3548 nocte

191 3579 330 3627 milo
346 3582 551 3628 Romam
576 3581 784 3644 repetiit.

272 3660 473 3720 2.·Quoe
498 3659 672 3706 omte'o.
703 3661 864 3722 Quum
888 3657 1018 3704 curia
1040 3657 1218 3705 confla·

193 3749 387 3802 grai-et,
416 3739 730 3800 omniumque
760 3729 905 3785 animi
932 3735 995 3783 ad
1019 3736 1239 3784 seditio-

192 3832 313 3864 nem
350 3818 713 3865 concitarentur
732 3851 746 3873 ‚
795 3815 918 3862 Milo
954 3816 1220 3863 orationem

192 3895 390 3954 habuit,
412 3913 507 3960 qna
528 3896 939 3944 vehementissime
958 3895 1221 3942 Clodianos

194 3986 273 4022 est
296 3975 579 4023 insectatus.
1002 3985 1006 3989 ·

1304 2865 1555 2930 collocati,
1587 2885 1671 2920 aut
1701 2891 1964 2936 summam,
2008 2894 2095 2941 per
2130 2893 2323 2930 senatus

1304 2948 1576 3010 decretum,
1616 2955 1874 3016 Pompeius
1908 2965 2196 3018 potestatem
2234 2960 2322 3007 ha-

1302 3028 1464 3089 beret3
1489 3028 1572 3075 sed
1593 3030 1727 3093 quod
1750 3047 1812 3078 ex
1829 3033 1951 3080 urbe
1976 3049 2072 3081 non
2096 3036 2324 3087 discesse-

1303 3108 1395 3167 rit,
1422 3121 1582 3170 neque
1601 3108 1841 3168 judicium
1870 3110 2146 3161 voluntario
2172 3115 2323 3166 deeli-

1302 3184 1486 3232 naverit
1514 3184 1703 3233 exsilio.

1376 3273 1422 3321 4.
1469 3263 1589 3327 Ejus
1634 3266 1882 3327 potestati.
1936 3268 2153 3332 Pompeii
2169 3277 2200 3330 ‚⁴
2240 3277 2320 3324 cui

1303 3337 1569 3412 cavendum
1611 3353 1746 3402 erat,
1784 3358 1847 3392 ne
1885 3346 2006 3409 quid
2047 3346 2320 3402 detrimenti

1302 3419 1573 3485 respublica
1601 3434 1809 3486 caperet.

1376 3504 1426 3550 5.
1465 3501 1643 3548 Omnia
1678 3501 1912 3552 audienti.
1950 3504 2126 3554 Nullos
2151 3514 2324 3575 populi

1305 3596 1521 3628 rumores
1542 3581 1819 3644 negligenti.
1843 3609 1913 3618 —-
1933 3585 2191 3636 Nonnulla
2220 3609 2324 3639 cre-

1306 3660 1455 3707 denti.
1476 3663 1599 3723 Quae
1620 3663 1718 3709 sint
1738 3678 1792 3708 ea
1805 3698 1819 3720 ‚
1846 3663 2042 3712 iuferius
2061 3669 2288 3733 explanat
2304 3709 2319 3733 ,

1307 3754 1413 3800 cap.
1434 3740 1519 3796 24.

1379 3816 1429 3863 6.
1458 3814 1598 3860 Facti
1621 3816 1875 3863 rationem.
1903 3824 1949 3865 A
1971 3832 2141 3874 natura
2169 3825 2325 3873 Milo-

1310 3894 1385 3940 nis
1407 3904 1600 3940 senatus
1625 3897 1942 3956 praesumebat
1971 3898 2064 3946 tale
2093 3903 2325 3965 quiddam

1311 3982 1620 4032 eventui-uun
1658 3988 1766 4020 nam
1803 3990 1988 4023 summa
2025 3981 2171 4028 animi
2214 3999 2334 4031 eou-

271 4055 322 4130 ᾇ.
361 4052 605 4102 Praest‘diis
639 4064 690 4099 et
721 4051 903 4128 armis.
930 4041 1043 4099 Non
1088 4050 1223 4114 quod
1313 4050 1484 4098 stantia
1506 4050 1649 4099 latius
1676 4056 1905 4115 grassanti
1933 4055 2111 4108 Clodio
2139 4078 2328 4128 semper

202 4134 304 4191 ism
330 4133 493 4182 essunt
516 4131 693 4180 delecti
716 4130 922 4189 milites,
960 4141 1009 4178 et
1036 4129 1090 4178 in
1116 4129 1226 4178 foro
1316 4125 1587 4177 obstiterat.

1986 4218 2095 4306 33.
