2994 4778
907 397 1560 466 ARGUMENTU
1580 399 1673 465 M.
2218 401 2348 492 47¹

312 519 575 580 ordinem
618 532 990 597 quereretur.
1025 524 1112 578 Ac
1153 520 1201 578 si
1248 519 1579 600 incendium
1621 520 1829 589 curias,
1874 522 2363 598 oppugnationem

312 617 524 676 aedium
542 615 841 693 M.Lepidi
857 659 874 686 ‚
889 615 1103 674 caedem
1124 617 1275 674 hanc
1294 618 1476 696 ipsam
1495 628 1700 674 contra
1721 614 2138 693 rempublicam
2157 619 2363 676 factam

311 714 659 784 decreverit,
689 714 801 770 hoc
825 734 895 770 eo
925 716 1135 772 sactum
1157 736 1309 784 esse,
1335 714 1492 792 qnod
1518 716 1673 770 nulla
1698 714 1786 770 vis
1812 731 2080 790 umquam
2106 716 2160 770 in
2182 714 2362 772 libera

311 812 547 870 civitate
569 824 833 886 suscepta
863 814 1013 868 inter
1037 812 1187 868 cives
1213 832 1327 868 non
1353 812 1425 868 sit
1452 826 1650 868 contra
1678 810 2124 886 rempublicam,
2156 830 2280 886 cap.
2312 812 2364 868 5.

392 908 657 984 Denique
691 908 953 964 dixerant
975 908 1289 964 adversarii
1315 908 1650 984 Pompeium
1678 908 1978 984 rogatione
2002 928 2104 962 sua
2126 918 2182 962 et
2208 906 2280 962 de
2301 928 2364 964 re

309 1020 365 1064 et
393 1006 467 1062 de
491 1026 661 1062 causa
679 1004 1051 1080 judicavisse,
1073 1006 1229 1080 quod
1265 1006 1462 1062 tulerit
1492 1004 1564 1062 de
1594 1004 1748 1062 caede
1768 1048 1782 1074 ,
1818 1024 1946 1080 quae
1974 1004 2028 1060 in
2058 1006 2150 1060 via
2182 1006 2364 1080 Appia

315 1104 465 1160 facta
489 1116 671 1170 esset,
711 1102 767 1158 in
799 1122 911 1178 qua
945 1108 1003 1158 P.
1039 1102 1275 1158 Clodius
1303 1104 1526 1160 occisus
1564 1114 1704 1158 crat.
1746 1102 1850 1158 Cui
1898 1102 2102 1158 Cicero
2146 1102 2227 1156 sic
2268 1120 2364 1158 re-

311 1198 595 1276 spondet,
623 1210 685 1254 ut
717 1198 1015 1270 ostendat,
1059 1200 1397 1276 Pompeium
1427 1198 1670 1266 vidisse,
1706 1198 1876 1253 etiam
1916 1198 1971 1252 in
2010 1198 2368 1254 consessione

319 1296 477 1364 facti,
505 1308 692 1352 tamen
711 1294 859 1370 juris
887 1294 1277 1352 defensionem
1299 1296 1512 1372 suscipi
1538 1316 1722 1372 posse.
1754 1294 1944 1354 Fuisse
1972 1294 2106 1350 olim
2129 1292 2372 1350 nobilis-

313 1394 489 1450 simos
521 1392 739 1468 aliquot
771 1392 921 1446 viros
961 1406 1225 1460 necatos,
1269 1390 1341 1448 de
1387 1390 1596 1466 quibus
1644 1392 1882 1466 quaestio
1914 1402 2072 1446 extra
2106 1392 2368 1448 ordinem

316 1490 433 1546 lata
451 1508 571 1544 non
595 1488 685 1544 sit.
715 1492 913 1562 Neque
941 1508 1075 1544 vero
1103 1488 1233 1544 ideo
1265 1502 1508 1544 mortem
1540 1492 1600 1544 P.
1626 1486 1814 1544 Clodii
1844 1486 2188 1542 atrociorem
2216 1506 2368 1556 esse,

315 1584 475 1664 quod
503 1586 547 1642 is
575 1586 631 1640 in
655 1586 747 1642 via
769 1584 983 1660 Appia,
1015 1584 1125 1640 hoc
1149 1598 1265 1654 est,
1301 1586 1359 1640 in
1391 1586 1776 1640 monumentis
1812 1584 2098 1660 majorum
2130 1604 2368 1640 suorum

317 1686 391 1742 sit
413 1684 765 1740 interfectus.
801 1680 891 1738 Ab
919 1682 1045 1756 ipso
1073 1682 1225 1738 enim
1255 1688 1333 1738 M.
1365 1682 1660 1758 Papirium
1688 1682 1742 1736 in
1770 1680 1970 1736 eadem
1998 1682 2086 1736 via
2114 1682 2370 1736 occisum

314 1800 469 1846 essm
499 1778 869 1856 ejusdemque
895 1778 1083 1836 Clodii
1113 1798 1343 1834 servum
1373 1780 1429 1834 in
1464 1778 1680 1854 templo
1712 1780 1966 1836 Castoris
1990 1778 2372 1854 comprehen—

317 1898 445 1936 sum
487 1898 645 1946 esse,
679 1896 851 1952 quem
897 1876 991 1930 ille
1033 1876 1103 1932 ad
1153 1880 1255 1930 Cn.
1297 1876 1634 1952 Pompeium
1680 1876 2138 1932 interficiendum
2184 1876 2372 1932 collo-

315 1976 483 2032 carit.
509 1976 595 2030 Ne
625 1972 697 2030 de
739 1972 849 2030 hoc
887 1972 1119 2048 quidem
1163 1972 1417 2028 facinore
1456 1972 1814 2048 rogationem
1848 1972 2048 2040 latam,
2088 1984 2186 2028 aut
2210 1992 2370 2046 quae-

315 2072 567 2128 stionern
603 2068 891 2126 decretam
935 2088 1073 2124 esse.
1119 2074 1319 2144 Itaque
1355 2068 1692 2142 Pompeium
1735 2086 1850 2122 non
1896 2068 2060 2136 sacti,
2100 2066 2198 2122 sed
2226 2068 2374 2143 juris

315 2166 805 2242 disceptationem
839 2184 961 2220 esse
991 2164 1271 2230 voluisse3
1317 2164 1570 2220 delectos
1600 2182 1722 2218 esse
1742 2162 1964 2238 judices
1992 2162 2064 2218 ex
2094 2162 2376 2218 florentis-

317 2264 483 2320 simis
525 2260 829 2320 ordinibus
857 2262 1015 2316 viros
1053 2260 1285 2316 intimos
1335 2274 1391 2316 et
1438 2260 1872 2334 integerrimffi,
1933 2260 1988 2314 in
2028 2264 2092 2316 L.
2122 2260 2376 2316 Domitio

319 2372 545 2430 autem,
571 2378 741 2434 quem
777 2358 1077 2434 quaestioni
1111 2376 1355 2434 praeesse
1381 2356 1666 2422 voluerit,
1698 2354 1838 2410 nihil
1872 2354 2030 2410 aliud
2060 2368 2376 2432 spectasse,

319 2458 427 2515 nisi
457 2454 779 2533 quaesitoris
803 2454 1083 2529 justitiam
1103 2495 1119 2519 ,
1161 2454 1524 2529 gravitatem,
1568 2450 1984 2509 humanitatem
2004 2495 2020 2521 ,
2052 2452 2238 2509 fidem.
2270 2458 2380 2509 Re-

319 2553 543 2631 liquum
575 2553 749 2629 igitur
779 2571 927 2623 esse,
961 2565 1023 2607 ut
1045 2549 1269 2625 judices
1295 2549 1442 2605 nihil
1474 2549 1630 2605 aliud
1670 2567 1928 2623 quaerere
1956 2547 2232 2617 debeant,
2268 2549 2378 2605 nisi

321 2663 453 2709 uter
475 2651 589 2707 utri
617 2648 851 2705 insidias
877 2649 1107 2717 fecerit,
1135 2667 1259 2723 cap.
1285 2647 1413 2701 6-8.

397 2747 673 2823 Sequitur
703 2747 877 2821 igitur
911 2746 1165 2801 narratio
1207 2745 1291 2799 rei
1333 2759 1542 2821 gestae,
1590 2745 1912 2823 prudenter
1956 2745 2036 2801 sic
2086 2745 2376 2811 instituta,

319 2857 385 2903 ut
415 2855 727 2921 appareat,
765 2843 1029 2901 Clodium
1075 2841 1311 2899 insidias
1353 2843 1552 2899 fecisse
1582 2845 1820 2913 Milon'13
1872 2841 2112 2919 ejusque
2148 2861 2378 2909 servus,

319 2957 502 3017 quum
529 2941 675 2997 Milo
713 2951 843 2995 ante
881 2939 1121 2995 fundum
1153 2937 1275 3013 ejus
1313 2941 1361 2995 ei
1407 2939 1776 3009 occurrisset,
1822 2939 1876 2995 in
1916 2938 2070 2995 hune
2098 2939 2376 3013 impetum

325 3037 551 3107 fecisse,
591 3049 761 3111 atque
805 3037 883 3091 ita
917 3033 1183 3093 Clodium
1227 3055 1257 3090 a
1305 3035 1482 3091 servis
1520 3035 1784 3105 Milonis,
1818 3037 1918 3111 qui
1956 3055 2086 3091 eum
2124 3035 2378 3089 occisum

317 3151 447 3191 esse
469 3153 539 3191 ex
567 3133 695 3209 ipso
721 3132 927 3189 Clodio
953 3133 1277 3199 audissent,
1309 3151 1498 3207 neque
1526 3131 1842 3207 imperante
1864 3177 1878 3203 ,
1916 3151 2104 3207 neque
2130 3131 2380 3201 sciente,

317 3250 513 3307 neque
543 3243 823 3307 praesente
845 3229 1083 3287 domino
1101 3275 1115 3301 ‚
1139 3231 1508 3287 interfectum
1540 3249 1688 3299 esse,
1716 3247 1842 3307 cap.
1870 3247 1966 3303 9-1
1986 3249 2036 3283 1.

399 3333 547 3387 Tum
583 3327 803 3385 accedit
847 3341 1045 3385 orator
1079 3327 1151 3383 ad
1193 3327 1716 3395 confirmationem,
1760 3325 1820 3381 in
1855 3345 1968 3403 qua
1998 3325 2248 3401 primum
2278 3325 2382 3381 de-

321 3437 685 3483 monstratur
711 3425 1009 3491 Clodium,
1033 3425 1165 3501 quia
1193 3425 1397 3481 Miloni
1423 3423 1660 3481 insidias
1688 3423 1920 3493 fecerit,
1960 3441 2172 3479 caesnm
2200 3441 2338 3499 esse.

401 3523 513 3581 Hic
537 3521 784 3599 primum
815 3521 1067 3579 ostendit
1087 3519 1357 3577 Clodium
1385 3521 1602 3597 magnis
1630 3519 2032 3577 emolumentis
2058 3517 2128 3575 ad
2160 3519 2380 3576 interfi-

317 3617 595 3675 ciendum
637 3617 911 3673 Milonem
959 3615 1195 3673 ductum
1245 3637 1395 3687 esse,
1462 3617 1666 3675 Miloni
1714 3615 1904 3674 Clodii
1962 3629 2212 3673 mortem
2262 3637 2378 3671 non

319 3713 501 3771 modo
526 3715 671 3771 nihil
699 3715 1019 3791 profuisse,
1045 3713 1143 3769 sed
1183 3715 1353 3771 etiam
1391 3713 1666 3771 obfuisse..
1708 3713 1930 3771 Deinde
1962 3713 2158 3769 odium
2192 3711 2380 3769 Clodii

319 3830 459 3887 erga
489 3811 765 3867 Milouem
795 3811 1011 3887 majus,
1045 3829 1217 3885 quam
1247 3811 1419 3885 hujus
1450 3811 1508 3865 in
1546 3811 1708 3865 illum
1744 3811 1950 3877 fuisse,
1996 3829 2122 3885 cap.
2155 3827 2254 3877 12,
2292 3809 2378 3863 13.

319 3913 473 3965 Tum
505 3907 961 3977 demonstratur,
1001 3905 1235 3963 Milonis
1283 3905 1668 3961 innocentiam
1712 3904 1832 3981 ejus
1878 3903 2294 3961 consuetudine
2326 3917 2382 3959 et

319 4017 532 4059 natura
565 4003 829 4071 defendi,
855 4003 1042 4061 Clodii
1075 4001 1301 4079 culpam
1335 4001 1423 4057 his
1454 3999 1656 4057 iisdem
1680 3999 1850 4059 rebus
1880 4001 2134 4076 coargui.
2160 4001 2380 4057 Etenim

323 4099 519 4159 Clodii
543 4099 1019 4157 consuetudinem
1053 4113 1387 4175 perpetuam
1421 4097 1592 4153 fuisse
1624 4095 1680 4151 in
1710 4097 1764 4153 vi
1792 4095 2122 4165 inferenda,
2150 4093 2384 4151 Milonis

1978 4625 2149 4669 mistress
2168 4625 2211 4669 sy
2226 4576 2576 4695 COOglG
