2994 4778
593 420 732 501 204
1224 420 1320 487 M.
1373 422 1449 489 T.
1504 422 2063 493 CICERONIS

585 539 782 608 Baias
803 592 824 625 ‚
855 552 1043 609 actas
1059 542 1116 625 4,
1153 542 1507 628 convivia,
1540 534 2076 615 comissationes
2096 542 2151 631 ⁵,
2195 559 2442 616 cantus
2464 600 2483 628 ,
2518 570 2726 643 sym-

586 647 923 743 phonia5‚
967 651 1243 745 navigia
1264 640 1620 743 jactant6'3
1656 652 2019 750 iidemque
2048 652 2490 749 significant,
2524 657 2718 726 nihi!

587 773 799 842 seste
837 760 1090 846 invita,
1117 760 1374 830 dicere.
1403 765 1580 849 Qnae
1616 776 1731 849 tu,
1770 766 2110 859 quoniam
2147 779 2427 848 mente,
2463 767 2721 836 nescio

584 890 758 963 qua,
805 865 1147 940 effrenata
1200 885 1416 966 atque
1468 873 1854 968 praecipiti,
1893 876 1963 943 in
2011 872 2251 943 forum
2292 871 2557 943 deferri
2587 877 2719 968 ju-

578 965 990 1074 diciumque
1032 979 1361 1067 voluisti,
1405 995 1528 1051 aut
1568 979 1796 1052 diluas
1836 997 2163 1080 oportet,
2212 997 2285 1053 et
2326 982 2498 1055 falsa
2548 1010 2715 1056 esse

577 1084 867 1176 doceaS,
898 1103 1021 1158 aut
1049 1087 1225 1157 nihil
1255 1114 1491 1186 neque
1518 1092 1798 1163 crimini
1826 1107 1987 1178 tuo,
2017 1117 2257 1189 neque
2285 1095 2716 1164 testimonio

584 1194 1015 1267 credendum
1038 1210 1063 1254 ⁷
1104 1222 1254 1268 esse
1290 1197 1581 1270 fateare.

676 1308 800 1376 Sin
836 1321 1075 1377 autem
1125 1305 1469 1378 urbanius
1511 1332 1626 1377 me
1669 1332 1875 1404 agere
1920 1310 2179 1396 mavis,
2222 1312 2322 1381 sic
2363 1334 2562 1407 agam
2600 1323 2711 1380 te-

582 1439 769 1494 cum.
823 1416 1240 1487 Removebo
1282 1417 1486 1486 illum
1534 1442 1781 1488 senem
1828 1417 2090 1489 durum
2137 1444 2218 1489 ac
2261 1444 2463 1516 paene
2503 1444 2710 1515 agre-

581 1540 802 1613 stem3
857 1551 943 1596 ex
999 1525 1250 1623 hisque
1302 1522 1494 1597 tuis⁸
1551 1550 1824 1597 sumam
1888 1527 2239 1625 aliquem.
2288 1553 2370 1599 ac
2418 1532 2708 1625 potissi·

583 1656 782 1703 mum
823 1635 1198 1706 minimum
1239 1634 1527 1706 fratrem
1546 1648 1603 1724 9,
1642 1639 1768 1732 qui
1796 1640 2003 1709 estin
2032 1641 2459 1733 istogenere
2485 1637 2709 1710 urba-

655 1864 703 1912 4.
766 1859 930 1904 Aetas.
987 1858 1111 1905 Sunt
1150 1868 1269 1905 ποτε
1313 1858 1454 1906 litora
1499 1873 1599 1904 non

582 1935 741 1983 solum
790 1935 1003 1999 Grecis,
1058 1936 1144 1983 sed
1199 1937 1343 1984 etiam
1396 1936 1595 1985 latinis.

585 2016 783 2063 AEn-V:
823 2038 845 2058 ι
868 2020 935 2065 At
960 2016 1134 2081 procul
1169 2017 1220 2063 in
1265 2016 1365 2062 sols
1406 2025 1599 2061 secretae

581 2095 797 2144 Troades
823 2106 928 2143 sets
952 2117 993 2142 a.
1027 2096 1409 2142 Luxuriosorum
1441 2104 1600 2140 sutem

584 2175 807 2223 convivia
831 2176 1105 2238 frequenter
1125 2177 1177 2221 in
1198 2175 1319 2222 sctis
1333 2208 1347 2231 ,
1372 2175 1475 2220 sive
1491 2172 1603 2220 lito·

582 2253 714 2300 ribus
735 2253 988 2302 celebrata.
1010 2254 1211 2301 Verrius
1236 2253 1295 2300 de
1317 2253 1597 2316 suppliciis:

582 2355 606 2373 ιι
625 2331 948 2379 Tabernaculs
969 2330 1374 2396 quemadmodum
1396 2347 1600 2378 consue·

584 2421 715 2458 verat
745 2411 1043 2473 temporibus
1069 2411 1270 2468 aestivis‚
1296 2410 1431 2473 quod
1460 2423 1601 2460 antes

576 2490 675 2550 jam
729 2488 1084 2545 demonstravi,
1132 2488 1368 2535 carbaseis
1413 2490 1601 2537 intenta
1638 2538 1643 2545 ,

584 2571 702 2619 velis
738 2568 967 2617 collocari
998 2568 1142 2628 jussit
1175 2569 1229 2614 in
1260 2567 1400 2614 litore
1407 2601 1590 2618 ......

580 2666 772 2705 smoeno
812 2664 952 2706 sane,
995 2658 1044 2694 et
1085 2647 1146 2693 ab
1181 2644 1371 2693 arbitris
1413 2656 1599 2694 remoto

580 2731 713 2777 loco.
752 2729 846 2774 Hic
885 2726 987 2773 dies
1022 2725 1215 2773 aestivos
1252 2726 1520 2786 sexaginta.
1542 2761 1552 2773 .
1575 2758 1588 2771 .

583 2811 651 2857 sic
679 2807 828 2868 vixit,
863 2817 921 2853 ut
951 2804 1197 2850 muliebria
1225 2801 1447 2865 quotidie
1475 2819 1599 2849 con-

581 2888 703 2937 vivis
749 2894 934 2939 essent,
984 2883 1057 2927 vir
1098 2879 1403 2928 accumberet
1455 2897 1600 2929 nemo

582 2977 758 3033 praeter
777 2965 933 3027 ipsum
948 2999 962 3023 ,
991 2971 1086 3007 etc.
1106 2982 1131 3001 ι-

652 3048 698 3095 5.
731 3040 1115 3093 Comissationes.
1135 3040 1284 3086 Erant
1312 3039 1467 3102 epulae
1486 3050 1601 3103 post

581 3143 765 3176 coenam
809 3123 1095 3176 celebratae,
1139 3129 1194 3166 ut
1237 3117 1382 3166 tradit
1426 3121 1602 3167 Sueto.

582 3208 693 3255 nius
724 3208 775 3253 in
804 3204 901 3253 vita
926 3201 1166 3256 Othonis,
1200 3214 1310 3262 cap.
1353 3200 1413 3246 13
1432 3233 1446 3256 ,
1473 3208 1520 3244 et
1548 3198 1600 3245 in

583 3285 889 3342 Domitian03
909 3297 1015 3343 esp.
1057 3294 1138 3326 αι.
1172 3277 1271 3326 Tit.
1303 3277 1466 3324 Livius
1501 3279 1600 3323 De·

583 3363 688 3413 cad.
714 3364 800 3419 IV,
823 3361 907 3408 lib.
935 3362 981 3405 X
1008 3372 1021 3405 ε
1055 3378 1076 3399 «ι
1100 3355 1268 3405 Credis
1308 3371 1383 3401 me
1403 3391 1417 3413 ‚
1446 3365 1601 3418 pater,

583 3448 712 3493 inter
762 3441 966 3487 inermes
1021 3435 1248 3482 convivas
1297 3443 1599 3479 coenaturum

581 3524 751 3576 fuisse,
787 3518 847 3564 ad
881 3530 1028 3577 quem
1068 3512 1236 3558 armati
1278 3519 1599 3557 comessatum

585 3607 817 3650 venerunt
842 3617 882 3642 ι.
922 3595 1109 3638 Frustra
1143 3587 1303 3646 enim,
1335 3587 1375 3633 si
1414 3587 1599 3634 nullum

581 3688 706 3730 osset
739 3674 1022 3733 discrimen,
1061 3682 1159 3713 vox
1195 3676 1394 3728 utraque
1424 3667 1602 3728 junge.

585 3770 735 3809 retur.

652 3838 702 3885 6.
722 3828 1049 3896 Symphonias,
1073 3823 1268 3889 navigia
1279 3823 1496 3889 jactant.
1519 3826 1603 3872 Se-

582 3933 698 3967 neca
721 3930 798 3978 ep.
824 3912 851 3958 5
867 3927 882 3956 ι
906 3923 919 3955 :
949 3929 971 3948 e
993 3907 1191 3970 Sapiens
1217 3905 1276 3952 de
1302 3921 1490 3952 secessu
1515 3921 1600 3952 co-

581 3999 736 4061 gitans
764 4004 1021 4052 numquam
1053 3987 1305 4049 Canopum
1330 3984 1475 4047 eliget
1491 4018 1529 4041 ,.
1546 4021 1558 4032 .
1574 4020 1587 4031 .

586 4093 644 4124 ue
676 4073 813 4122 Baias
844 4067 1069 4132 quidem3
1106 4065 1424 4111 diversorium
1460 4064 1601 4111 vitio·

588 4172 695 4203 rum
714 4167 815 4201 esse
833 4142 1318 4212 coeperunt...Videre
1336 4142 1495 4190 ebrios
1514 4157 1602 4205 per

1684 1857 1826 1906 litora
1864 1871 2100 1918 errantes,
2138 1871 2187 1907 et
2221 1862 2596 1910 comessationes
2624 1877 2712 1909 us·

1685 1938 1948 1999 vigantinm
1960 1972 1974 1995 ,
1998 1950 2048 1986 et
2064 1939 2465 2003 symphoniarum
2483 1940 2711 1986 cantibus

1684 2027 2036 2080 perstrepentes
2053 2018 2214 2075 lacus,
2242 2029 2290 2065 et
2315 2017 2404 2065 alis
2435 2034 2544 2081 quae
2573 2018 2708 2065 velut

1686 2094 1840 2140 soluts
1883 2093 2068 2156 legibus
2106 2095 2296 2143 luxuria
2311 2129 2326 2154 ‚
2374 2112 2479 2142 non
2513 2107 2704 2143 tantum

1685 2184 1884 2237 peccat,
1916 2172 2000 2220 sed
2028 2173 2270 2237 publicat.
2291 2209 2304 2220 .
2327 2208 2339 2221 .
2376 2173 2703 2221 habitum-um

1688 2261 1743 2298 tu
1770 2262 1908 2314 putas
1936 2267 2162 2314 umquam
2190 2252 2334 2298 fuisse
2360 2251 2413 2297 in
2443 2252 2580 2298 Utica
2606 2253 2708 2299 Cn-

1687 2339 1852 2375 tonem
1866 2364 1879 2383 ,
1919 2340 1973 2376 ut
1994 2329 2444 2393 praeternsvigsutes
2466 2329 2711 2379 adnitens

1688 2409 2010 2457 dinumeraret
2025 2443 2040 2464 ‚
2069 2421 2115 2457 et
2135 2421 2211 2458 tot
2234 2409 2504 2474 adspiceret
2531 2428 2711 2473 genera

1688 2488 1972 2552 cymbarum
2007 2490 2149 2535 variis
2187 2488 2432 2536 coloribus
2470 2490 2628 2553 picta,
2663 2502 2715 2537 et

1686 2566 1951 2614 fluitantem
1971 2577 2078 2615 toto
2097 2568 2205 2615 lacu
2232 2584 2385 2615 rosam
2400 2602 2414 2623 ,
2440 2580 2496 2616 ut
2517 2570 2716 2618 audiret

1687 2647 1960 2693 canentium
1985 2657 2224 2694 nocturna
2245 2647 2469 2694 convicia
2483 2649 2506 2693 Ρ
2518 2648 2714 2710 Quidni

1688 2725 1842 2781 malit,
1863 2727 2080 2788 quisquis
2099 2726 2173 2771 vir
2191 2737 2263 2773 est
2279 2759 2294 2786 ,
2318 2742 2542 2774 somnum
2563 2744 2710 2775 suum

1686 2802 1885 2851 classico
1925 2820 2068 2867 quam
2110 2804 2396 2868 symphonia
2427 2808 2612 2868 'rumpi
2632 2808 2655 2853 Ρ
2684 2829 2712 2848 ι.

1685 2883 1814 2928 Talis
1849 2884 1936 2929 fuit
1965 2883 2044 2930 illa
2084 2884 2293 2930 Neronis
2329 2884 2605 2946 imvigati0‚
2646 2886 2713 2932 de

1631 2970 1640 2973 “
1685 2977 1779 3022 qua
1802 2962 1956 3008 Tacit.
1979 2964 2075 3009 XV
2098 2962 2377 3009 Annalium.

1760 3057 1806 3099 7.
1859 3040 2021 3103 Neque
2069 3040 2342 3088 eestimom‘o
2395 3041 2709 3090 credendum.

1685 3120 1812 3182 Quin
1830 3119 2011 3165 scilicet
2030 3119 2288 3166 infamibus
2307 3130 2355 3167 et
2373 3121 2709 3168 meretricibus

1683 3198 2011 3245 testimonium
2036 3197 2310 3246 dicentibus
2330 3199 2460 3246 nulla
2481 3198 2601 3247 fides
2619 3199 2710 3247 de-

1686 3277 1766 3323 bet
1811 3276 1992 3324 haberi.
2036 3278 2115 3324 Sic
2157 3276 2217 3326 de
2254 3278 2455 3325 testibus
2498 3278 2708 3325 habetur

1684 3356 1967 3417 rescriptum
1990 3368 2004 3402 ε
2028 3377 2052 3395 ι
2070 3354 2163 3401 Alii
2188 3371 2303 3402 vero
2318 3367 2520 3419 propter
2539 3367 2708 3403 notem

1685 3443 1730 3480 et
1757 3434 1999 3479 infamiam
2024 3435 2135 3480 vitae
2164 3450 2262 3481 ωε
2287 3434 2574 3482 admittendi
2604 3452 2710 3483 non

1683 3522 1796 3558 sunt
1810 3511 1872 3558 ad
1891 3511 2150 3558 testimonii
2164 3511 2309 3559 fidem
2322 3534 2361 3559 ».
2393 3515 2712 3578 Quapropter

1685 3606 1876 3637 necesse
1892 3591 1987 3637 fuit
2005 3602 2058 3637 ut
2076 3591 2247 3639 Clodia
2271 3603 2465 3653 negaret
2481 3608 2534 3637 se
2553 3609 2718 3639 mere·

1684 3670 1825 3716 tricio
1840 3684 1974 3716 more
1988 3685 2096 3716 cum
2115 3669 2270 3717 Coelio
2286 3670 2429 3717 fuisse
2445 3681 2677 3717 versatam
2698 3706 2716 3728 ,

1685 3747 1763 3794 vel
1779 3763 1919 3794 suum
1933 3749 2259 3796 testimonium
2277 3749 2456 3798 nullius
2471 3751 2715 3797 momenti

1685 3841 1786 3873 esse
1807 3827 2056 3876 fateretur.

1759 3906 1805 3952 8.
1832 3907 1908 3951 Ex
1926 3904 2096 3968 hisque
2114 3904 2221 3951 mis.
2242 3905 2320 3952 Al.
2337 3922 2403 3952 ex
2421 3905 2493 3951 Ιώ
2506 3905 2660 3968 igitur
2675 3919 2715 3957 e.

1686 3985 1736 4031 J.
1758 3985 1820 4028 V.
1845 3986 1897 4030 L.

1759 4076 1812 4121 9.
1846 4058 2097 4107 Minimum
2110 4058 2338 4120 fratrem.
2367 4063 2425 4108 P.
2458 4059 2714 4108 Clodium.

1687 4140 1806 4186 Tres
1851 4136 1980 4184 enim
2028 4138 2196 4186 fatres
2248 4138 2380 4185 fuere
2399 4172 2416 4196 ,
2468 4139 2716 4186 maximus
