2994 4778
669 392 1058 462 onA‘rlo
1108 393 1306 461 Pno
1356 395 1449 462 Μ.
1503 394 1897 465 cosmo.
2213 423 2339 496 ¹77
2425 373 2432 381 '

215 515 474 609 Neque
511 515 702 583 enim
750 511 960 583 vobis
994 514 1163 583 satis
1202 511 1699 585 commendata
1734 514 1951 611 hujus
1979 531 2143 590 aetas
2182 544 2334 595 esse

223 637 493 718 posset,
539 623 600 691 si
633 646 785 691 non
826 620 1047 691 modo
1084 624 1398 718 parenti,
1439 622 1560 692 tali
1596 624 1794 711 vire,
1837 649 2080 697 verum
2124 633 2334 702 etiam

227 734 618 829 municipio
657 746 803 801 tam
843 730 1095 802 illustri
1137 755 1219 803 ac
1253 745 1396 800 tam
1430 732 1624 827 gravi
1664 730 2090 830 displiceret.
2123 743 2336 836 Equi-

224 840 427 926 dem,
463 856 549 910 ut
594 840 686 911 ad
738 863 852 909 me
899 854 1235 926 revertar,
1292 838 1382 909 ab
1432 839 1539 909 his
1579 837 1901 913 fontibus
1934 841 1993 887 ¹⁵
2030 849 2339 942 profluxi

218 949 307 1020 ad
352 949 742 1020 hominum
785 948 1090 1037 famam,
1134 962 1204 1019 et
1251 972 1452 1019 meus
1494 948 1612 1019 hic
1646 947 1950 1023 forensis
1995 954 2201 1027 labor
2234 961 2337 1029 vi-

217 1073 453 1156 taeque
505 1060 689 1129 ratio
741 1057 1126 1128 dimanavit
1182 1057 1269 1128 ad
1323 1060 1916 1133 existimationem
1964 1063 2341 1141 hominum

216 1168 462 1266 paullo
498 1168 713 1239 latius
743 1165 1368 1238 commendatione
1399 1192 1481 1239 ac
1512 1167 1785 1263 judicio
1818 1197 2172 1248 meorum.

304 1287 436 1353 111.
486 1286 672 1353 Nam
695 1333 714 1366 ‚
760 1279 958 1377 quod
995 1278 1360 1376 objectum
1397 1297 1503 1354 est
1541 1280 1630 1354 de
1661 1285 2004 1380 pudicitia
2028 1299 2079 1377 ¹,
2114 1291 2344 1387 quod·

219 1418 356 1490 que
406 1391 742 1461 omnium
792 1403 1282 1461 accusatorum
1336 1415 1485 1460 non
1536 1394 1995 1483 criminibus,
2040 1398 2164 1469 sed
2212 1425 2340 1472 vo-

220 1502 418 1573 cibus
447 1499 994 1593 maledictisque
1021 1497 1460 1569 celebratum
1494 1515 1638 1589 est,
1670 1500 1742 1572 id
1771 1527 2169 1601 numquam
2200 1523 2345 1581 tam

223 1611 474 1684 acerbe
521 1609 701 1681 feret
741 1613 836 1678 M.
877 1608 1184 1695 Coelius,
1222 1623 1305 1678 ut
1347 1633 1512 1680 eum
1556 1614 1902 1707 poeniteat
1930 1638 2082 1687 non
2111 1616 2345 1692 defor-

223 1746 404 1792 mem
449 1743 613 1791 esse
662 1728 981 1788 natum2.
1031 1722 1212 1789 Sunt
1268 1719 1534 1788 etenim
1586 1722 1717 1790 ista
1771 1723 2141 1798 maledicta
2176 1752 2340 1826 per-

225 1830 502 1928 vulgata
550 1830 625 1898 in
669 1852 962 1911 omneS,
1005 1852 1319 1922 quorum
1362 1832 1438 1899 in
1483 1828 1967 1906 adolescentia
2007 1835 2240 1911 forma
2277 1857 2348 1912 et

228 1943 492 2039 species
530 1937 672 2008 fuit
712 1935 1039 2008 liberalis.
1082 1936 1219 2009 Sed
1264 1937 1453 2008 aliud
1501 1954 1608 2010 est
1646 1941 2108 2032 maledicere,
2153 1949 2346 2021 aliud

230 2074 578 2122 accusare.
637 2047 1013 2118 Accusatio
1063 2046 1337 2117 crimen
1390 2045 1782 2136 desiderat,
1842 2076 1993 2123 rem
2052 2071 2134 2127 ut
2173 2057 2345 2131 defi-

229 2163 390 2245 niat,
449 2154 876 2229 hominem³
936 2170 1014 2226 ut
1057 2170 1295 2243 notet,
1339 2174 1766 2254 argumento
1811 2161 2118 2257 probet,
2167 2183 2344 2243 teste

232 2269 625 2339 confirmet.
688 2263 1093 2336 Maledictio
1147 2280 1388 2335 autem
1441 2266 1620 2337 nihil
1677 2267 1894 2340 habet
1951 2282 2343 2373 propositi,

236 2395 477 2474 praeter
545 2373 1114 2448 contumeliam:
1179 2399 1341 2471 quae
1399 2377 1457 2445 si
1518 2377 1952 2474 petulantius
2009 2384 2346 2480 jactatur,

238 2489 717 2575 convicium43
758 2489 816 2555 si
862 2482 1192 2569 facetius,
1231 2482 1600 2555 urbanitas
1635 2491 2070 2562 nominatur.
2111 2499 2345 2589 Quam

1327 2619 1678 2668 obliterandam
1733 2621 2142 2685 pulchritudinem
2171 2632 2342 2682 vulne·

1327 2698 1460 2746 ribus
1493 2701 1749 2748 sauciasse.

1396 2779 1445 2826 3.
1486 2779 1757 2828 Hominem.
1790 2785 2151 2834 Hottomannua
2180 2805 2344 2839 emen-

233 2623 329 2668 anie
343 2621 481 2671 codd.
495 2633 639 2671 antea
657 2621 819 2684 Nang.
839 2620 1023 2668 Camer.
1043 2628 1093 2665 et
1108 2619 1244 2666 Lam·

229 2701 327 2748 bini
352 2701 508 2750 codex
526 2700 591 2748 ad
608 2699 890 2763 marginem.
913 2697 1039 2747 Cod.
1059 2697 1240 2745 Ersnrt.

227 2792 271 2828 et
295 2782 435 2830 Barh.
463 2783 704 2838 Romana,
721 2778 846 2825 Ven.
866 2776 1039 2833 ambae,
1061 2775 1240 2836 Aldus,

226 2862 409 2909 Manut-
431 2861 549 2910 ear.
568 2856 736 2923 steph.
755 2872 813 2903 ae
834 2854 1000 2903 Lamb.
1025 2854 1245 2918 praebent

225 2940 453 2987 animatur.

296 3019 378 3065 15.
418 3014 492 3062 Ab
523 3013 594 3060 bis
608 3010 854 3075 flantibus.
889 3011 948 3058 Id
978 3022 1083 3071 eet,
1108 3026 1241 3058 com-

223 3094 534 3145 mendatione
574 3092 882 3156 Arpinatium
922 3090 1239 3153 municipum.

222 3202 288 3212 --
296 3171 544 3240 Proflnxi.
559 3170 765 3225 Codices
774 3168 1052 3216 Memmiani
1064 3168 1242 3215 habent

218 3251 431 3316 peqlnxi
449 3261 499 3297 et
522 3247 817 3297 demanavit.

286 3334 376 3378 111.
413 3345 458 3377 1.
493 3330 566 3375 De
587 3325 844 3391 pudicitia.
878 3323 1138 3388 Vulgatnm
1169 3335 1242 3371 eet

223 3410 467 3458 Iuvenalis
484 3409 669 3464 aat.1.,
696 3421 795 3468 297
819 3424 830 3451 ε
859 3420 998 3452 «rara
1023 3414 1096 3451 est
1116 3403 1240 3450 adeo

224 3487 485 3536 eoncordia
525 3487 695 3533 sormae
720 3488 882 3547 Atque
917 3482 1167 3547 pudicitia
1191 3503 1236 3531 ι.

227 3568 442 3631 Fropert.
464 3565 553 3614 lib.
576 3567 647 3621 11,
668 3563 818 3626 elegia
834 3564 900 3609 32
919 3599 933 3622 ,
956 3562 1051 3608 26:
1069 3580 1091 3603 ι
1113 3563 1241 3610 Sem-

225 3662 306 3710 per
321 3646 551 3694 formosis
573 3642 734 3690 fabula
751 3657 896 3707 poena
914 3640 1004 3687 fuit
1020 3662 1061 3688 ιο.

291 3740 340 3770 a.
369 3725 486 3771 Non
512 3720 780 3786 deformem
801 3735 899 3767 esse
921 3728 1105 3767 nauem.
1128 3718 1239 3768 No-

227 3800 582 3851 bilemEtmrin
599 3799 970 3856 adolescentem,
984 3797 1239 3862 Spurinam

228 3881 445 3930 Valeriae
468 3879 681 3945 appellat
700 3877 791 3927 lib.
813 3880 903 3933 lv,
930 3892 1040 3940 cap.
1073 3877 1103 3923 5
1123 3911 1138 3936 ‚
1168 3878 1241 3924 se·

225 3971 365 4020 runt,
395 3975 552 4023 quum
575 3968 780 4023 propter
815 3954 1039 4003 eximiam
1074 3956 1242 4005 forma

223 4041 510 4102 ‹lig-tatem
533 4035 791 4086 mularum
814 4036 868 4081 in
884 4049 936 4082 se
959 4034 1242 4083 seminarum

220 4133 409 4167 anum
468 4117 698 4164 excitaret
714 4149 729 4173 ‚
776 4113 947 4161 faeiem
995 4127 1129 4161 auam
1181 4112 1244 4162 ad

417 4197 511 4263 V.
581 4211 672 4256 cic.
698 4225 809 4270 pars
832 4207 1035 4255 secunda.

1326 2855 1410 2904 dat
1446 2873 1658 2915 nomen‚·
1704 2861 1758 2907 P.
1792 2861 2073 2925 Manutius,
2119 2870 2334 2921 nomine.

1324 2936 1372 2983 J.
1388 2935 1451 2984 V.
1481 2938 1537 2983 1..

1398 3022 1446 3070 4.
1485 3014 1782 3067 Ροιιιῖαπείω
1794 3018 2032 3082 jactatur,
2064 3026 2347 3083 convicium.

1326 3093 1545 3141 Muretus
1565 3085 1683 3158 legit
1698 3128 1713 3152 ,
1715 3093 1959 3160 jaciatur,
1985 3103 2065 3148 eui
2092 3108 2347 3158 assentitur

1326 3169 1607 3218 Lambinus.
1645 3173 1852 3222 Ovidius
1892 3177 1943 3223 in
1975 3179 2114 3240 Ibin,
2143 3187 2342 3238 «Jactat

1327 3259 1376 3296 et
1400 3248 1452 3294 in
1480 3258 1589 3296 toto
1612 3250 1756 3298 verba
1781 3256 1951 3303 canina
1976 3257 2087 3307 foro
2104 3283 2146 3310 a.
2175 3264 2344 3315 convi-

1326 3327 1473 3375 eium.
1507 3330 1650 3378 Caino
1683 3333 1743 3380 D.
1773 3333 1834 3381 de
1867 3337 2054 3397 injuriis
2085 3353 2135 3391 et
2170 3346 2337 3400 samoe.

1325 3405 1475 3456 libell.
1493 3409 1813 3460 «convicium
1830 3415 2053 3476 injuriam
2068 3438 2169 3471 esee
2181 3427 2341 3478 Labeo

1292 3483 1432 3534 'ait.
1466 3490 1743 3555 convicium
1782 3504 1939 3542 antem
1979 3498 2160 3550 dicitnr
2199 3507 2276 3555 vel
2309 3525 2337 3556 a

1293 3603 1300 3620 ,
1326 3565 1676 3630 concitatione,
1696 3570 1773 3618 vel
1789 3588 1817 3618 a
1836 3589 2107 3642 conventu,
2128 3581 2226 3631 hoc
2243 3598 2341 3647 eat,

1324 3661 1351 3691 a
1388 3644 1646 3696 collatione
1686 3665 1904 3703 vocum.
1946 3672 2096 3719 quum
2130 3663 2259 3711 enim
2289 3666 2342 3714 in

1325 3740 1475 3771 unum
1506 3726 1669 3790 plures
1695 3745 1840 3779 voees
1865 3735 2195 3796 conferuntur,
2222 3759 2340 3791 oon-

1323 3804 1503 3851 vicinm
1523 3807 1812 3869 appellatur,
1832 3813 1969 3875 qnasi
1990 3820 2319 3869 convocium·

1324 3883 1387 3929 Et
1410 3881 1657 3946 aliquanto
1684 3898 1833 3948 poet:
1863 3911 1890 3932 α
1906 3892 1982 3939 Ex
2014 3893 2090 3942 hia
2113 3912 2340 3962 apparet,
