2994 4778
669 400 1055 469 ORATIO
1104 405 1215 472 IN
1264 405 1342 472 L.
1391 406 1467 472 C.
1522 407 2017 478 PISONEM.
2265 410 2403 507 397

276 545 413 591 cua
454 521 513 625 si
562 543 716 590 non
746 518 1028 607 fuisset,
1065 527 1137 592 in
1189 549 1444 623 campo
1482 528 1824 597 Martio¹4
1862 528 2037 598 mihi
2081 530 2408 603 taberna-

167 666 172 669 ·
272 633 525 704 culum
592 633 1075 706 collocassem.
1139 640 1492 709 Nummus
1555 641 1832 712 interea
1885 642 2099 728 mihi,
2156 648 2406 731 Caesar,

270 741 620 838 neglectis
661 741 1007 824 vehiculis
1049 747 1646 844 triumphalibus,
1688 750 1886 819 domi
1928 750 2290 839 manet¹⁵‚
2334 772 2406 826 et

276 852 620 923 manebit.
646 855 987 926 Rationes
1011 856 1101 926 ad
1130 861 1455 929 aerarium
1472 856 1539 905 ¹⁶
1564 862 1779 931 retuli
1807 864 2191 950 continue,
2224 867 2405 937 sicut

277 976 403 1033 tua
441 963 553 1034 lex
582 963 888 1058 jubebat
917 994 933 1034 z
966 991 1202 1064 neque
1238 969 1374 1039 alia
1412 970 1556 1041 ulla
1593 974 1671 1040 iu
1705 996 1786 1042 re
1829 971 1966 1068 legi
2005 987 2141 1042 tuae
2176 977 2401 1071 parui.

277 1076 476 1162 Quas
533 1076 848 1144 rationes
901 1077 959 1144 si
1011 1079 1380 1173 cognoris,
1437 1079 1822 1175 intelliges,
1876 1081 2147 1151 nemini
2208 1070 2410 1179 pluS‚

273 1207 500 1279 quam
559 1182 775 1271 mihi,
829 1183 1064 1257 literas
1122 1186 1475 1284 profuisse
1534 1216 1551 1258 :
1613 1191 1711 1259 ita
1762 1191 1957 1259 enim
2008 1206 2179 1261 sunt
2242 1216 2406 1289 per·

274 1293 560 1388 scriptae
598 1293 772 1362 scite
817 1308 889 1363 et
919 1294 1301 1385 literate17,
1335 1312 1418 1367 ut
1463 1297 1732 1381 scriba,
1768 1298 1859 1371 ad
1905 1304 2231 1369 aerarium
2280 1303 2406 1397 qui

275 1425 396 1471 eas
425 1399 706 1485 retulit,
750 1407 1162 1501 perscriptis
1199 1407 1637 1495 rationibus,
1681 1431 1925 1478 secum
1959 1412 2110 1505 ipse
2132 1464 2151 1495 ,
2188 1426 2405 1508 caput

275 1510 561 1580 sinistra
585 1533 804 1583 manu
835 1512 1235 1611 perfricans
1255 1570 1273 1601 ,
1312 1516 1967 1587 commurmuratus
1992 1518 2114 1606 sit,
2148 1524 2406 1591 «Ratio

278 1622 579 1718 quidem
630 1622 872 1695 hercle
917 1636 1252 1718 apparet,
1296 1637 1672 1718 argentum
1718 1617 2094 1717 οἵχεταιῐὸ».
2134 1628 2281 1694 Hac
2323 1639 2405 1695 tu

279 1741 648 1825 oratione,
687 1762 838 1806 non
876 1733 1174 1821 dubito,
1215 1737 1394 1831 quin
1428 1735 1632 1805 illum
1669 1734 1815 1829 jam
1848 1734 2405 1808 adscendentem

281 1849 357 1915 in
405 1869 699 1916 currum
737 1846 964 1942 possis
1000 1867 1358 1915 revocare.
2404 1870 2408 1875 ·

372 1960 748 2027 XXVIuO
809 1952 1160 2041 tenebrae,
1212 1979 1257 2024 o
1301 1954 1572 2041 lutum,
1616 1980 1663 2025 o
1706 1954 1989 2043 sordeS‚
2037 1981 2082 2026 o
2131 1962 2409 2053 paterni

276 2067 602 2163 generis¹
643 2063 901 2147 oblite,
940 2064 1243 2133 materni
1278 2063 1396 2131 vix
1426 2061 1789 2133 memor²l
1827 2065 1925 2133 ita
1956 2068 2198 2135 nescio
2229 2066 2406 2163 quid

276 2178 463 2246 istuc
495 2173 800 2245 fractum
820 2227 839 2260 ‚
875 2171 1149 2242 humile
1172 2225 1191 2255 ,
1223 2171 1609 2241 demisSum
1633 2225 1653 2256 ,
1680 2169 2047 2241 sordidum
2068 2226 2087 2259 ‚
2116 2171 2409 2245 inferius

283 2288 496 2354 etiam
540 2297 683 2368 est,
711 2305 926 2378 quam
974 2295 1057 2350 ut
1097 2278 1619 2350 Mediolanensi
1656 2304 2025 2377 praecone,
2060 2307 2193 2351 avo
2238 2298 2366 2354 tuo
2390 2338 2410 2372 ,

281 2392 574 2489 dignum
616 2416 767 2463 esse
801 2389 1146 2460 videatur.
1198 2393 1277 2458 L.
1326 2394 1658 2477 Crassus,
1707 2386 1979 2460 homo³
2020 2395 2407 2490 ‘sapientis-

279 2623 388 2670 dm.
427 2623 643 2671 Notatur
676 2629 838 2667 nutem
876 2619 1101 2676 avaritia,
1142 2618 1296 2666 biduo

278 2714 466 2750 tantum
494 2711 607 2748 ante
634 2699 762 2747 diem
793 2698 1031 2746 adventus
1056 2697 1298 2746 conducta

276 2782 447 2917 ἀοῐῐῃῖ..
478 2862 541 2906 In
585 2872 753 2921 campo
797 2854 996 2904 Marcio.
1044 2855 1297 2903 Neminem

276 2938 519 3002 significat
536 2954 637 2985 esse
656 2937 708 2984 in
726 2935 862 2994 urbe,
880 2934 964 2998 qui
985 2933 1119 2981 illum
1138 2933 1301 2997 hospi-

280 3023 355 3068 tio
375 3018 655 3088 accepisset.

359 3098 441 3144 15.
468 3096 617 3143 Domi
634 3105 817 3142 manee.
852 3093 969 3141 Non
996 3091 1301 3139 distribuitur

273 3178 448 3226 amicis
459 3211 474 3235 ‚
487 3192 587 3223 non
603 3175 653 3221 in
668 3183 887 3236 sumptus
903 3171 1125 3235 publicos
1141 3186 1302 3234 eroga·

273 3271 373 3318 tur,
411 3271 518 3303 non
554 3255 607 3300 in
645 3253 855 3300 lautitias
890 3250 1172 3308 effunditur,
1214 3249 1300 3298 sed

273 3338 413 3386 domi
433 3327 598 3382 manet
616 3332 834 3380 defossus
852 3341 901 3377 et
917 3329 1245 3377 absconditus.

351 3417 433 3464 16.
477 3412 708 3460 Rationes
745 3409 819 3457 ad
843 3409 1087 3457 cerat-ium.
1128 3406 1298 3454 Statim

271 3507 421 3560 atque
457 3495 514 3540 in
549 3491 716 3539 urbem
757 3506 834 3536 me
870 3489 1062 3551 recepi,
1091 3486 1300 3534 admini-

271 3586 436 3621 stratae
456 3568 750 3636 provinciae,
769 3579 817 3616 et
829 3577 1039 3631 accepto.-
1059 3583 1085 3613 e
1100 3564 1301 3629 publico

273 3653 500 3718 pecuniae
509 3648 701 3697 oeddidi
715 3650 968 3696 rationem.
980 3646 1077 3709 Qui
1092 3646 1300 3709 aliquam

270 3732 669 3780 administrarant
695 3726 994 3791 provinciam
1010 3759 1025 3783 ‚
1066 3725 1299 3772 rationem

273 3811 430 3865 datae,
459 3819 510 3856 et
536 3822 760 3869 expensae
787 3806 1008 3869 pecuuiae
1025 3840 1039 3864 ,
1061 3805 1158 3865 jam
1186 3814 1301 3851 ante

271 3889 431 3953 legem
449 3890 482 3936 J
485 3886 633 3933 uliam
651 3885 937 3932 referebant.

354 3986 374 4015 1
387 3984 438 4027 7.
463 3965 591 4012 Scite
612 3975 660 4011 e!
681 3963 882 4012 lieet-ace.
907 3965 1033 4010 Tum
1050 3960 1221 4008 callide
1240 3960 1303 4007 ad

275 4046 488 4112 tegenda
512 4060 616 4092 mea
643 4045 766 4090 furta
783 4077 799 4100 ‚
821 4053 868 4090 et
894 4044 1110 4107 rapinas,
1129 4040 1305 4104 spolia-

274 4129 538 4188 tioncsque
566 4122 877 4186 oppidorum.

1462 2619 1547 2666 18.
1582 2618 1723 2666 Ratio
1756 2617 1949 2682 quidem
1978 2619 2136 2667 hercle
2166 2634 2408 2684 apparet,

1384 2708 1641 2761 argentum
1674 2695 1871 2761 οἴχεται.
1905 2699 2001 2745 Hic
2030 2713 2195 2744 versus
2224 2700 2407 2749 Plauti-

1385 2794 1477 2825 nus
1495 2794 1558 2825 ex
1571 2778 1881 2836 Trinummo,
1905 2779 2041 2826 sicin
2061 2780 2262 2843 antiquo
2280 2780 2408 2830 libro

1387 2868 1460 2906 est
1474 2889 1490 2916 ,
1510 2867 1565 2904 ut
1588 2868 1637 2904 et
1657 2857 1792 2921 apud
1809 2858 2031 2920 Plautum
2044 2892 2060 2917 ‚
2076 2874 2228 2921 graeca
2250 2869 2409 2908 tamen

1387 2952 1511 2983 voce
1535 2936 1697 2983 latinis
1719 2936 1872 2984 literis
1898 2938 2076 3000 scripta
2103 2936 2199 2984 hoc
2226 2939 2407 2987 modo:

1389 3037 1414 3057 ι
1433 3016 1580 3063 Ratio
1613 3015 1809 3078 quidem
1841 3015 2038 3064 hercule
2068 3029 2300 3080 apparet,
2333 3034 2410 3065 ιι·-

1388 3103 1584 3158 gentum
1618 3093 1805 3141 oechete
1832 3107 1888 3140 u:
1931 3093 2066 3157 quod
2102 3111 2219 3142 vero
2260 3095 2411 3160 aliqui

1388 3181 1682 3234 putaverunt
1724 3172 1982 3235 legendum
2035 3189 2147 3220 cum
2195 3172 2410 3224 dictione

1387 3251 1639 3297 decoctum
1657 3283 1673 3309 ,
1695 3262 1752 3298 tu
1777 3266 1944 3297 eornm
1968 3251 2218 3299 sententiae
2244 3268 2306 3301 ne
2332 3271 2411 3302 sc-

1388 3327 1558 3385 cedas3
1604 3345 1762 3393 neque
1804 3329 1934 3376 enim
1972 3328 2093 3378 fides
2134 3331 2369 3381 librorum
2390 3369 2408 3392 ,

1386 3424 1545 3472 neque
1566 3408 1689 3456 ratio
1706 3424 1873 3456 versus
1890 3425 2000 3456 cum
2019 3410 2117 3457 illis
2137 3410 2267 3460 facit.

1458 3488 1647 3535 xxvl.
1685 3503 1726 3535 1.
1757 3489 1952 3535 Paterni
1973 3489 2180 3552 generis.
2211 3490 2415 3556 Calpur-

1387 3567 1484 3625 nii,
1503 3565 1810 3614 nobilissimi.

1459 3662 1506 3694 2.
1540 3645 1641 3693 Vix
1666 3662 1862 3694 memor.
1889 3645 2008 3694 Non
2034 3646 2190 3694 solum
2214 3663 2241 3694 a
2268 3647 2415 3695 nobi-

1387 3726 1573 3772 lissimo
1603 3737 1807 3788 paterno
1834 3741 2006 3788 genere
2037 3741 2243 3788 prorsus
2265 3724 2414 3789 dege·

1389 3818 1527 3849 nens
1557 3819 1570 3848 ε
1610 3819 1774 3849 verum
1815 3820 1876 3851 ne
1919 3814 2137 3850 materno
2178 3804 2376 3865 quidem
2395 3840 2411 3862 ,

1387 3881 1502 3927 licet
1522 3881 1752 3942 ignobili,
1778 3882 1920 3944 plane
1944 3882 2226 3945 respondes.

1463 3959 1511 4006 3.
1532 3959 1692 4005 Homo
1712 3960 1880 4023 sapien
1889 3958 2111 4008 tissimus.
2131 3962 2230 4025 Qui
2249 3963 2415 4007 trium·
2462 4019 2467 4024 ι

1392 4039 1476 4102 phi
1519 4050 1677 4085 tamen
1721 4038 1955 4086 bonorem
2005 4039 2409 4087 contemnendum

1398 4133 1496 4164 non
1526 4118 1713 4180 putavit
1737 4132 1748 4164 :
1782 4134 1933 4179 quum
1960 4129 2040 4176 tn,
2068 4117 2205 4179 quasi
2230 4116 2317 4162 illo
2344 4132 2417 4162 sa-
