2994 4778
607 418 989 491 ORATIO
1040 419 1241 486 PRO
1291 421 1366 486 T.
1413 420 1488 486 A.
1539 419 1961 489 MlLoNE.
2210 416 2353 513 475

226 543 430 612 vium
453 550 472 583 ¹
489 551 539 625 ¹,
569 554 716 611 tota
742 552 985 611 nostra
1015 553 1159 625 est3
1191 563 1432 636 neque
1458 563 1709 610 eorum
1736 540 2138 636 quisquam,
2165 564 2352 638 quos

226 648 563 746 undique
608 652 1004 736 intuenteS‚
1038 649 1231 720 unde
1269 649 1508 747 aliqua
1546 650 1708 747 pars
1752 648 1891 719 fori
1926 648 2193 748 adspici
2228 676 2352 748 po·

225 775 377 831 test
396 814 416 846 ,
451 775 522 831 et
550 759 764 855 hujus
796 762 1066 831 exitum
1091 759 1342 854 judicii
1370 760 1623 831 videtis
1647 774 2140 857 exspectantes
2162 814 2182 848 ‚
2208 785 2355 830 non

226 894 466 966 quum
493 871 743 940 virtuti
767 868 1055 940 Milonis
1090 868 1312 956 favet,
1341 884 1493 941 tum
1527 869 1616 939 de
1649 894 1723 940 se
1748 923 1766 955 ,
1796 866 1885 940 de
1915 868 2154 940 liberis
2182 872 2355 956 suiS,

227 978 328 1050 de
354 981 613 1076 patria,
653 977 743 1049 de
772 978 1079 1049 fortunis
1112 978 1465 1050 hodierno
1502 979 1617 1050 die
1655 977 1996 1049 decertari
2033 992 2259 1075 putat.

332 1093 422 1158 ΙΙ.
475 1091 720 1158 Unum
758 1113 987 1186 genus
1024 1102 1131 1160 est
1163 1088 1535 1161 adversum
1577 1088 2069 1185 infestumque
2113 1086 2354 1179 nobis,

228 1223 528 1286 eorum,
581 1223 767 1295 quos
801 1203 877 1269 P.
923 1198 1154 1269 Clodii
1201 1197 1403 1270 furor
1457 1201 1797 1296 rapinis¹,
1839 1214 1909 1270 et
1966 1198 2355 1286 incendiis,

229 1323 307 1379 et
341 1305 682 1378 omnibus
713 1309 946 1379 exitiis
975 1307 1325 1405 publicis²
1366 1311 1593 1406 pavit3
1629 1311 1754 1406 qui
1781 1309 2119 1380 hesterna
2146 1311 2359 1380 etiam

231 1421 590 1490 concione
620 1420 888 1489 incitati
932 1434 1138 1504 sunt,
1178 1434 1258 1489 ut
1294 1419 1497 1490 vobis
1542 1445 1717 1491 voce
1760 1421 2137 1518 proeirent,
2179 1419 2359 1517 quid

223 1528 645 1624 judicaretis
661 1525 713 1599 ³.
753 1531 1083 1619 Quorum
1120 1530 1412 1614 clamor,
1448 1530 1506 1600 si
1541 1531 1704 1626 quis
1731 1529 1915 1599 forte
1953 1527 2210 1616 fuerit,
2237 1528 2360 1601 ad-

230 1663 539 1709 monere
586 1658 714 1709 vos
763 1636 1092 1723 debebit,
1142 1656 1222 1709 ut
1274 1663 1437 1710 eum
1490 1641 1717 1710 civem
1776 1640 2177 1725 retineatiS,
2233 1640 2361 1735 qui

234 1772 526 1845 semper
548 1773 776 1845 genus
817 1748 990 1819 illud
1027 1749 1405 1819 hominum
1430 1802 1450 1843 ,
1481 1749 1974 1846 clamoresque
2010 1751 2363 1821 maximos

235 1883 374 1956 pro
404 1873 635 1929 vestra
665 1859 892 1930 salute
922 1860 1248 1956 neglexit.
1284 1858 1774 1948 Quamobrem
1806 1860 2048 1930 adeste
2070 1860 2361 1944 animis,

227 1968 546 2065 judiceS,
570 1967 641 2041 et
674 1974 1002 2040 timorem
1029 2022 1048 2054 ‚
1079 1972 1150 2041 si.
1168 1995 1387 2067 quem
1416 1968 1727 2051 habetis,
1760 1968 2123 2066 deponite.
2155 1972 2360 2055 Nam,

235 2082 295 2151 si
356 2104 700 2176 umquam
747 2080 835 2150 de
898 2079 1107 2149 bonis
1159 2095 1229 2151 et
1281 2078 1591 2150 sortibus
1648 2079 1851 2164 viris,
1902 2078 1961 2147 si
2012 2102 2359 2175 umquam
2407 2140 2422 2147 -

234 2188 330 2259 de
397 2187 588 2260 bene
655 2190 926 2260 meritis
1000 2187 1273 2261 civibus
1346 2203 1662 2285 potestas
1721 2187 1930 2258 vobis
1994 2187 2362 2283 judicandi

235 2297 414 2385 fuit;
462 2300 521 2370 si
566 2298 882 2397 denique
935 2323 1281 2397 umquam
1328 2300 1528 2369 locus
1591 2298 2197 2396 amplissimorum
2242 2323 2361 2369 or-

235 2409 545 2481 dinum4
607 2410 902 2483 delectis
960 2413 1130 2483 viris
1198 2411 1407 2481 datus
1503 2424 1647 2497 est,
1733 2408 1858 2479 ubi
1924 2433 2051 2479 sua
2126 2408 2362 2480 studia

237 2543 409 2616 erga
454 2517 679 2590 fortes
712 2535 783 2591 et
820 2519 1056 2593 bonos
1094 2522 1318 2606 civeS,
1355 2543 1516 2617 quae
1552 2519 1756 2590 vultu
1792 2533 1862 2589 et
1904 2519 2141 2590 verbis
2179 2544 2363 2616 saepe

236 2627 789 2725 significassent,
832 2655 912 2700 re
961 2646 1034 2700 et
1080 2631 1455 2702 sententiis
1499 2628 1978 2716 declararent3
2019 2629 2155 2699 hoc
2193 2653 2358 2726 pro·

234 2738 430 2813 secto
478 2755 802 2840 tempore
849 2766 1005 2813 eam
1047 2756 1470 2839 potestatem
1526 2765 1812 2811 omnem
1869 2733 1997 2810 vo's
2047 2736 2366 2826 habetis,

233 2948 526 2998 confirmare
553 2950 733 3010 vellet;
757 2962 807 2998 et
832 2953 883 2998 in
905 2951 1030 3000 illud
1060 2950 1125 2998 ita
1156 2952 1253 2998 has·

233 3040 341 3087 ret,
362 3029 521 3092 quod,
548 3047 699 3093 quum
727 3031 873 3078 timor
902 3030 1064 3078 verbis
1092 3028 1256 3077 office·

233 3119 309 3156 ret
325 3141 341 3164 ‚
366 3119 421 3156 ut
443 3108 511 3156 ita
538 3109 696 3156 dicum
714 3143 732 3169 ,
760 3108 927 3172 quoad
951 3125 1088 3156 mens
1115 3109 1255 3156 inca-

230 3188 435 3235 lesceret
447 3221 462 3245 ,
480 3188 807 3251 exspectabat.

308 3283 397 3315 ιι.
427 3267 626 3314 Civium.
651 3266 761 3315 Tria
795 3267 1048 3316 bominum
1084 3283 1254 3331 genera

229 3345 350 3394 huie
365 3344 559 3406 judicio
575 3347 857 3395 adstabant:
880 3346 1058 3394 milites
1074 3364 1101 3393 a
1123 3349 1259 3394 Pom·

231 3426 348 3490 peio
377 3425 642 3483 collocati,
677 3426 807 3473 cives
836 3425 923 3489 qui
949 3426 1049 3472 vias
1075 3434 1122 3472 et
1150 3424 1256 3488 pla·

233 3516 335 3552 teas
407 3505 774 3552 circumstantes
836 3503 1153 3563 obsidebant,
1208 3516 1256 3552 et

232 3583 467 3632 Clodiani
498 3584 584 3647 qui
614 3600 764 3631 novas
794 3583 1056 3631 seditiones
1088 3586 1252 3632 animo

234 3662 487 3710 fovebant.
652 3673 669 3704 x

303 3745 369 3790 11.
400 3759 445 3791 1.
468 3741 685 3804 Rapinis.
716 3743 842 3791 Nam
877 3742 1253 3807 perditissimum

228 3837 476 3885 quemque
512 3820 605 3868 sibi
643 3821 846 3870 Clodius
889 3821 1028 3868 malis
1070 3823 1254 3871 artibus

233 3900 540 3949 devinxerat.
570 3900 735 3948 Pisoni
757 3912 805 3948 et
826 3901 1037 3948 Gabinio
1057 3901 1255 3965 provin·

232 3981 333 4028 cias
365 3979 647 4027 consulares
684 3979 1001 4040 vendiderat3
1037 3996 1149 4027 cum
1185 3979 1255 4026 eis

231 4061 454 4108 aerarium
481 4059 640 4106 fuerat
659 4058 865 4122 partitus
882 4093 896 4116 ,
923 4070 973 4107 et
997 4060 1253 4121 Burgitaro

231 4139 571 4187 Pessinuntem
591 4135 889 4186 vendiderat.
907 4163 975 4173 —
988 4137 1252 4185 Incende'e's.

1343 2951 1468 2998 Nam
1499 2948 1578 2998 ille
1604 2947 1709 3012 ipse
1731 2947 1952 3001 Clodius,
1978 2949 2042 3010 Q.
2061 2956 2111 2993 et
2127 2946 2201 2992 M.
2227 2945 2365 2995 Cice·

1344 3030 1478 3076 ronis
1495 3029 1694 3075 domum
1719 3039 1767 3074 et
1795 3026 1974 3090 praedia
1994 3059 2009 3083 ,
2038 3036 2088 3073 et
2105 3023 2361 3088 Nympha·

1342 3124 1450 3155 rum
1473 3105 1707 3170 templum
1730 3105 1932 3152 flammis
1958 3104 2251 3151 aboleverat.

1415 3202 1463 3233 a.
1482 3185 1662 3232 Exieiis
1681 3183 1899 3247 publicis.
1929 3183 2205 3231 seditiones
2230 3182 2358 3230 enim

1347 3266 1530 3330 sae'pius
1548 3265 1598 3311 in
1621 3264 1729 3310 foro
1757 3263 2021 3310 concitavit
2037 3296 2051 3320 ,
2081 3277 2139 3309 ac
2161 3277 2366 3326 proeser·

1348 3346 1432 3393 tim
1454 3359 1605 3407 quum
1638 3341 1699 3388 de
1734 3342 1983 3389 Ciceronis
2011 3340 2171 3388 reditu
2196 3357 2361 3405 agere-

1346 3435 1427 3472 tur
1448 3422 1680 3471 :immisit
1702 3422 1830 3468 enim
1856 3419 2175 3484 gladiatores,
2204 3437 2229 3468 a
2253 3421 2363 3485 qui·

1340 3503 1434 3551 bus
1451 3501 1592 3550 multi
1611 3502 1743 3548 fuere
1763 3499 2021 3547 interfecti.

1415 3585 1465 3632 3.
1521 3580 1657 3647 Quid
1680 3579 1990 3646 judicaretis.
2032 3578 2193 3627 Pridie
2222 3595 2366 3642 quam

1345 3664 1454 3711 base
1471 3662 1730 3709 haberetur
1755 3659 1915 3707 oratio
1936 3693 1950 3717 ,
1989 3659 2226 3723 populum
2254 3657 2367 3705 allo-

1344 3754 1527 3806 quutus
1545 3751 1644 3787 erat
1667 3739 1921 3786 Munatius
1949 3738 2185 3797 Plancus,
2208 3746 2255 3782 et
2283 3750 2365 3782 co·

1338 3819 1559 3867 hortatus
1584 3830 1716 3877 erat,
1747 3835 1809 3865 ne
1837 3817 1962 3864 elabi
1992 3817 2228 3865 Milonem
2255 3830 2364 3862 om·

1340 3900 1461 3945 nino
1488 3907 1752 3961 pateretur.

1413 3985 1462 4033 4.
1490 3974 1914 4038 Amplissimorum
1956 3974 2199 4021 ordinum.
2236 3974 2374 4022 Judi-

1343 4072 1422 4103 ces
1463 4053 1590 4102 enim
1631 4053 1891 4117 Pompeius
1933 4070 1996 4100 ex
2038 4053 2287 4100 senatorio
2323 4062 2371 4098 et

1326 4129 1554 4198 'equestri
1582 4131 1753 4179 ordine
1780 4132 1981 4195 legerat,
2002 4144 2053 4180 et
2080 4149 2141 4180 ex
2165 4131 2372 4180 tribunis
