2994 4778
631 422 722 512 54
1267 433 1362 500 Μ.
1414 433 1490 501 Τ.
1541 427 2106 500 CICERONIS

626 560 698 617 et
735 564 1272 622 conservatores
1312 551 1529 646 hujus
1565 550 1768 622 urbis
1807 563 2024 647 atque
2061 550 2377 648 imperii!
2416 576 2750 649 qnaenam

625 655 746 727 illa
786 660 857 728 in
898 658 1267 756 republica
1307 671 1661 747 monstra,
1706 682 1868 757 quae
1903 661 2171 732 scelera
2207 659 2522 733 vidistis?
2555 665 2754 736 Civis

622 781 774 838 erat
813 770 1148 867 expulsus
1183 771 1274 854 is,
1308 771 1430 863 qui
1463 768 1987 867 rempublicam
2032 793 2121 839 ex
2161 785 2452 841 senatus
2490 787 2750 843 aucto-

619 875 881 949 ritate⁵
919 900 1084 951 cum
1130 879 1467 950 omnibus
1506 877 1718 950 bonis
1766 877 2220 967 defenderat,
2272 893 2346 950 et
2396 881 2748 978 expulsus

618 1006 768 1057 non
826 989 965 1060 alio
1014 989 1294 1086 aliquo,
1354 989 1477 1060 sed
1540 1013 1629 1062 eo
1684 990 1843 1086 ipso
1890 991 2212 1059 crimine.
2270 995 2438 1060 Erat
2493 1006 2744 1063 autem

617 1098 957 1193 expulsus
996 1100 1150 1169 sine
1189 1099 1462 1194 judicio
1486 1097 1545 1186 ⁶,
1581 1103 1690 1187 vi,
1744 1097 2140 1197 lapidibus,
2184 1096 2410 1184 ferr0,
2446 1103 2744 1170 servitio

614 1204 930 1305 denique
992 1210 1391 1282 concitato:
1450 1211 1566 1283 lex
1616 1225 1768 1281 erat
1820 1210 2004 1298 lata,
2058 1222 2331 1279 vastato
2370 1232 2452 1280 ac
2483 1208 2742 1281 relicto

608 1313 772 1389 foro
796 1372 815 1405 ,
852 1333 925 1389 et
960 1322 1227 1393 sicariis
1271 1324 1633 1419 servisque
1675 1320 1977 1408 tradit0,
2025 1332 2096 1390 et
2135 1341 2219 1389 ea
2256 1319 2407 1406 lex,
2454 1341 2614 1415 quae
2650 1335 2744 1390 ut

612 1449 702 1495 ne
744 1423 1076 1516 ferretur,
1121 1446 1409 1504 senatus
1455 1430 1692 1503 fuerat
1740 1444 1939 1501 veste
1994 1443 2287 1500 mutata.
2341 1434 2487 1500 Hac
2533 1442 2741 1500 tanta

606 1535 1156 1631 perturbatione
1189 1543 1490 1614 civitatis
1513 1597 1532 1625 ‚
1567 1566 1661 1612 ne
1692 1528 1978 1612 noctem
2011 1539 2350 1636 quidem⁷
2398 1540 2742 1612 consules

605 1644 795 1716 inter
842 1671 1086 1719 meum
1135 1649 1558 1738 discrimen,
1617 1664 1689 1723 et
1729 1675 1980 1722 eorum
2030 1649 2335 1747 praedam
2385 1650 2740 1722 interesse

605 1756 795 1850 passi
821 1744 1029 1827 sunt:
1062 1761 1329 1848 statim,
1365 1786 1482 1832 me
1512 1762 1840 1860 perculso
1861 1815 1881 1847 ,
1915 1759 2005 1832 ad
2032 1785 2276 1832 meum
2305 1761 2737 1856 sanguinem

603 1862 1122 1960 hauriendum,
1178 1886 1290 1960 et,
1340 1877 1658 1969 spirante
1711 1875 1922 1942 etiam
1977 1868 2389 1968 republica,
2437 1868 2526 1940 ad
2568 1869 2739 1963 ejus

603 1973 828 2071 spolia
856 1975 1298 2052 detrahenda
1329 1979 1866 2056 advolaverunt.
1887 1981 2162 2051 Omitto
2189 1978 2736 2075 gratulationem

604 2080 890 2179 epulas,
946 2090 1403 2184 partitionem
1456 2086 1763 2177 aerarii⁸,
1819 2086 2206 2174 beneficia,
2257 2111 2458 2186 spem
2484 2142 2503 2176 ,
2555 2111 2736 2187 pro-

600 2194 856 2280 missa,
922 2195 1272 2292 praedam,
1326 2200 1640 2270 laetitiam
1701 2221 2102 2296 paucorum
2167 2198 2245 2269 in
2309 2198 2509 2268 luctu
2561 2222 2733 2269 om-

601 2303 827 2373 nium.
866 2305 1274 2381 vexabatur
1314 2334 1499 2380 uxor
1529 2318 1777 2397 mea93
1817 2307 2025 2380 liberi
2060 2306 2147 2377 ad
2177 2330 2427 2378 necem
2459 2331 2738 2406 quaere-

597 2412 906 2502 bantur;
966 2441 1208 2515 gener,
1268 2433 1340 2491 et
1390 2423 1551 2491 Piso
1599 2428 1921 2516 gener10,
1974 2441 2017 2488 a
2071 2418 2349 2488 Pisonis
2409 2408 2734 2491 consulis

597 2523 903 2622 pedibus
979 2529 1283 2626 supplex
1344 2528 1846 2625 rejiciebatur3
1916 2528 2112 2599 bona
2167 2524 2738 2623 diripiebantur,

601 2657 829 2732 eaque
870 2635 960 2707 ad
1005 2638 1339 2710 consules
1370 2635 1915 2725 deferebantur3
1939 2635 2203 2739 domus
2227 2633 2527 2707 ardebat
2552 2646 2610 2679 ¹¹
2645 2638 2732 2708 in

599 2900 697 2949 eat,
715 2888 776 2938 de
798 2890 901 2955 ipaa
920 2889 1166 2956 repanIea
1184 2901 1264 2940 :et
1277 2889 1338 2938 de
1358 2889 1616 2938 consulum

598 2968 863 3035 provinciis
888 2969 985 3018 lata
1008 2970 1257 3020 lexat-2
1285 2970 1341 3019 in
1366 2971 1616 3030 Pisonen,

599 3057 714 3113 poat
730 3047 854 3096 ned.
874 3049 927 3096 in
943 3064 1046 3096 aen.

672 3126 718 3175 5.
735 3127 938 3175 Senatus
950 3127 1254 3176 auctoritate.
1276 3128 1405 3192 Quia
1422 3139 1617 3177 aenatna

600 3203 900 3266 decreverat,
929 3218 987 3255 nt
1017 3206 1235 3256 viderent
1267 3208 1488 3257 eonsules
1508 3242 1524 3269 ‚
1552 3223 1616 3258 ne

599 3284 720 3348 qnid
735 3283 1004 3348 respublica
1022 3285 1301 3336 detrimenti
1315 3303 1485 3351 capere
1491 3300 1529 3338 ι.

670 3363 721 3411 6.
754 3362 865 3409 Sine
888 3355 1089 3424 judicio.
1124 3365 1307 3412 Contra
1334 3365 1491 3428 legem
1520 3366 1618 3412 111

601 3439 869 3488 tabularum
884 3474 909 3499 ,A
925 3456 1034 3504 qnae
1055 3440 1211 3488 civem
1236 3457 1492 3490 romanum
1513 3441 1616 3489 aine

598 3518 772 3584 populi
789 3516 977 3580 jndlcio
999 3515 1214 3567 damnari
1229 3530 1376 3568 vetat.

674 3612 721 3658 7.
749 3599 828 3645 Ne
850 3608 1032 3646 noctem
1054 3596 1264 3661 quidem.
1292 3596 1518 3648 Graviter
1538 3596 1616 3644 in-

600 3674 796 3724 vehitur
817 3677 868 3723 in
898 3674 1119 3724 oon-alea
1133 3710 1147 3734 ,
1179 3676 1267 3739 qui
1295 3675 1468 3724 eodem
1494 3685 1618 3725 tem-

599 3753 736 3818 porie
762 3755 993 3820 vestigio,
1025 3770 1124 3819 qno
1150 3755 1233 3803 lex
1267 3755 1327 3805 de
1351 3771 1436 3805 ana
1463 3758 1617 3822 ipsine

598 3832 811 3898 pernicie
837 3845 1003 3898 rogata
1029 3845 1125 3893 en,
1162 3834 1353 3900 Syriam
1379 3846 1429 3885 et
1449 3837 1615 3884 Maee-

602 3910 798 3960 doniam
821 3911 1134 3962 obtinuerunt
1149 3946 1164 3971 ,
1189 3929 1278 3962 nec
1305 3925 1614 3979 exspectave-

603 4001 717 4038 rnnt
761 3990 878 4038 dnm
926 3994 1130 4039 omnino
1179 3993 1396 4041 confecta
1438 3994 1618 4057 periret

600 4069 871 4133 respublica
887 4105 902 4130 ,
932 4069 1017 4117 aed
1046 4086 1151 4117 eam
1182 4070 1423 4119 viventem
1459 4082 1510 4118 et
1540 4072 1615 4119 vi-

603 4143 793 4195 dentem
810 4147 1155 4211 apoliavernnt.

1777 2893 1829 2938 8.
1851 2887 2166 2937 Pas-titionem
2179 2886 2360 2936 oerarii.
2377 2885 2498 2935 Cum
2512 2886 2694 2936 clodio
2712 2926 2732 2951 ‚

1670 2969 1816 3033 qni,
1862 2968 1967 3031 lege
2014 2966 2733 3031 latademaxinniapoounii·

1703 3048 1868 3098 Pisoni
1894 3057 1943 3094 et
1970 3045 2181 3095 Gabinio
2207 3044 2408 3104 dandis,
2434 3047 2571 3109 quani
2596 3062 2729 3093 enn-

1704 3127 1836 3177 tibus
1861 3142 1972 3175 enm
1997 3124 2214 3173 exercitu
2253 3125 2306 3172 in
2329 3125 2607 3187 provincia·
2633 3140 2729 3172 ne-

1704 3206 1919 3257 cessaria
1937 3219 2229 3269 magnopere
2248 3215 2430 3263 essem,
2453 3220 2532 3252 eas
2547 3204 2732 3253 deinde

1702 3287 1933 3351 pec-nniaa
1949 3301 2061 3334 enm
2078 3285 2195 3349 ἱροί·
2211 3284 2418 3347 pau-fitn-
2436 3295 2536 3343 eat;
2557 3300 2730 3349 σαμε,

1703 3376 1754 3413 et
1769 3379 1862 3428 pro
1887 3365 2046 3412 Domo
2067 3378 2168 3411 ana.

1774 3458 1823 3504 9.
1872 3442 2161 3489 Vexabaeur
2199 3453 2328 3487 uxor
2363 3456 2489 3488 mea.
2523 3442 2730 3507 Quippe

1702 3534 1811 3588 qna:
1831 3521 1976 3568 etiam
2001 3519 2065 3568 ad
2083 3518 2294 3568 tabulam
2312 3518 2554 3568 Valeriu-
2577 3521 2728 3570 dueta

1704 3599 1769 3648 ait
1787 3614 1805 3660 3
1824 3600 1887 3648 ad
1906 3600 2018 3654 niv.
2036 3601 2177 3655 m,
2194 3613 2244 3645 a.

1779 3696 1858 3728 xo.
1897 3680 1963 3726 Ee
1998 3676 2110 3725 Piso
2137 3691 2310 3742 gem.
2352 3679 2532 3742 Magna
2564 3687 2636 3725 eat
2668 3678 2727 3727 i·

1702 3760 1806 3806 istie
1839 3757 2000 3805 verbis
2029 3754 2303 3820 emphasin,
2337 3758 2474 3819 qnasi
2500 3755 2684 3803 diceret
2711 3772 2729 3804 ;

1702 3839 1864 3885 Gener
1872 3851 2006 3884 mena
2021 3835 2161 3899 (qnia
2173 3846 2335 3883 antem
2354 3851 2497 3898 gener
2511 3833 2574 3900 Ξ),
2591 3836 2732 3886 Piso.

1703 3914 1783 3962 Sic
1812 3914 1874 3961 ad
1899 3914 2012 3962 Div.
2042 3917 2123 3972 11,
2154 3929 2202 3975 7,
2229 3934 2256 3954 ιι
2282 3928 2312 3960 ι
2338 3915 2537 3962 tribuno
2563 3913 2731 3978 plebia

1702 4002 1753 4041 et
1770 4009 1798 4040 a
1815 3993 2026 4041 Cnn’one
2044 3991 2244 4040 tribuno
2255 4010 2301 4039 ο.

1780 4088 1860 4118 ιι.
1899 4073 2080 4118 Domus
2104 4070 2322 4118 ardebat.
2367 4071 2484 4118 Non
2519 4070 2730 4119 sumito

1705 4151 1915 4200 ocean-it
1937 4149 2149 4200 incendii
2167 4149 2305 4198 iatiaa
2326 4161 2374 4198 at
2401 4150 2728 4200 comula-ium
