<?xml version="1.0" encoding="UTF-8"?>
<!DOCTYPE html PUBLIC "-//W3C//DTD XHTML 1.0 Transitional//EN"
    "http://www.w3.org/TR/xhtml1/DTD/xhtml1-transitional.dtd">
<html xmlns="http://www.w3.org/1999/xhtml" xml:lang="en" lang="en">
 <head>
  <title>
</title>
<meta http-equiv="Content-Type" content="text/html;charset=utf-8" />
  <meta name='ocr-system' content='tesseract 3.04.00' />
  <meta name='ocr-capabilities' content='ocr_page ocr_carea ocr_par ocr_line ocrx_word'/>
</head>
<body>
  <div class='ocr_page' id='page_1' title='image "./mtciceronisquae06lemagoog_0161.png"; bbox 0 0 2994 4778; ppageno 0'>
   <div class='ocr_carea' id='block_1_1' title="bbox 708 374 2362 502">
    <p class='ocr_par' dir='ltr' id='par_1_1' title="bbox 708 374 2362 502">
     <span class='ocr_line' id='line_1_1' title="bbox 708 374 2362 502; baseline 0.005 -11"><span class='ocrx_word' id='word_1_1' title='bbox 708 424 1103 493; x_wconf 84' lang='lat' dir='ltr'><strong>ORATIO</strong></span> <span class='ocrx_word' id='word_1_2' title='bbox 1153 423 1259 492; x_wconf 83' lang='lat' dir='ltr'><strong>IN</strong></span> <span class='ocrx_word' id='word_1_3' title='bbox 1311 423 1843 495; x_wconf 78' lang='lat' dir='ltr'><strong>VATINIUM.</strong></span> <span class='ocrx_word' id='word_1_4' title='bbox 2206 374 2362 502; x_wconf 50' lang='grc' dir='ltr'><strong>15ιῦ</strong></span> 
     </span>
    </p>
   </div>
   <div class='ocr_carea' id='block_1_2' title="bbox 207 540 2430 3066">
    <p class='ocr_par' dir='ltr' id='par_1_2' title="bbox 207 540 2430 3066">
     <span class='ocr_line' id='line_1_2' title="bbox 218 540 2341 643; baseline 0.005 -30"><span class='ocrx_word' id='word_1_5' title='bbox 218 544 450 616; x_wconf 73' lang='lat' dir='ltr'><strong>vitatis</strong></span> <span class='ocrx_word' id='word_1_6' title='bbox 487 540 895 643; x_wconf 87' lang='lat' dir='ltr'><strong>producere</strong></span> <span class='ocrx_word' id='word_1_7' title='bbox 916 540 945 588; x_wconf 81' lang='lat'>³</span> <span class='ocrx_word' id='word_1_8' title='bbox 983 558 1554 633; x_wconf 88' lang='lat' dir='ltr'><strong>consueverunt,</strong></span> <span class='ocrx_word' id='word_1_9' title='bbox 1593 543 1695 617; x_wconf 90' lang='lat' dir='ltr'><strong>ibi</strong></span> <span class='ocrx_word' id='word_1_10' title='bbox 1730 559 1809 618; x_wconf 87' lang='lat' dir='ltr'><strong>tu</strong></span> <span class='ocrx_word' id='word_1_11' title='bbox 1840 548 2144 622; x_wconf 89' lang='lat' dir='ltr'><strong>indicem</strong></span> <span class='ocrx_word' id='word_1_12' title='bbox 2177 557 2341 625; x_wconf 86' lang='lat' dir='ltr'><strong>Vet-</strong></span> 
     </span>
     <span class='ocr_line' id='line_1_3' title="bbox 225 654 2340 751; baseline 0.006 -27"><span class='ocrx_word' id='word_1_13' title='bbox 225 656 401 725; x_wconf 84' lang='lat' dir='ltr'>tium</span> <span class='ocrx_word' id='word_1_14' title='bbox 447 654 766 751; x_wconf 85' lang='lat' dir='ltr'><strong>linguam</strong></span> <span class='ocrx_word' id='word_1_15' title='bbox 822 668 897 726; x_wconf 91' lang='lat' dir='ltr'><strong>et</strong></span> <span class='ocrx_word' id='word_1_16' title='bbox 936 678 1189 726; x_wconf 82' lang='lat' dir='ltr'><strong>vocem</strong></span> <span class='ocrx_word' id='word_1_17' title='bbox 1246 678 1448 725; x_wconf 86' lang='lat' dir='ltr'><strong>suam</strong></span> <span class='ocrx_word' id='word_1_18' title='bbox 1507 656 1755 728; x_wconf 88' lang='lat' dir='ltr'><strong>sceleri</strong></span> <span class='ocrx_word' id='word_1_19' title='bbox 1808 671 1882 729; x_wconf 91' lang='lat' dir='ltr'><strong>et</strong></span> <span class='ocrx_word' id='word_1_20' title='bbox 1930 663 2155 733; x_wconf 84' lang='lat' dir='ltr'><strong>menti</strong></span> <span class='ocrx_word' id='word_1_21' title='bbox 2200 677 2340 736; x_wconf 81' lang='lat' dir='ltr'><strong>tuae</strong></span> 
     </span>
     <span class='ocr_line' id='line_1_4' title="bbox 222 762 2340 864; baseline 0.005 -29"><span class='ocrx_word' id='word_1_22' title='bbox 222 763 538 862; x_wconf 82' lang='lat' dir='ltr'><strong>praebere</strong></span> <span class='ocrx_word' id='word_1_23' title='bbox 572 764 900 850; x_wconf 82' lang='lat' dir='ltr'><strong>voluisti,</strong></span> <span class='ocrx_word' id='word_1_24' title='bbox 924 800 929 805; x_wconf 91' lang='lat'>·</span> <span class='ocrx_word' id='word_1_25' title='bbox 950 778 1033 835; x_wconf 90' lang='lat' dir='ltr'><strong>ut</strong></span> <span class='ocrx_word' id='word_1_26' title='bbox 1070 764 1337 836; x_wconf 88' lang='lat' dir='ltr'><strong>diceret</strong></span> <span class='ocrx_word' id='word_1_27' title='bbox 1367 762 1393 862; x_wconf 80' lang='lat'>[</span> <span class='ocrx_word' id='word_1_28' title='bbox 1419 770 1499 837; x_wconf 89' lang='lat' dir='ltr'><strong>L.</strong></span> <span class='ocrx_word' id='word_1_29' title='bbox 1529 764 1851 864; x_wconf 88' lang='lat' dir='ltr'><strong>Vettius]</strong></span> <span class='ocrx_word' id='word_1_30' title='bbox 1878 770 1952 839; x_wconf 90' lang='lat' dir='ltr'><strong>iu</strong></span> <span class='ocrx_word' id='word_1_31' title='bbox 1991 772 2340 846; x_wconf 80' lang='lat' dir='ltr'><strong>concione</strong></span> 
     </span>
     <span class='ocr_line' id='line_1_5' title="bbox 218 875 2341 975; baseline 0.004 -30"><span class='ocrx_word' id='word_1_32' title='bbox 218 888 368 959; x_wconf 86' lang='lat' dir='ltr'><strong>tua,</strong></span> <span class='ocrx_word' id='word_1_33' title='bbox 402 889 702 971; x_wconf 79' lang='lat' dir='ltr'><strong>rogatus</strong></span> <span class='ocrx_word' id='word_1_34' title='bbox 729 900 772 945; x_wconf 90' lang='lat' dir='ltr'><strong>a</strong></span> <span class='ocrx_word' id='word_1_35' title='bbox 807 889 918 962; x_wconf 86' lang='lat' dir='ltr'><strong>te,</strong></span> <span class='ocrx_word' id='word_1_36' title='bbox 958 896 1034 946; x_wconf 83' lang='lat' dir='ltr'><strong>se</strong></span> <span class='ocrx_word' id='word_1_37' title='bbox 1070 888 1437 963; x_wconf 77' lang='lat' dir='ltr'><strong>auctores,</strong></span> <span class='ocrx_word' id='word_1_38' title='bbox 1473 890 1552 947; x_wconf 89' lang='lat' dir='ltr'><strong>et</strong></span> <span class='ocrx_word' id='word_1_39' title='bbox 1590 875 2023 975; x_wconf 80' lang='lat' dir='ltr'><strong>impulsores</strong></span> <span class='ocrx_word' id='word_1_40' title='bbox 2045 932 2066 967; x_wconf 92' lang='lat'><strong>,</strong></span> <span class='ocrx_word' id='word_1_41' title='bbox 2107 894 2180 952; x_wconf 88' lang='lat' dir='ltr'><strong>et</strong></span> <span class='ocrx_word' id='word_1_42' title='bbox 2221 905 2341 953; x_wconf 81' lang='lat' dir='ltr'><strong>so-</strong></span> 
     </span>
     <span class='ocr_line' id='line_1_6' title="bbox 211 984 2341 1084; baseline 0.002 -27"><span class='ocrx_word' id='word_1_43' title='bbox 211 991 359 1057; x_wconf 83' lang='lat' dir='ltr'><strong>cios</strong></span> <span class='ocrx_word' id='word_1_44' title='bbox 396 984 740 1058; x_wconf 86' lang='lat' dir='ltr'><strong>habuisse</strong></span> <span class='ocrx_word' id='word_1_45' title='bbox 780 984 1063 1058; x_wconf 88' lang='lat' dir='ltr'><strong>sceleris</strong></span> <span class='ocrx_word' id='word_1_46' title='bbox 1098 984 1290 1057; x_wconf 85' lang='lat' dir='ltr'><strong>illius</strong></span> <span class='ocrx_word' id='word_1_47' title='bbox 1329 1008 1455 1057; x_wconf 91' lang='lat' dir='ltr'><strong>eos</strong></span> <span class='ocrx_word' id='word_1_48' title='bbox 1500 987 1691 1059; x_wconf 82' lang='lat' dir='ltr'><strong>viros</strong></span> <span class='ocrx_word' id='word_1_49' title='bbox 1716 1040 1737 1075; x_wconf 94' lang='lat'><strong>,</strong></span> <span class='ocrx_word' id='word_1_50' title='bbox 1785 986 2054 1084; x_wconf 89' lang='lat' dir='ltr'><strong>quibus</strong></span> <span class='ocrx_word' id='word_1_51' title='bbox 2090 1012 2132 1060; x_wconf 90' lang='lat' dir='ltr'><strong>e</strong></span> <span class='ocrx_word' id='word_1_52' title='bbox 2167 991 2341 1062; x_wconf 82' lang='lat' dir='ltr'><strong>civi-</strong></span> 
     </span>
     <span class='ocr_line' id='line_1_7' title="bbox 212 1094 2341 1193; baseline 0.003 -27"><span class='ocrx_word' id='word_1_53' title='bbox 212 1108 355 1167; x_wconf 84' lang='lat' dir='ltr'><strong>tate</strong></span> <span class='ocrx_word' id='word_1_54' title='bbox 404 1094 746 1185; x_wconf 82' lang='lat' dir='ltr'><strong>sublatis,</strong></span> <span class='ocrx_word' id='word_1_55' title='bbox 783 1095 983 1193; x_wconf 89' lang='lat' dir='ltr'><strong>quod</strong></span> <span class='ocrx_word' id='word_1_56' title='bbox 1019 1109 1099 1168; x_wconf 87' lang='lat' dir='ltr'><strong>tu</strong></span> <span class='ocrx_word' id='word_1_57' title='bbox 1138 1119 1228 1166; x_wconf 92' lang='lat' dir='ltr'><strong>eo</strong></span> <span class='ocrx_word' id='word_1_58' title='bbox 1272 1109 1601 1193; x_wconf 87' lang='lat' dir='ltr'><strong>tempore</strong></span> <span class='ocrx_word' id='word_1_59' title='bbox 1631 1096 2057 1186; x_wconf 82' lang='lat' dir='ltr'>moliebare,</span> <span class='ocrx_word' id='word_1_60' title='bbox 2097 1100 2341 1173; x_wconf 84' lang='lat' dir='ltr'><strong>civitas</strong></span> 
     </span>
     <span class='ocr_line' id='line_1_8' title="bbox 209 1203 2341 1303; baseline 0.001 -25"><span class='ocrx_word' id='word_1_61' title='bbox 209 1220 399 1278; x_wconf 82' lang='lat' dir='ltr'><strong>stare</strong></span> <span class='ocrx_word' id='word_1_62' title='bbox 436 1231 596 1277; x_wconf 88' lang='lat' dir='ltr'><strong>non</strong></span> <span class='ocrx_word' id='word_1_63' title='bbox 636 1220 920 1303; x_wconf 86' lang='lat' dir='ltr'><strong>posset:</strong></span> <span class='ocrx_word' id='word_1_64' title='bbox 950 1210 1045 1277; x_wconf 89' lang='grc' dir='ltr'><strong>Μ.</strong></span> <span class='ocrx_word' id='word_1_65' title='bbox 1081 1203 1414 1277; x_wconf 90' lang='lat' dir='ltr'>Bibulum</span> <span class='ocrx_word' id='word_1_66' title='bbox 1437 1258 1459 1293; x_wconf 96' lang='lat'><strong>,</strong></span> <span class='ocrx_word' id='word_1_67' title='bbox 1495 1205 1702 1302; x_wconf 84' lang='lat' dir='ltr'><strong>cujus</strong></span> <span class='ocrx_word' id='word_1_68' title='bbox 1739 1208 2141 1281; x_wconf 85' lang='lat' dir='ltr'><strong>inclusione</strong></span> <span class='ocrx_word' id='word_1_69' title='bbox 2168 1234 2341 1282; x_wconf 88' lang='lat' dir='ltr'><strong>con·</strong></span> 
     </span>
     <span class='ocr_line' id='line_1_9' title="bbox 208 1312 2344 1415; baseline 0.001 -29"><span class='ocrx_word' id='word_1_70' title='bbox 208 1330 458 1388; x_wconf 84' lang='lat' dir='ltr'><strong>tentus</strong></span> <span class='ocrx_word' id='word_1_71' title='bbox 488 1340 641 1388; x_wconf 91' lang='lat' dir='ltr'><strong>non</strong></span> <span class='ocrx_word' id='word_1_72' title='bbox 667 1339 858 1401; x_wconf 73' lang='lat' dir='ltr'><strong>erae,</strong></span> <span class='ocrx_word' id='word_1_73' title='bbox 885 1312 1287 1391; x_wconf 86' lang='lat' dir='ltr'><strong>interficere</strong></span> <span class='ocrx_word' id='word_1_74' title='bbox 1318 1314 1647 1387; x_wconf 84' lang='lat' dir='ltr'><strong>volueras</strong></span> <span class='ocrx_word' id='word_1_75' title='bbox 1666 1368 1686 1404; x_wconf 91' lang='lat'><strong>,</strong></span> <span class='ocrx_word' id='word_1_76' title='bbox 1708 1316 2139 1415; x_wconf 78' lang='lat' dir='ltr'><strong>spoliaveras</strong></span> <span class='ocrx_word' id='word_1_77' title='bbox 2171 1341 2344 1389; x_wconf 89' lang='lat' dir='ltr'><strong>con-</strong></span> 
     </span>
     <span class='ocr_line' id='line_1_10' title="bbox 209 1423 2340 1523; baseline 0 -25"><span class='ocrx_word' id='word_1_78' title='bbox 209 1427 450 1499; x_wconf 85' lang='lat' dir='ltr'><strong>sulatu</strong></span> <span class='ocrx_word' id='word_1_79' title='bbox 470 1423 532 1514; x_wconf 73' lang='lat'><strong>4,</strong></span> <span class='ocrx_word' id='word_1_80' title='bbox 569 1426 797 1523; x_wconf 86' lang='lat' dir='ltr'><strong>patria</strong></span> <span class='ocrx_word' id='word_1_81' title='bbox 832 1426 1113 1522; x_wconf 87' lang='lat' dir='ltr'><strong>privare</strong></span> <span class='ocrx_word' id='word_1_82' title='bbox 1148 1423 1525 1521; x_wconf 85' lang='lat' dir='ltr'><strong>cupiebas;</strong></span> <span class='ocrx_word' id='word_1_83' title='bbox 1563 1429 1645 1496; x_wconf 89' lang='lat' dir='ltr'><strong>L.</strong></span> <span class='ocrx_word' id='word_1_84' title='bbox 1682 1426 2093 1515; x_wconf 85' lang='lat' dir='ltr'><strong>Lucullum,</strong></span> <span class='ocrx_word' id='word_1_85' title='bbox 2130 1428 2340 1523; x_wconf 86' lang='lat' dir='ltr'><strong>cujus</strong></span> 
     </span>
     <span class='ocr_line' id='line_1_11' title="bbox 212 1532 2339 1633; baseline 0 -25"><span class='ocrx_word' id='word_1_86' title='bbox 212 1551 289 1608; x_wconf 89' lang='lat' dir='ltr'><strong>tu</strong></span> <span class='ocrx_word' id='word_1_87' title='bbox 323 1535 556 1608; x_wconf 85' lang='lat' dir='ltr'><strong>rebus</strong></span> <span class='ocrx_word' id='word_1_88' title='bbox 595 1532 880 1633; x_wconf 76' lang='lat' dir='ltr'><strong>gestis5,</strong></span> <span class='ocrx_word' id='word_1_89' title='bbox 922 1532 1122 1631; x_wconf 90' lang='lat' dir='ltr'><strong>quod</strong></span> <span class='ocrx_word' id='word_1_90' title='bbox 1166 1534 1319 1631; x_wconf 86' lang='lat' dir='ltr'><strong>ipse</strong></span> <span class='ocrx_word' id='word_1_91' title='bbox 1355 1532 1445 1605; x_wconf 89' lang='lat' dir='ltr'><strong>ad</strong></span> <span class='ocrx_word' id='word_1_92' title='bbox 1489 1535 1981 1632; x_wconf 82' lang='lat' dir='ltr'><strong>imperatorias</strong></span> <span class='ocrx_word' id='word_1_93' title='bbox 2012 1534 2259 1608; x_wconf 85' lang='lat' dir='ltr'><strong>laudes</strong></span> <span class='ocrx_word' id='word_1_94' title='bbox 2297 1561 2339 1608; x_wconf 83' lang='lat' dir='ltr'><strong>a</strong></span> 
     </span>
     <span class='ocr_line' id='line_1_12' title="bbox 215 1642 2337 1743; baseline 0 -26"><span class='ocrx_word' id='word_1_95' title='bbox 215 1670 448 1743; x_wconf 89' lang='lat' dir='ltr'><strong>puero</strong></span> <span class='ocrx_word' id='word_1_96' title='bbox 513 1644 845 1718; x_wconf 82' lang='lat' dir='ltr'><strong>videlicet</strong></span> <span class='ocrx_word' id='word_1_97' title='bbox 905 1658 1261 1742; x_wconf 81' lang='lat' dir='ltr'><strong>spectaras</strong></span> <span class='ocrx_word' id='word_1_98' title='bbox 1293 1697 1312 1729; x_wconf 94' lang='lat'><strong>,</strong></span> <span class='ocrx_word' id='word_1_99' title='bbox 1379 1642 1874 1716; x_wconf 81' lang='lat' dir='ltr'><strong>vehementius</strong></span> <span class='ocrx_word' id='word_1_100' title='bbox 1927 1645 2337 1732; x_wconf 85' lang='lat' dir='ltr'><strong>invidebas;</strong></span> 
     </span>
     <span class='ocr_line' id='line_1_13' title="bbox 214 1750 2336 1854; baseline -0 -26"><span class='ocrx_word' id='word_1_101' title='bbox 214 1761 289 1828; x_wconf 91' lang='lat' dir='ltr'><strong>C.</strong></span> <span class='ocrx_word' id='word_1_102' title='bbox 332 1757 768 1841; x_wconf 84' lang='lat' dir='ltr'><strong>Curionem,</strong></span> <span class='ocrx_word' id='word_1_103' title='bbox 826 1767 1264 1851; x_wconf 87' lang='lat' dir='ltr'><strong>perpetuum</strong></span> <span class='ocrx_word' id='word_1_104' title='bbox 1312 1750 1594 1825; x_wconf 89' lang='lat' dir='ltr'><strong>hostem</strong></span> <span class='ocrx_word' id='word_1_105' title='bbox 1642 1752 2139 1854; x_wconf 89' lang='lat' dir='ltr'><strong>improborum</strong></span> <span class='ocrx_word' id='word_1_106' title='bbox 2184 1781 2336 1827; x_wconf 85' lang='lat' dir='ltr'><strong>om·</strong></span> 
     </span>
     <span class='ocr_line' id='line_1_14' title="bbox 217 1862 2430 1961; baseline 0 -25"><span class='ocrx_word' id='word_1_107' title='bbox 217 1868 418 1936; x_wconf 89' lang='lat' dir='ltr'><strong>nium</strong></span> <span class='ocrx_word' id='word_1_108' title='bbox 442 1920 466 1953; x_wconf 94' lang='lat'><strong>,</strong></span> <span class='ocrx_word' id='word_1_109' title='bbox 515 1877 880 1936; x_wconf 84' lang='lat' dir='ltr'><strong>auctorem</strong></span> <span class='ocrx_word' id='word_1_110' title='bbox 921 1862 1190 1961; x_wconf 87' lang='lat' dir='ltr'><strong>publici</strong></span> <span class='ocrx_word' id='word_1_111' title='bbox 1233 1862 1550 1949; x_wconf 81' lang='lat' dir='ltr'><strong>consilii,</strong></span> <span class='ocrx_word' id='word_1_112' title='bbox 1601 1863 1927 1936; x_wconf 86' lang='lat' dir='ltr'><strong>libertate</strong></span> <span class='ocrx_word' id='word_1_113' title='bbox 1965 1868 2334 1938; x_wconf 89' lang='lat' dir='ltr'><strong>communi</strong></span> <span class='ocrx_word' id='word_1_114' title='bbox 2416 1883 2430 1893; x_wconf 84' lang='grc'><em>·</em></span> 
     </span>
     <span class='ocr_line' id='line_1_15' title="bbox 218 1969 2335 2072; baseline 0.001 -27"><span class='ocrx_word' id='word_1_115' title='bbox 218 1974 488 2047; x_wconf 86' lang='lat' dir='ltr'><strong>tuenda</strong></span> <span class='ocrx_word' id='word_1_116' title='bbox 536 1974 842 2047; x_wconf 88' lang='lat' dir='ltr'><strong>maxime</strong></span> <span class='ocrx_word' id='word_1_117' title='bbox 878 1969 1270 2059; x_wconf 83' lang='lat' dir='ltr'><strong>liberum⁶,</strong></span> <span class='ocrx_word' id='word_1_118' title='bbox 1314 1997 1480 2043; x_wconf 89' lang='lat' dir='ltr'><strong>cum</strong></span> <span class='ocrx_word' id='word_1_119' title='bbox 1525 1972 1677 2044; x_wconf 85' lang='lat' dir='ltr'><strong>filio</strong></span> <span class='ocrx_word' id='word_1_120' title='bbox 1722 1975 2044 2072; x_wconf 84' lang='lat' dir='ltr'><strong>principe</strong></span> <span class='ocrx_word' id='word_1_121' title='bbox 2076 1975 2335 2069; x_wconf 84' lang='lat' dir='ltr'><strong>juven·</strong></span> 
     </span>
     <span class='ocr_line' id='line_1_16' title="bbox 217 2080 2336 2180; baseline -0 -22"><span class='ocrx_word' id='word_1_122' title='bbox 217 2085 431 2170; x_wconf 85' lang='lat' dir='ltr'><strong>tutis,</strong></span> <span class='ocrx_word' id='word_1_123' title='bbox 477 2107 647 2155; x_wconf 90' lang='lat' dir='ltr'><strong>cum</strong></span> <span class='ocrx_word' id='word_1_124' title='bbox 690 2080 1064 2180; x_wconf 85' lang='lat' dir='ltr'><strong>republica</strong></span> <span class='ocrx_word' id='word_1_125' title='bbox 1114 2081 1614 2174; x_wconf 87' lang='lat' dir='ltr'><strong>conjunctiore</strong></span> <span class='ocrx_word' id='word_1_126' title='bbox 1667 2086 1921 2170; x_wconf 88' lang='lat' dir='ltr'><strong>etiam,</strong></span> <span class='ocrx_word' id='word_1_127' title='bbox 1971 2109 2192 2180; x_wconf 89' lang='lat' dir='ltr'><strong>quam</strong></span> <span class='ocrx_word' id='word_1_128' title='bbox 2243 2085 2336 2157; x_wconf 85' lang='lat' dir='ltr'><strong>ab</strong></span> 
     </span>
     <span class='ocr_line' id='line_1_17' title="bbox 221 2188 2333 2291; baseline 0.002 -29"><span class='ocrx_word' id='word_1_129' title='bbox 221 2193 328 2265; x_wconf 87' lang='lat' dir='ltr'><strong>illa</strong></span> <span class='ocrx_word' id='word_1_130' title='bbox 354 2207 565 2265; x_wconf 80' lang='lat' dir='ltr'><strong>aetate</strong></span> <span class='ocrx_word' id='word_1_131' title='bbox 602 2189 1116 2291; x_wconf 82' lang='lat' dir='ltr'><strong>postulandum</strong></span> <span class='ocrx_word' id='word_1_132' title='bbox 1155 2188 1582 2279; x_wconf 87' lang='lat' dir='ltr'><strong>fuit‚delere</strong></span> <span class='ocrx_word' id='word_1_133' title='bbox 1618 2191 1936 2280; x_wconf 81' lang='lat' dir='ltr'><strong>voluisti3</strong></span> <span class='ocrx_word' id='word_1_134' title='bbox 1974 2198 2054 2264; x_wconf 90' lang='lat' dir='ltr'><strong>L.</strong></span> <span class='ocrx_word' id='word_1_135' title='bbox 2080 2197 2333 2267; x_wconf 91' lang='lat' dir='ltr'><strong>Domi-</strong></span> 
     </span>
     <span class='ocr_line' id='line_1_18' title="bbox 220 2300 2335 2402; baseline 0.002 -28"><span class='ocrx_word' id='word_1_136' title='bbox 220 2308 394 2376; x_wconf 89' lang='lat' dir='ltr'><strong>tium</strong></span> <span class='ocrx_word' id='word_1_137' title='bbox 408 2316 464 2393; x_wconf 87' lang='lat'><strong>⁷,</strong></span> <span class='ocrx_word' id='word_1_138' title='bbox 491 2305 609 2401; x_wconf 85' lang='lat' dir='ltr'><strong>cuj</strong></span> <span class='ocrx_word' id='word_1_139' title='bbox 619 2327 700 2375; x_wconf 86' lang='lat' dir='ltr'><strong>us</strong></span> <span class='ocrx_word' id='word_1_140' title='bbox 715 2302 1020 2402; x_wconf 85' lang='lat' dir='ltr'><strong>dignitas</strong></span> <span class='ocrx_word' id='word_1_141' title='bbox 1038 2315 1107 2373; x_wconf 90' lang='lat' dir='ltr'><strong>et</strong></span> <span class='ocrx_word' id='word_1_142' title='bbox 1127 2300 1473 2399; x_wconf 81' lang='lat' dir='ltr'><strong>splendor</strong></span> <span class='ocrx_word' id='word_1_143' title='bbox 1491 2304 2024 2401; x_wconf 70' lang='lat' dir='ltr'><strong>praestringebat</strong></span> <span class='ocrx_word' id='word_1_144' title='bbox 2046 2359 2066 2393; x_wconf 87' lang='lat'>‚</span> <span class='ocrx_word' id='word_1_145' title='bbox 2092 2304 2335 2394; x_wconf 86' lang='lat' dir='ltr'><strong>cred0,</strong></span> 
     </span>
     <span class='ocr_line' id='line_1_19' title="bbox 223 2413 2328 2513; baseline 0 -27"><span class='ocrx_word' id='word_1_146' title='bbox 223 2415 465 2488; x_wconf 86' lang='lat' dir='ltr'><strong>oculos</strong></span> <span class='ocrx_word' id='word_1_147' title='bbox 492 2415 797 2503; x_wconf 85' lang='lat' dir='ltr'><strong>Vatinii,</strong></span> <span class='ocrx_word' id='word_1_148' title='bbox 829 2437 1049 2511; x_wconf 89' lang='lat' dir='ltr'><strong>quem</strong></span> <span class='ocrx_word' id='word_1_149' title='bbox 1091 2427 1170 2483; x_wconf 90' lang='lat' dir='ltr'><strong>tu</strong></span> <span class='ocrx_word' id='word_1_150' title='bbox 1213 2426 1516 2513; x_wconf 88' lang='lat' dir='ltr'><strong>propter</strong></span> <span class='ocrx_word' id='word_1_151' title='bbox 1550 2438 1934 2487; x_wconf 89' lang='lat' dir='ltr'><strong>commune</strong></span> <span class='ocrx_word' id='word_1_152' title='bbox 1966 2413 2216 2486; x_wconf 87' lang='lat' dir='ltr'><strong>odium</strong></span> <span class='ocrx_word' id='word_1_153' title='bbox 2257 2418 2328 2486; x_wconf 90' lang='lat' dir='ltr'><strong>in</strong></span> 
     </span>
     <span class='ocr_line' id='line_1_20' title="bbox 220 2523 2332 2621; baseline -0.001 -26"><span class='ocrx_word' id='word_1_154' title='bbox 220 2523 454 2596; x_wconf 85' lang='lat' dir='ltr'><strong>bonos</strong></span> <span class='ocrx_word' id='word_1_155' title='bbox 483 2525 737 2599; x_wconf 87' lang='lat' dir='ltr'><strong>oderas</strong></span> <span class='ocrx_word' id='word_1_156' title='bbox 765 2577 784 2611; x_wconf 92' lang='lat'><strong>,</strong></span> <span class='ocrx_word' id='word_1_157' title='bbox 824 2525 899 2594; x_wconf 89' lang='lat' dir='ltr'><strong>in</strong></span> <span class='ocrx_word' id='word_1_158' title='bbox 945 2537 1311 2621; x_wconf 86' lang='lat' dir='ltr'><strong>posterum</strong></span> <span class='ocrx_word' id='word_1_159' title='bbox 1355 2535 1628 2610; x_wconf 89' lang='lat' dir='ltr'><strong>autem,</strong></span> <span class='ocrx_word' id='word_1_160' title='bbox 1661 2536 1961 2620; x_wconf 87' lang='lat' dir='ltr'><strong>propter</strong></span> <span class='ocrx_word' id='word_1_161' title='bbox 2004 2528 2332 2593; x_wconf 89' lang='lat' dir='ltr'><strong>omnium</strong></span> 
     </span>
     <span class='ocr_line' id='line_1_21' title="bbox 217 2632 2335 2736; baseline -0.001 -30"><span class='ocrx_word' id='word_1_162' title='bbox 217 2659 462 2733; x_wconf 82' lang='lat' dir='ltr'><strong>spem,</strong></span> <span class='ocrx_word' id='word_1_163' title='bbox 502 2661 667 2736; x_wconf 80' lang='lat' dir='ltr'><strong>quae</strong></span> <span class='ocrx_word' id='word_1_164' title='bbox 716 2636 808 2708; x_wconf 90' lang='lat' dir='ltr'><strong>de</strong></span> <span class='ocrx_word' id='word_1_165' title='bbox 862 2634 986 2705; x_wconf 87' lang='lat' dir='ltr'><strong>illo</strong></span> <span class='ocrx_word' id='word_1_166' title='bbox 1035 2648 1184 2717; x_wconf 89' lang='lat' dir='ltr'><strong>est,</strong></span> <span class='ocrx_word' id='word_1_167' title='bbox 1233 2645 1453 2728; x_wconf 88' lang='lat' dir='ltr'><strong>atque</strong></span> <span class='ocrx_word' id='word_1_168' title='bbox 1491 2647 1689 2721; x_wconf 87' lang='lat' dir='ltr'><strong>erat,</strong></span> <span class='ocrx_word' id='word_1_169' title='bbox 1752 2649 1920 2705; x_wconf 87' lang='lat' dir='ltr'><strong>ante</strong></span> <span class='ocrx_word' id='word_1_170' title='bbox 1964 2632 2335 2729; x_wconf 87' lang='lat' dir='ltr'><strong>aliquanto</strong></span> 
     </span>
     <span class='ocr_line' id='line_1_22' title="bbox 215 2741 2331 2838; baseline -0.001 -23"><span class='ocrx_word' id='word_1_171' title='bbox 215 2746 549 2834; x_wconf 74' lang='lat' dir='ltr'><strong>timebas3</strong></span> <span class='ocrx_word' id='word_1_172' title='bbox 595 2750 671 2817; x_wconf 91' lang='lat' dir='ltr'><strong>L.</strong></span> <span class='ocrx_word' id='word_1_173' title='bbox 727 2743 1114 2818; x_wconf 83' lang='lat' dir='ltr'><strong>Lentulum</strong></span> <span class='ocrx_word' id='word_1_174' title='bbox 1141 2794 1160 2828; x_wconf 95' lang='lat'><strong>,</strong></span> <span class='ocrx_word' id='word_1_175' title='bbox 1197 2741 1390 2813; x_wconf 88' lang='lat' dir='ltr'><strong>hunc</strong></span> <span class='ocrx_word' id='word_1_176' title='bbox 1426 2741 1741 2838; x_wconf 86' lang='lat' dir='ltr'><strong>judicem</strong></span> <span class='ocrx_word' id='word_1_177' title='bbox 1789 2758 2151 2831; x_wconf 82' lang='lat' dir='ltr'><strong>nostrum,</strong></span> <span class='ocrx_word' id='word_1_178' title='bbox 2206 2742 2331 2814; x_wconf 89' lang='lat' dir='ltr'><strong>fla-</strong></span> 
     </span>
     <span class='ocr_line' id='line_1_23' title="bbox 209 2849 2330 2951; baseline -0.001 -26"><span class='ocrx_word' id='word_1_179' title='bbox 209 2857 479 2927; x_wconf 89' lang='lat' dir='ltr'><strong>minem</strong></span> <span class='ocrx_word' id='word_1_180' title='bbox 516 2855 952 2941; x_wconf 84' lang='lat' dir='ltr'><strong>Martialem,</strong></span> <span class='ocrx_word' id='word_1_181' title='bbox 1000 2849 1200 2949; x_wconf 89' lang='lat' dir='ltr'><strong>quod</strong></span> <span class='ocrx_word' id='word_1_182' title='bbox 1240 2867 1388 2923; x_wconf 84' lang='lat' dir='ltr'><strong>erat</strong></span> <span class='ocrx_word' id='word_1_183' title='bbox 1420 2876 1505 2923; x_wconf 91' lang='lat' dir='ltr'><strong>eo</strong></span> <span class='ocrx_word' id='word_1_184' title='bbox 1537 2867 1864 2951; x_wconf 89' lang='lat' dir='ltr'><strong>tempore</strong></span> <span class='ocrx_word' id='word_1_185' title='bbox 1897 2852 2187 2925; x_wconf 87' lang='lat' dir='ltr'><strong>Gabinii</strong></span> <span class='ocrx_word' id='word_1_186' title='bbox 2223 2856 2330 2925; x_wconf 88' lang='lat' dir='ltr'><strong>tui</strong></span> 
     </span>
     <span class='ocr_line' id='line_1_24' title="bbox 207 2960 2331 3066; baseline -0.001 -31"><span class='ocrx_word' id='word_1_187' title='bbox 207 2968 669 3066; x_wconf 88' lang='lat' dir='ltr'><strong>competitor,</strong></span> <span class='ocrx_word' id='word_1_188' title='bbox 701 2966 763 3060; x_wconf 91' lang='lat' dir='ltr'><strong>ej</strong></span> <span class='ocrx_word' id='word_1_189' title='bbox 775 2963 1024 3035; x_wconf 88' lang='lat' dir='ltr'><strong>usdem</strong></span> <span class='ocrx_word' id='word_1_190' title='bbox 1041 2962 1258 3031; x_wconf 84' lang='lat' dir='ltr'><strong>Vettii</strong></span> <span class='ocrx_word' id='word_1_191' title='bbox 1279 2960 1548 3032; x_wconf 89' lang='lat' dir='ltr'><strong>indicio</strong></span> <span class='ocrx_word' id='word_1_192' title='bbox 1576 2965 1984 3061; x_wconf 87' lang='lat' dir='ltr'><strong>opprimere</strong></span> <span class='ocrx_word' id='word_1_193' title='bbox 2011 2963 2331 3048; x_wconf 80' lang='lat' dir='ltr'><strong>voluisti3</strong></span> 
     </span>
    </p>
   </div>
   <div class='ocr_carea' id='block_1_3' title="bbox 200 3128 2327 3274">
    <p class='ocr_par' dir='ltr' id='par_1_3' title="bbox 200 3128 2327 3274">
     <span class='ocr_line' id='line_1_25' title="bbox 200 3128 2327 3202; baseline -0.002 -18"><span class='ocrx_word' id='word_1_194' title='bbox 200 3137 369 3202; x_wconf 66' lang='lat' dir='ltr'><strong>legun</strong></span> <span class='ocrx_word' id='word_1_195' title='bbox 413 3135 653 3195; x_wconf 68' lang='lat' dir='ltr'><strong>ferebant,</strong></span> <span class='ocrx_word' id='word_1_196' title='bbox 694 3131 1012 3197; x_wconf 73' lang='lat' dir='ltr'><strong>eliqnem&#39;ex</strong></span> <span class='ocrx_word' id='word_1_197' title='bbox 1056 3128 1225 3192; x_wconf 81' lang='lat' dir='ltr'><strong>primis</strong></span> <span class='ocrx_word' id='word_1_198' title='bbox 1313 3138 1551 3179; x_wconf 74' lang='lat' dir='ltr'><strong>testatem.</strong></span> <span class='ocrx_word' id='word_1_199' title='bbox 1587 3130 1746 3179; x_wconf 60' lang='lat' dir='ltr'><strong>Cur</strong></span> <span class='ocrx_word' id='word_1_200' title='bbox 1783 3147 1972 3195; x_wconf 77' lang='lat' dir='ltr'><strong>semper</strong></span> <span class='ocrx_word' id='word_1_201' title='bbox 2011 3147 2063 3179; x_wconf 98' lang='lat' dir='ltr'><strong>se</strong></span> <span class='ocrx_word' id='word_1_202' title='bbox 2092 3132 2240 3194; x_wconf 71' lang='lat' dir='ltr'><strong>gessit</strong></span> <span class='ocrx_word' id='word_1_203' title='bbox 2276 3132 2327 3180; x_wconf 73' lang='lat' dir='ltr'><strong>in</strong></span> 
     </span>
     <span class='ocr_line' id='line_1_26' title="bbox 200 3208 2327 3274; baseline -0.003 -10"><span class='ocrx_word' id='word_1_204' title='bbox 200 3216 421 3266; x_wconf 67' lang='lat' dir='ltr'><strong>civit-tis</strong></span> <span class='ocrx_word' id='word_1_205' title='bbox 444 3215 500 3261; x_wconf 78' lang='lat' dir='ltr'><strong>in</strong></span> <span class='ocrx_word' id='word_1_206' title='bbox 518 3215 800 3261; x_wconf 79' lang='lat' dir='ltr'><strong>concionem</strong></span> <span class='ocrx_word' id='word_1_207' title='bbox 818 3209 1104 3274; x_wconf 81' lang='lat' dir='ltr'><strong>producere,</strong></span> <span class='ocrx_word' id='word_1_208' title='bbox 1121 3222 1224 3272; x_wconf 82' lang='lat' dir='ltr'><strong>qno</strong></span> <span class='ocrx_word' id='word_1_209' title='bbox 1311 3208 1569 3256; x_wconf 70' lang='lat' dir='ltr'><strong>eon-ulna</strong></span> <span class='ocrx_word' id='word_1_210' title='bbox 1587 3223 1678 3256; x_wconf 83' lang='lat' dir='ltr'><strong>suo</strong></span> <span class='ocrx_word' id='word_1_211' title='bbox 1701 3218 1943 3273; x_wconf 68' lang='lat' dir='ltr'><strong>tamquam</strong></span> <span class='ocrx_word' id='word_1_212' title='bbox 1961 3210 2003 3257; x_wconf 85' lang='lat' dir='ltr'><strong>si</strong></span> <span class='ocrx_word' id='word_1_213' title='bbox 2019 3210 2186 3259; x_wconf 83' lang='lat' dir='ltr'><strong>einen</strong></span> <span class='ocrx_word' id='word_1_214' title='bbox 2202 3222 2327 3258; x_wconf 84' lang='lat' dir='ltr'><strong>esset</strong></span> 
     </span>
    </p>
   </div>
   <div class='ocr_carea' id='block_1_4' title="bbox 200 3287 1223 3518">
    <p class='ocr_par' dir='ltr' id='par_1_4' title="bbox 200 3287 1223 3518">
     <span class='ocr_line' id='line_1_27' title="bbox 201 3287 1223 3358; baseline -0.012 -13"><span class='ocrx_word' id='word_1_215' title='bbox 201 3299 360 3358; x_wconf 71' lang='lat' dir='ltr'><strong>meior</strong></span> <span class='ocrx_word' id='word_1_216' title='bbox 377 3292 540 3343; x_wconf 74' lang='lat' dir='ltr'><strong>verb’n</strong></span> <span class='ocrx_word' id='word_1_217' title='bbox 564 3293 786 3358; x_wconf 80' lang='lat' dir='ltr'><strong>ipsorum</strong></span> <span class='ocrx_word' id='word_1_218' title='bbox 821 3288 944 3338; x_wconf 79' lang='lat' dir='ltr'><strong>fides</strong></span> <span class='ocrx_word' id='word_1_219' title='bbox 970 3287 1223 3340; x_wconf 77' lang='lat' dir='ltr'><strong>sdbibere-</strong></span> 
     </span>
     <span class='ocr_line' id='line_1_28' title="bbox 201 3365 1221 3438; baseline -0.01 -15"><span class='ocrx_word' id='word_1_220' title='bbox 201 3387 307 3433; x_wconf 77' lang='lat' dir='ltr'><strong>mr,</strong></span> <span class='ocrx_word' id='word_1_221' title='bbox 332 3385 390 3422; x_wconf 79' lang='lat' dir='ltr'><strong>et</strong></span> <span class='ocrx_word' id='word_1_222' title='bbox 410 3373 522 3438; x_wconf 84' lang='lat' dir='ltr'><strong>plus</strong></span> <span class='ocrx_word' id='word_1_223' title='bbox 553 3369 857 3421; x_wconf 70' lang='lat' dir='ltr'><strong>auctoritatis</strong></span> <span class='ocrx_word' id='word_1_224' title='bbox 878 3366 942 3414; x_wconf 75' lang='lat' dir='ltr'><strong>sd</strong></span> <span class='ocrx_word' id='word_1_225' title='bbox 965 3382 1130 3416; x_wconf 84' lang='lat' dir='ltr'><strong>eorum</strong></span> <span class='ocrx_word' id='word_1_226' title='bbox 1151 3365 1221 3414; x_wconf 87' lang='lat' dir='ltr'><strong>le·</strong></span> 
     </span>
     <span class='ocr_line' id='line_1_29' title="bbox 200 3446 1218 3518; baseline -0.011 -14"><span class='ocrx_word' id='word_1_227' title='bbox 200 3471 280 3518; x_wconf 72' lang='lat' dir='ltr'><strong>ges</strong></span> <span class='ocrx_word' id='word_1_228' title='bbox 316 3453 596 3502; x_wconf 66' lang='lat' dir='ltr'><strong>secedent.</strong></span> <span class='ocrx_word' id='word_1_229' title='bbox 634 3453 711 3498; x_wconf 68' lang='lat' dir='ltr'><strong>ln</strong></span> <span class='ocrx_word' id='word_1_230' title='bbox 751 3446 954 3497; x_wconf 76' lang='lat' dir='ltr'><strong>Clodius</strong></span> <span class='ocrx_word' id='word_1_231' title='bbox 994 3448 1218 3495; x_wconf 77' lang='lat' dir='ltr'><strong>Pisonem</strong></span> 
     </span>
    </p>
   </div>
   <div class='ocr_carea' id='block_1_5' title="bbox 200 3525 1223 3748">
    <p class='ocr_par' dir='ltr' id='par_1_5' title="bbox 200 3525 1223 3748">
     <span class='ocr_line' id='line_1_30' title="bbox 200 3525 1223 3597; baseline -0.012 -14"><span class='ocrx_word' id='word_1_232' title='bbox 200 3533 452 3582; x_wconf 64' lang='lat' dir='ltr'><strong>conulem</strong></span> <span class='ocrx_word' id='word_1_233' title='bbox 485 3528 726 3597; x_wconf 76' lang='lat' dir='ltr'><strong>produxit</strong></span> <span class='ocrx_word' id='word_1_234' title='bbox 741 3564 757 3590; x_wconf 93' lang='lat'><strong>,</strong></span> <span class='ocrx_word' id='word_1_235' title='bbox 794 3542 947 3592; x_wconf 78' lang='lat' dir='ltr'><strong>quum</strong></span> <span class='ocrx_word' id='word_1_236' title='bbox 974 3525 1036 3575; x_wconf 82' lang='lat' dir='ltr'><strong>de</strong></span> <span class='ocrx_word' id='word_1_237' title='bbox 1078 3525 1223 3575; x_wconf 73' lang='lat' dir='ltr'><strong>Cice-</strong></span> 
     </span>
     <span class='ocr_line' id='line_1_31' title="bbox 201 3604 1221 3662; baseline -0.011 1"><span class='ocrx_word' id='word_1_238' title='bbox 201 3628 315 3662; x_wconf 77' lang='lat' dir='ltr'><strong>rone</strong></span> <span class='ocrx_word' id='word_1_239' title='bbox 339 3614 399 3661; x_wconf 81' lang='lat' dir='ltr'><strong>in</strong></span> <span class='ocrx_word' id='word_1_240' title='bbox 416 3611 645 3660; x_wconf 80' lang='lat' dir='ltr'><strong>exsilium</strong></span> <span class='ocrx_word' id='word_1_241' title='bbox 665 3604 904 3656; x_wconf 79' lang='lat' dir='ltr'><strong>mittendo</strong></span> <span class='ocrx_word' id='word_1_242' title='bbox 917 3616 1221 3655; x_wconf 67' lang='lat' dir='ltr'><strong>statueretur.</strong></span> 
     </span>
     <span class='ocr_line' id='line_1_32' title="bbox 268 3684 1222 3748; baseline -0.01 -8"><span class='ocrx_word' id='word_1_243' title='bbox 268 3691 631 3740; x_wconf 54' lang='lat' dir='ltr'><strong>&amp;producet-e.</strong></span> <span class='ocrx_word' id='word_1_244' title='bbox 658 3687 776 3735; x_wconf 80' lang='lat' dir='ltr'><strong>Non</strong></span> <span class='ocrx_word' id='word_1_245' title='bbox 801 3686 871 3733; x_wconf 73' lang='lat' dir='ltr'><strong>fas</strong></span> <span class='ocrx_word' id='word_1_246' title='bbox 896 3694 996 3734; x_wconf 73' lang='lat' dir='ltr'><strong>eret</strong></span> <span class='ocrx_word' id='word_1_247' title='bbox 1018 3684 1222 3748; x_wconf 71' lang='lat' dir='ltr'><strong>privetis</strong></span> 
     </span>
    </p>
   </div>
   <div class='ocr_carea' id='block_1_6' title="bbox 204 3762 1220 3828">
    <p class='ocr_par' dir='ltr' id='par_1_6' title="bbox 204 3762 1220 3828">
     <span class='ocr_line' id='line_1_33' title="bbox 204 3762 1220 3828; baseline -0.01 -9"><span class='ocrx_word' id='word_1_248' title='bbox 204 3782 354 3818; x_wconf 75' lang='lat' dir='ltr'><strong>rostra</strong></span> <span class='ocrx_word' id='word_1_249' title='bbox 381 3767 735 3818; x_wconf 66' lang='lat' dir='ltr'><strong>mcendere.</strong></span> <span class='ocrx_word' id='word_1_250' title='bbox 761 3764 859 3814; x_wconf 76' lang='lat' dir='ltr'><strong>Sed</strong></span> <span class='ocrx_word' id='word_1_251' title='bbox 883 3765 925 3812; x_wconf 82' lang='lat' dir='ltr'><strong>si</strong></span> <span class='ocrx_word' id='word_1_252' title='bbox 960 3763 1022 3812; x_wconf 74' lang='lat' dir='ltr'><strong>ab</strong></span> <span class='ocrx_word' id='word_1_253' title='bbox 1054 3762 1220 3828; x_wconf 70' lang='lat' dir='ltr'><strong>aliquo</strong></span> 
     </span>
    </p>
   </div>
   <div class='ocr_carea' id='block_1_7' title="bbox 191 4082 1224 4228">
    <p class='ocr_par' dir='ltr' id='par_1_7' title="bbox 191 4082 1224 4228">
     <span class='ocr_line' id='line_1_34' title="bbox 191 4082 1223 4152; baseline -0.007 -16"><span class='ocrx_word' id='word_1_254' title='bbox 191 4082 1223 4152; x_wconf 72' lang='lat' dir='ltr'><strong>qmmeumeoegbsesdomumeonsugere,</strong></span> 
     </span>
     <span class='ocr_line' id='line_1_35' title="bbox 192 4160 1224 4228; baseline -0.008 -11"><span class='ocrx_word' id='word_1_255' title='bbox 192 4167 454 4217; x_wconf 70' lang='lat' dir='ltr'><strong>adanu-u</strong></span> <span class='ocrx_word' id='word_1_256' title='bbox 485 4177 678 4211; x_wconf 82' lang='lat' dir='ltr'><strong>onmem</strong></span> <span class='ocrx_word' id='word_1_257' title='bbox 700 4160 886 4228; x_wconf 71' lang='lat' dir='ltr'><strong>aliquid</strong></span> <span class='ocrx_word' id='word_1_258' title='bbox 923 4161 1097 4228; x_wconf 71' lang='lat' dir='ltr'><strong>agendi</strong></span> <span class='ocrx_word' id='word_1_259' title='bbox 1138 4179 1224 4227; x_wconf 84' lang='lat' dir='ltr'><strong>po-</strong></span> 
     </span>
    </p>
   </div>
   <div class='ocr_carea' id='block_1_8' title="bbox 1306 3286 2337 4145">
    <p class='ocr_par' dir='ltr' id='par_1_8' title="bbox 1307 3286 2324 3431">
     <span class='ocr_line' id='line_1_36' title="bbox 1309 3286 2324 3350; baseline 0.005 -17"><span class='ocrx_word' id='word_1_260' title='bbox 1309 3286 1519 3350; x_wconf 74' lang='lat' dir='ltr'><strong>collegs;</strong></span> <span class='ocrx_word' id='word_1_261' title='bbox 1548 3287 1711 3350; x_wconf 81' lang='lat' dir='ltr'><strong>itsque</strong></span> <span class='ocrx_word' id='word_1_262' title='bbox 1751 3288 1903 3336; x_wconf 76' lang='lat' dir='ltr'><strong>facete</strong></span> <span class='ocrx_word' id='word_1_263' title='bbox 1943 3290 2056 3337; x_wconf 72' lang='lat' dir='ltr'><strong>setis</strong></span> <span class='ocrx_word' id='word_1_264' title='bbox 2097 3288 2324 3338; x_wconf 71' lang='lat' dir='ltr'><strong>dicebant</strong></span> 
     </span>
     <span class='ocr_line' id='line_1_37' title="bbox 1307 3365 2322 3431; baseline 0.003 -17"><span class='ocrx_word' id='word_1_265' title='bbox 1307 3366 1507 3431; x_wconf 76' lang='lat' dir='ltr'><strong>quidem</strong></span> <span class='ocrx_word' id='word_1_266' title='bbox 1529 3381 1543 3415; x_wconf 91' lang='lat'>:</span> <span class='ocrx_word' id='word_1_267' title='bbox 1562 3365 1861 3416; x_wconf 76' lang='lat' dir='ltr'><strong>Consulibus</strong></span> <span class='ocrx_word' id='word_1_268' title='bbox 1881 3367 2018 3416; x_wconf 83' lang='lat' dir='ltr'><strong>Julio</strong></span> <span class='ocrx_word' id='word_1_269' title='bbox 2046 3378 2095 3417; x_wconf 85' lang='lat' dir='ltr'><strong>et</strong></span> <span class='ocrx_word' id='word_1_270' title='bbox 2120 3369 2322 3417; x_wconf 73' lang='lat' dir='ltr'><strong>Caesare.</strong></span> 
     </span>
    </p>

    <p class='ocr_par' dir='ltr' id='par_1_9' title="bbox 1307 3444 2326 3734">
     <span class='ocr_line' id='line_1_38' title="bbox 1383 3444 2322 3510; baseline -0.001 -15"><span class='ocrx_word' id='word_1_271' title='bbox 1383 3448 1430 3496; x_wconf 80' lang='lat'><strong>5.</strong></span> <span class='ocrx_word' id='word_1_272' title='bbox 1462 3448 1533 3493; x_wconf 68' lang='lat' dir='ltr'><strong>Tu</strong></span> <span class='ocrx_word' id='word_1_273' title='bbox 1563 3446 1701 3494; x_wconf 66' lang='lat' dir='ltr'><strong>neue</strong></span> <span class='ocrx_word' id='word_1_274' title='bbox 1719 3444 1891 3510; x_wconf 65' lang='lat' dir='ltr'><strong>gestis.</strong></span> <span class='ocrx_word' id='word_1_275' title='bbox 1930 3448 2152 3509; x_wconf 74' lang='lat' dir='ltr'><strong>Quantus</strong></span> <span class='ocrx_word' id='word_1_276' title='bbox 2176 3447 2322 3496; x_wconf 81' lang='lat' dir='ltr'><strong>suerit</strong></span> 
     </span>
     <span class='ocr_line' id='line_1_39' title="bbox 1308 3524 2320 3591; baseline -0.001 -17"><span class='ocrx_word' id='word_1_277' title='bbox 1308 3528 1570 3591; x_wconf 73' lang='lat' dir='ltr'><strong>imperator</strong></span> <span class='ocrx_word' id='word_1_278' title='bbox 1625 3528 1679 3575; x_wconf 85' lang='lat'><strong>1..</strong></span> <span class='ocrx_word' id='word_1_279' title='bbox 1726 3524 1959 3574; x_wconf 78' lang='lat' dir='ltr'><strong>Lucullus</strong></span> <span class='ocrx_word' id='word_1_280' title='bbox 1978 3559 1993 3583; x_wconf 89' lang='lat'><strong>,</strong></span> <span class='ocrx_word' id='word_1_281' title='bbox 2040 3526 2213 3575; x_wconf 86' lang='lat' dir='ltr'><strong>Cicero</strong></span> <span class='ocrx_word' id='word_1_282' title='bbox 2270 3527 2320 3574; x_wconf 87' lang='lat' dir='ltr'><strong>in</strong></span> 
     </span>
     <span class='ocr_line' id='line_1_40' title="bbox 1308 3600 2326 3663; baseline -0.003 -8"><span class='ocrx_word' id='word_1_283' title='bbox 1308 3606 1462 3655; x_wconf 76' lang='lat' dir='ltr'><strong>Acsd.</strong></span> <span class='ocrx_word' id='word_1_284' title='bbox 1485 3606 1578 3663; x_wconf 79' lang='lat' dir='ltr'><strong>IV,</strong></span> <span class='ocrx_word' id='word_1_285' title='bbox 1621 3621 1669 3663; x_wconf 83' lang='lat'><strong>1,</strong></span> <span class='ocrx_word' id='word_1_286' title='bbox 1702 3616 1753 3654; x_wconf 84' lang='lat' dir='ltr'><strong>et</strong></span> <span class='ocrx_word' id='word_1_287' title='bbox 1794 3600 1944 3653; x_wconf 75' lang='lat' dir='ltr'><strong>ceteri</strong></span> <span class='ocrx_word' id='word_1_288' title='bbox 1978 3604 2201 3654; x_wconf 78' lang='lat' dir='ltr'><strong>historici</strong></span> <span class='ocrx_word' id='word_1_289' title='bbox 2233 3604 2326 3653; x_wconf 85' lang='lat' dir='ltr'><strong>de·</strong></span> 
     </span>
     <span class='ocr_line' id='line_1_41' title="bbox 1307 3694 1596 3734; baseline -0.007 0"><span class='ocrx_word' id='word_1_290' title='bbox 1307 3694 1596 3734; x_wconf 68' lang='lat' dir='ltr'><strong>mamm.</strong></span> 
     </span>
    </p>

    <p class='ocr_par' dir='ltr' id='par_1_10' title="bbox 1306 3761 2325 3970">
     <span class='ocr_line' id='line_1_42' title="bbox 1378 3761 2321 3825; baseline 0 -12"><span class='ocrx_word' id='word_1_291' title='bbox 1378 3767 1425 3813; x_wconf 85' lang='lat'><strong>6.</strong></span> <span class='ocrx_word' id='word_1_292' title='bbox 1448 3763 1672 3812; x_wconf 70' lang='lat' dir='ltr'><strong>Maxime</strong></span> <span class='ocrx_word' id='word_1_293' title='bbox 1689 3762 1911 3812; x_wconf 65' lang='lat' dir='ltr'><strong>liberum.</strong></span> <span class='ocrx_word' id='word_1_294' title='bbox 1937 3765 1986 3810; x_wconf 89' lang='lat' dir='ltr'><strong>1s</strong></span> <span class='ocrx_word' id='word_1_295' title='bbox 2010 3774 2084 3812; x_wconf 81' lang='lat' dir='ltr'><strong>est</strong></span> <span class='ocrx_word' id='word_1_296' title='bbox 2105 3761 2192 3825; x_wconf 80' lang='lat' dir='ltr'><strong>qui</strong></span> <span class='ocrx_word' id='word_1_297' title='bbox 2211 3764 2321 3813; x_wconf 70' lang='lat' dir='ltr'><strong>Ce-</strong></span> 
     </span>
     <span class='ocr_line' id='line_1_43' title="bbox 1306 3840 2325 3900; baseline -0.002 -8"><span class='ocrx_word' id='word_1_298' title='bbox 1306 3860 1460 3892; x_wconf 74' lang='lat' dir='ltr'><strong>ssrem</strong></span> <span class='ocrx_word' id='word_1_299' title='bbox 1494 3842 1714 3891; x_wconf 82' lang='lat' dir='ltr'><strong>omnium</strong></span> <span class='ocrx_word' id='word_1_300' title='bbox 1748 3840 2007 3890; x_wconf 80' lang='lat' dir='ltr'><strong>mulierum</strong></span> <span class='ocrx_word' id='word_1_301' title='bbox 2040 3841 2228 3900; x_wconf 80' lang='lat' dir='ltr'><strong>virum,</strong></span> <span class='ocrx_word' id='word_1_302' title='bbox 2275 3851 2325 3890; x_wconf 81' lang='lat' dir='ltr'><strong>et</strong></span> 
     </span>
     <span class='ocr_line' id='line_1_44' title="bbox 1308 3919 2289 3970; baseline -0.003 0"><span class='ocrx_word' id='word_1_303' title='bbox 1308 3922 1526 3970; x_wconf 86' lang='lat' dir='ltr'><strong>omnium</strong></span> <span class='ocrx_word' id='word_1_304' title='bbox 1549 3921 1765 3967; x_wconf 79' lang='lat' dir='ltr'><strong>virorum</strong></span> <span class='ocrx_word' id='word_1_305' title='bbox 1791 3919 2038 3968; x_wconf 77' lang='lat' dir='ltr'><strong>mulierem</strong></span> <span class='ocrx_word' id='word_1_306' title='bbox 2065 3919 2289 3970; x_wconf 67' lang='lat' dir='ltr'><strong>vocabat.</strong></span> 
     </span>
    </p>

    <p class='ocr_par' dir='ltr' id='par_1_11' title="bbox 1311 3997 2328 4145">
     <span class='ocr_line' id='line_1_45' title="bbox 1385 3997 2328 4062; baseline 0 -16"><span class='ocrx_word' id='word_1_307' title='bbox 1385 4017 1434 4062; x_wconf 94' lang='grc'><strong>7.</strong></span> <span class='ocrx_word' id='word_1_308' title='bbox 1479 4002 1536 4049; x_wconf 81' lang='lat' dir='ltr'><strong>l..</strong></span> <span class='ocrx_word' id='word_1_309' title='bbox 1585 3998 1865 4048; x_wconf 74' lang='lat' dir='ltr'><strong>Domitium.</strong></span> <span class='ocrx_word' id='word_1_310' title='bbox 1914 3997 2328 4056; x_wconf 72' lang='lat' dir='ltr'><strong>Ahenobarbum,</strong></span> 
     </span>
     <span class='ocr_line' id='line_1_46' title="bbox 1311 4077 2337 4145; baseline -0.004 -16"><span class='ocrx_word' id='word_1_311' title='bbox 1311 4082 1455 4141; x_wconf 80' lang='lat' dir='ltr'><strong>cujus</strong></span> <span class='ocrx_word' id='word_1_312' title='bbox 1470 4089 1679 4145; x_wconf 68' lang='lat' dir='ltr'><strong>pratum</strong></span> <span class='ocrx_word' id='word_1_313' title='bbox 1699 4078 1902 4128; x_wconf 64' lang='lat' dir='ltr'><strong>Castris</strong></span> <span class='ocrx_word' id='word_1_314' title='bbox 1924 4077 2230 4127; x_wconf 69' lang='lat' dir='ltr'><strong>consulatum</strong></span> <span class='ocrx_word' id='word_1_315' title='bbox 2253 4092 2337 4125; x_wconf 74' lang='lat' dir='ltr'><strong>ex·</strong></span> 
     </span>
    </p>
   </div>
   <div class='ocr_carea' id='block_1_9' title="bbox 1312 4160 1459 4225">
    <p class='ocr_par' dir='ltr' id='par_1_12' title="bbox 1312 4160 1459 4225">
     <span class='ocr_line' id='line_1_47' title="bbox 1312 4160 1459 4225; baseline 0 -18"><span class='ocrx_word' id='word_1_316' title='bbox 1312 4160 1459 4225; x_wconf 77' lang='lat' dir='ltr'><strong>cepit.</strong></span> 
     </span>
    </p>
   </div>
  </div>
 </body>
</html>
