2994 4778
624 412 1006 482 ORATIO
1056 414 1257 482 PRO
1300 417 1375 482 T.
1417 417 1500 484 A.
1553 416 1970 490 MILONE.
2220 426 2361 523 495

231 538 384 595 tam
428 520 696 594 nefaria
736 521 1012 611 bellua,
1045 518 1337 612 docere,
1367 550 1700 623 magnam
1738 531 1802 599 ei
1841 555 2160 618 causam,
2201 564 2353 609 ma-

228 657 448 730 gnam
479 658 679 731 spem
712 636 788 703 in
817 634 1108 705 Milonis
1136 649 1370 733 morte
1399 639 1873 734 propositam,
1903 666 2191 740 magnas
2225 654 2359 720 uti-

227 742 470 814 litates
533 740 769 813 fuisse.
842 748 1091 840 Itaque
1165 743 1345 814 illud
1407 748 1823 818 Cassianum
1843 753 1899 835 ⁴,
1973 758 2105 823 Cm
2172 783 2356 831 nono

230 878 514 936 tuetur,
557 856 635 923 in
663 853 774 923 his
812 855 1137 951 personis
1164 853 1414 925 valeat.
1454 860 1606 926 Etsi
1646 856 1818 944 boni
1853 862 2055 931 nullo
2088 868 2359 938 emolu-

225 977 486 1033 mento
531 964 1004 1060 impelluntur
1035 966 1111 1033 in
1148 962 1511 1047 fraudem,
1547 967 1864 1064 improbi
1900 995 2085 1070 saepe
2121 998 2362 1071 parvo.

229 1076 491 1169 Atqui,
540 1074 814 1144 Milone
850 1072 1264 1163 interfecto,
1303 1075 1601 1147 Clodius
1641 1077 1781 1149 hoc
1818 1084 2358 1179 assequebatur,

229 1207 383 1252 non
423 1181 645 1252 modo
682 1197 765 1252 ut
802 1198 1067 1281 praetor
1106 1200 1296 1256 esset
1330 1208 1478 1255 non
1514 1212 1602 1258 eo
1649 1191 1973 1276 consule,
2014 1219 2163 1290 quo
2202 1223 2358 1269 sce-

230 1290 399 1362 leris
434 1292 613 1362 nihil
648 1291 877 1365 facere
909 1309 1185 1392 posset,
1221 1293 1348 1366 sed
1385 1299 1596 1368 etiam
1632 1314 1714 1369 ut
1744 1295 1904 1372 his⁵
1939 1307 2359 1382 consulibus

229 1417 499 1499 praetor
547 1418 764 1489 esset,
814 1401 1080 1499 quibus
1119 1407 1177 1475 si
1225 1431 1376 1476 non
1419 1406 1965 1502 adjuvantibuS,
2001 1431 2070 1486 at
2110 1422 2357 1490 conni-

227 1510 570 1581 ventibus
599 1527 828 1597 certe,
856 1528 1245 1609 sperasset,
1289 1539 1365 1586 se
1397 1540 1611 1613 posse
1651 1521 2167 1618 rempublicam
2210 1530 2354 1599 elu—

229 1619 441 1692 dere⁶
467 1623 544 1692 in
570 1622 708 1693 illis
732 1626 877 1694 suis
895 1626 1225 1719 cogitatis
1249 1622 1621 1699 furoribus
1645 1657 1660 1699 :
1686 1632 1890 1726 cujus
1915 1634 2016 1704 illi
2037 1655 2360 1724 conatuS,

230 1746 310 1802 ut
355 1733 511 1830 ipse
563 1732 1132 1806 ratiocinabatur
1149 1745 1203 1821 ⁷,
1248 1760 1416 1823 nec,
1463 1741 1524 1807 si
1577 1757 1910 1836 possent,
1965 1749 2358 1843 reprimere

228 1860 615 1941 cuperent,
680 1869 906 1941 quum
980 1860 1263 1917 tantum
1326 1847 1764 1920 beneficium
1825 1855 1892 1922 ei
1958 1879 2033 1927 se
2092 1856 2360 1930 debere

226 1952 798 2042 arbitrarentur3
857 1969 966 2042 et,
1032 1959 1086 2025 si
1150 1956 1412 2027 vellent
1438 2013 1458 2040 ,
1523 1956 1823 2030 fortasse
1889 1964 2005 2033 vix
2064 1985 2358 2062 possent

226 2058 563 2159 frangere
592 2062 904 2134 hominis
936 2066 1451 2136 sceleratissimi
1484 2068 2021 2142 corroboratam
2047 2075 2194 2169 jam
2243 2105 2358 2150 ve·

224 2183 497 2242 tustate
533 2170 922 2243 audaciam.

308 2278 441 2352 'An
479 2307 686 2369 ver0,
722 2282 1042 2378 judiceS,
1080 2308 1206 2354 vos
1255 2284 1387 2354 soli
1421 2286 1764 2381 ignoratis
1781 2280 1836 2377 ⁸,
1872 2316 2000 2363 vos
2043 2293 2362 2397 hospites

226 2392 302 2461 in
344 2391 482 2461 hac
517 2391 703 2462 urbe
748 2396 1168 2464 versamini?
1204 2409 1450 2465 vestrae
1490 2402 2089 2497 peregrinantur9
2125 2431 2358 2496 aureS,

221 2526 468 2599 neque
501 2504 577 2572 in
621 2501 762 2574 hoc
804 2520 1189 2602 pervagato
1231 2507 1537 2578 civitatis
1582 2533 1918 2583 sermone
1962 2534 2355 2607 versantur,

221 2637 409 2709 quas
438 2613 555 2685 ine
584 2614 809 2709 legeS,
844 2618 900 2684 si
933 2613 1121 2709 leges
1157 2619 1618 2687 nominandae
1646 2634 1848 2705 sunt,
1883 2647 1963 2691 ac
1994 2649 2142 2694 non
2169 2625 2359 2699 faces

221 2721 462 2807 urbiS‚
501 2736 572 2793 et
610 2737 844 2819 pestes
886 2723 1335 2821 reipublicae,
1377 2723 1598 2798 fuerit
1640 2730 2106 2826 impositurus
2145 2734 2356 2806 nobis

220 2831 601 2918 omnibuS,
664 2848 883 2928 atque
938 2834 1357 2905 inusturus?
1416 2835 1691 2909 Exhibe
1714 2894 1733 2927 ,
1799 2866 2078 2937 quaeso,
2140 2849 2349 2917 Sexte

221 2942 436 3012 Clodi
468 2952 577 3028 ¹⁰,
638 2942 898 3014 exhibe
953 2942 1323 3014 librarium
1376 2945 1554 3016 illud
1620 2948 1858 3046 legum
1912 2969 2347 3040 vestrarum,

217 3185 355 3232 inter
389 3200 442 3232 se
475 3185 726 3232 sententio
753 3199 922 3231 omnes
948 3183 1163 3232 here-nt
1198 3192 1248 3230 et
1335 3197 1396 3229 ne
1419 3183 1563 3231 nimis
1587 3185 1863 3248 Scipionem
1887 3190 2105 3254 Pompeii
2129 3207 2349 3243 socerum

217 3273 596 3312 connectantur.
1334 3262 1569 3311 offendet.

292 3353 345 3400 4.
378 3342 676 3391 canianum.
703 3341 816 3388 Fuit
831 3340 1015 3404 integer
1031 3356 1246 3388 severus-
1403 3341 1455 3389 8.
1506 3342 1742 3409 Vos‘soei
1786 3344 2038 3409 ignor-aeis.
2098 3350 2177 3398 Ad
2221 3353 2355 3404 huno

217 3438 317 3487 qne
346 3420 518 3482 judex.
554 3423 721 3485 anm
761 3420 821 3468 de
847 3420 1044 3468 homine
1078 3420 1245 3467 occino
1332 3420 1494 3468 locum
1522 3421 1587 3469 it·
1615 3423 1978 3484 Quintilianus:
2008 3449 2032 3467 ιι
2055 3429 2169 3477 Non
2194 3434 2353 3481 ,olum

216 3500 550 3566 querebatur,
578 3499 839 3558 suadebat,
863 3510 920 3547 nt
946 3501 1079 3562 prins
1101 3499 1246 3547 anim-

214 3581 562 3638 adverterent,
590 3581 668 3626 cni
695 3578 831 3626 bono
856 3579 1053 3636 suisset,
1086 3579 1245 3642 perire

214 3676 331 3708 eum
344 3696 360 3721 ,
379 3658 439 3707 de
456 3659 595 3719 cnjus
615 3674 731 3706 nece
750 3674 826 3705 ree
843 3668 1080 3721 ageretur.

292 3740 344 3786 5.
371 3739 460 3786 His
479 3738 778 3786 consulibus.
808 3737 1037 3801 Scipione
1063 3747 1109 3785 et
1132 3739 1244 3802 Ηγ-

212 3834 370 3883 peaeo,
389 3834 598 3882 quornm
618 3818 908 3882 petitionem
932 3816 1134 3866 Clodius
1154 3816 1242 3865 ed-

207 3901 430 3961 juvent.

289 3979 343 4026 6.
372 3977 639 4032 boheria»,
668 3974 1002 4023 in-Anitnndv.
1027 3991 1082 4038 p.
1113 3982 1241 4036 492,

213 4059 351 4118 conj.
381 4057 564 4106 didere
581 4065 630 4102 et
647 4053 918 4102 concitatis.
950 4056 983 4104 J
989 4090 1003 4103 .
1021 4055 1084 4104 V.
1113 4058 1171 4103 1..

292 4155 340 4199 7.
371 4141 433 4184 Ue
455 4137 556 4202 ipse
578 4131 981 4182 ratiocinabatur.
1004 4136 1123 4182 Hoc
1150 4133 1243 4189 ait,

1332 3515 1441 3564 qnoe
1476 3501 1600 3549 facta
1640 3502 1766 3560 sint,
1804 3514 1888 3550 ant
1920 3502 2069 3564 finnt,
2095 3509 2178 3558 sed
2207 3515 2351 3561 etiam

1332 3595 1442 3643 qne
1471 3580 1634 3629 sumre
1663 3581 1760 3629 sint
1779 3618 1792 3641 ,
1827 3595 1910 3630 ent
1947 3584 2107 3635 futura
2142 3590 2350 3651 fuerint,

1331 3659 1703 3722 imaginemur».
1725 3662 1851 3710 Mire
1869 3673 2040 3712 tractu
2059 3666 2163 3715 hnc
2182 3670 2354 3717 Cicero

1331 3753 1424 3801 pro
1447 3739 1637 3787 Milone
1653 3773 1669 3796 ,
1695 3756 1804 3802 quoe
1832 3742 2046 3792 fecturus
2068 3746 2215 3795 suerit
2239 3749 2356 3796 Clo·

1333 3815 1442 3864 diua
1458 3850 1474 3874 ,
1493 3817 1534 3864 si
1558 3828 1815 3881 pmturam
1838 3822 2107 3874 invasisset.

1403 3910 1454 3957 9.
1493 3895 1872 3961 Peregrinaneur
1897 3917 2063 3950 aures.
2091 3905 2153 3951 Η.
2183 3921 2224 3952 e.
2254 3922 2356 3955 non

1330 3984 1595 4036 personant
1615 3976 1689 4022 hie
1713 3978 1966 4035 omnibns,
1983 3996 2093 4043 quae
2113 3982 2174 4030 de
2195 3985 2359 4033 Clodii

1331 4051 1521 4114 legibus
1545 4053 1702 4115 pelam
1721 4056 2058 4119 proferuntur.

1410 4146 1487 4179 ιο.
1512 4132 1658 4180 Sexte
1675 4133 1825 4183 Clodi.
1850 4136 2249 4200 consanguinem
2269 4139 2351 4189 ille
