2994 4778
685 461 1072 531 ORATIO
1113 464 1314 532 PRO
1356 467 1431 533 P.
1487 467 1885 536 SEXTIO.
2248 499 2345 569 99

227 578 467 676 populi
497 583 792 653 romani
819 607 1212 656 consensus
1241 586 1552 682 perspici
1570 585 1753 656 non³
1779 593 2346 684 posset?Habitae

227 704 379 760 sunt
420 690 681 762 multae
737 690 826 763 de
878 717 995 763 me
1046 718 1087 763 a
1140 694 1572 789 gladiatore⁴
1610 697 2190 793 sceleratissimo,
2250 706 2342 778 ad

225 822 385 895 quas
422 824 659 870 nemo
696 800 939 872 adibat
980 804 1437 900 incorruptus
1460 857 1481 891 ,
1512 831 1729 876 nemo
1767 808 2078 905 integer3
2127 839 2344 886 nemo

215 909 412 980 illum
455 908 748 982 foedum
770 912 1046 982 vultum
1064 912 1468 1009 adspicere,
1507 940 1723 986 nemo
1743 916 2070 990 furialem
2098 948 2345 996 vocem

213 1015 451 1089 bonus
491 1017 751 1091 audire
783 1035 1083 1117 poterat.
1117 1026 1358 1107 Erant,
1383 1040 1587 1095 erant
1611 1025 1744 1096 illae
1773 1030 2159 1102 conciones
2192 1058 2347 1131 per-

213 1125 541 1199 ditorum
588 1127 972 1201 hominum
1013 1130 1450 1203 necessario⁵
1481 1133 1935 1208 turbulentae.
1958 1138 2229 1212 Habuit
2263 1144 2352 1214 de

214 1237 476 1308 eodem
512 1261 635 1308 me
671 1243 747 1311 P.
778 1239 1126 1312 Lentulus
1160 1242 1414 1312 consul
1446 1246 1895 1316 concionem.
1935 1251 2351 1322 Concursus

213 1364 311 1419 est
349 1349 624 1447 populi
665 1353 945 1422 romani
979 1350 1248 1441 factus;
1288 1376 1543 1425 omnes
1579 1354 1908 1445 ordines,
1937 1372 2094 1429 tota
2124 1362 2199 1430 in
2231 1361 2351 1433 illa

215 1463 577 1531 concione
626 1460 829 1531 Italia
885 1462 1223 1533 constitit.
1282 1465 1441 1559 Egit
1494 1488 1777 1535 causam
1840 1490 2117 1539 summa
2178 1494 2346 1540 cum

214 1570 567 1663 gravitate
613 1570 966 1666 copiaque
1010 1569 1342 1657 dicendi,
1378 1586 1578 1642 tanto
1616 1574 1935 1662 silentio,
1988 1590 2188 1648 tanta
2222 1604 2347 1677 ap-

214 1679 655 1773 probatione
691 1682 1045 1765 omnium‚
1078 1681 1256 1751 nihil
1290 1695 1369 1752 ut
1414 1707 1755 1779 umquam
1801 1684 2168 1758 videretur
2200 1703 2351 1760 tam

212 1791 572 1887 populare
600 1788 691 1863 ad
732 1790 982 1886 populi
1011 1793 1289 1860 romani
1319 1815 1525 1862 aures
1559 1790 1914 1873 accidisse.
1949 1796 2349 1869 Productus

214 1898 368 1970 est⁶
397 1899 498 1971 ab
530 1924 620 1969 eo
651 1903 777 1971 Cn.
814 1900 1232 1996 Pompeius,
1267 1903 1394 1997 qui
1425 1926 1502 1971 se
1537 1926 1681 1971 non
1710 1902 1945 1974 solum
1980 1919 2346 1978 auctorem

213 2034 385 2081 mese
442 2008 732 2094 salutis,
794 2008 922 2080 sed
983 2013 1193 2081 etiam
1254 2010 1654 2108 supplicem
1707 2013 1981 2109 populo
2039 2039 2343 2089 romano

216 2119 569 2188 exhibuit.
614 2119 850 2213 Hujus
876 2120 1103 2191 oratio
1132 2134 1202 2190 et
1235 2122 1596 2216 pergravis
1625 2175 1644 2208 ‚
1675 2135 1749 2192 et
1778 2136 1975 2218 grata
2013 2128 2346 2201 concioni

219 2226 366 2298 fuit.
390 2231 513 2299 Sic
556 2229 950 2314 contende,
981 2254 1372 2327 numquam
1415 2254 1651 2327 neque
1692 2234 2116 2311 sententiam
2148 2235 2342 2329 ejus,

221 2341 681 2427 auctoritate,
746 2364 978 2434 neque
1031 2339 1558 2436 eloquentiam,
1607 2340 2061 2434 jucunditate
2124 2343 2344 2420 fuisse

222 2451 634 2541 majorem7.
677 2454 844 2541 Quo
879 2449 1158 2521 silentio
1188 2465 1357 2521 sunt
1387 2450 1611 2522 auditi
1634 2449 1725 2522 de
1757 2475 1870 2525 me
1899 2456 2117 2526 ceteri
2148 2458 2345 2552 prin·

223 2560 421 2655 cipes
462 2560 804 2630 civitatis?
832 2585 1016 2657 quos
1045 2560 1308 2634 idcirco
1344 2585 1494 2634 non
1533 2560 1818 2657 appello
1850 2561 1991 2632 hoc
2024 2563 2225 2651 loco,
2252 2588 2346 2634 ne

220 2692 375 2738 mea
422 2670 691 2756 oratic,
754 2670 812 2738 si
864 2670 1103 2739 minus
1146 2667 1235 2740 de
1278 2669 1522 2765 aliquo
1568 2669 1861 2759 dixero,
1921 2671 2231 2765 ingrata3
2285 2677 2343 2742 si

215 2780 380 2849 satis
418 2777 512 2850 de
549 2777 927 2865 omnibu5‚
974 2776 1249 2848 infinita
1293 2803 1444 2850 esse
1489 2778 1837 2851 videatur.
1897 2780 2096 2852 Cedo
2146 2807 2344 2870 nunc

212 2887 545 2981 ejusdem
595 2887 789 2958 illius
832 2888 1100 2956 inimici
1154 2891 1295 2957 mei
1353 2886 1442 2957 de
1495 2912 1612 2958 me
1658 2889 1912 2960 eodem
1956 2890 2046 2961 ad
2091 2915 2342 2963 verum

210 2997 579 3095 populum
634 2999 708 3066 in
782 3020 1036 3093 campo
1096 2990 1400 3067 Marti0⁸
1438 3000 1885 3069 concionem.
1949 3001 2130 3091 Quis
2187 3027 2339 3073 non

249 3231 327 3278 -3.
346 3228 648 3277 Aboetnon.
671 3227 864 3277 Addere
875 3228 1048 3289 jubent
1066 3227 1233 3275 anb.
1324 3242 1477 3291 qnam
1503 3228 1712 3291 pretinm
1738 3245 1796 3276 ne
1826 3229 2093 3278 mercedem
2123 3235 2341 3297 accepis.

208 3322 254 3358 et
275 3311 535 3358 Olivetue.
559 3309 609 3356 J.
630 3309 692 3354 V.
721 3309 779 3354 1..
810 3331 878 3344 -
902 3307 1078 3354 Sensus
1108 3306 1235 3353 enim
1323 3314 1431 3352 nent
1445 3340 1460 3366 ,
1478 3305 1792 3354 concionanti
1815 3307 1876 3355 de
1894 3322 1971 3355 me
1989 3307 2167 3356 Clodio
2187 3325 2349 3358 auen·

210 3401 275 3436 eet
303 3404 318 3438 ε
354 3391 451 3436 Per
486 3388 580 3435 hos
606 3401 762 3434 annos
786 3386 919 3433 nulle
947 3387 1038 3432 fnit
1063 3386 1237 3451 populi
1323 3382 1404 3432 tiri
1425 3383 1755 3448 cogebantur:
1784 3395 1920 3433 eunt
1939 3384 2088 3449 igitur
2112 3402 2183 3436 en
2215 3404 2339 3438 eon-

210 3473 316 3516 ver‘a
329 3467 535 3523 concio,
552 3467 608 3513 in
621 3481 718 3528 qna
733 3481 839 3513 non
857 3466 959 3525 eins
979 3480 1236 3513 consensus
1322 3462 1490 3510 eiones
1509 3463 1775 3510 necessario
1799 3463 2101 3515 turbulente.

211 3549 419 3612 perspici
438 3557 630 3611 posset.
650 3546 701 3591 Si
718 3561 828 3608 qnae
852 3546 1047 3592 fuerunt
1066 3545 1234 3593 turbu·
1390 3542 1442 3590 6.
1460 3540 1725 3589 Productus
1742 3553 1827 3590 ese.
1852 3545 1978 3605 Quin
1991 3545 2209 3609 privatus
2222 3558 2342 3596 tnnc

212 3624 379 3685 lm,
400 3642 471 3674 ει
499 3640 605 3672 non
623 3624 801 3688 populi
816 3656 831 3680 ‚
851 3623 938 3670 sed
958 3623 1234 3672 conducto-
1320 3629 1419 3669 ιιι-ιι
1446 3621 1734 3685 Pompeium
1762 3637 1918 3686 neque
1936 3625 2226 3674 concionem
2249 3626 2342 3675 ha-

214 3719 317 3752 rma
341 3721 401 3752 ae
423 3703 734 3769 perditorum
760 3703 975 3749 fuerunt.
1322 3699 1434 3747 bere
1468 3699 1691 3762 cuiqnam
1718 3701 1914 3765 privato
1950 3701 2126 3752 neubon
2145 3739 2162 3767 ,
2194 3707 2287 3753 nisi
2316 3722 2343 3752 a

290 3793 338 3836 ἡ.
378 3782 688 3830 Gladiatore.
726 3783 782 3830 P.
816 3780 1032 3829 Clodio:
1060 3779 1236 3842 gladie·
1322 3779 1603 3843 magistratu
1627 3780 1995 3842 produceretur.

217 3869 352 3907 tores
369 3863 491 3909 enim
508 3861 739 3909 homines
754 3857 963 3906 audaces
986 3869 1031 3904 et
1059 3859 1238 3906 facino-
1400 3875 1446 3919 7.
1465 3857 1849 3924 Iucund.su1‘sse
1878 3859 2131 3924 majorem.
2159 3861 2347 3909 Ernest.

212 3942 318 3986 roei
335 3974 350 3996 ‚
376 3956 401 3987 n
419 3942 594 4004 quibus
622 3953 795 3988 namra
819 3950 866 3986 et
885 3938 1025 3986 saetis
1040 3937 1242 3988 Clodius
1316 3934 1628 4000 jucunditate
1642 3934 1803 4000 fuisse
1825 3937 2028 4002 majore.
2059 3941 2090 3988 J
2099 3973 2110 3986 .
2127 3940 2190 3988 V.
2218 3942 2275 3989 L.

211 4020 415 4067 minime
437 4020 711 4068 differebat.
1401 4012 1452 4063 8.
1478 4016 1539 4060 In
1567 4029 1736 4079 canapo
1765 4016 1964 4068 Marcio.
1996 4019 2163 4082 Quum
2183 4031 2351 4066 centn-

282 4099 333 4148 5.
364 4099 668 4148 Necessario.
698 4098 828 4160 Quia
855 4095 1099 4144 conducta
1124 4110 1244 4143 eon·
1330 4092 1450 4140 rina
1479 4093 1673 4141 comitia
1700 4094 1797 4144 huc
1830 4111 2123 4154 convenere,
2155 4112 2264 4160 quae
2295 4096 2355 4142 de

209 4178 287 4226 cio
330 4191 430 4227 erat
471 4179 733 4227 hominnm
779 4174 1113 4240 perditorum}
1159 4173 1247 4239 qni
1333 4172 1569 4225 Cicerone
1595 4174 1868 4222 revocando
1891 4174 2044 4236 legem
2064 4175 2260 4222 fen-ent.

1975 4281 2040 4351 7.
