<?xml version="1.0" encoding="UTF-8"?>
<!DOCTYPE html PUBLIC "-//W3C//DTD XHTML 1.0 Transitional//EN"
    "http://www.w3.org/TR/xhtml1/DTD/xhtml1-transitional.dtd">
<html xmlns="http://www.w3.org/1999/xhtml" xml:lang="en" lang="en">
 <head>
  <title>
</title>
<meta http-equiv="Content-Type" content="text/html;charset=utf-8" />
  <meta name='ocr-system' content='tesseract 3.04.00' />
  <meta name='ocr-capabilities' content='ocr_page ocr_carea ocr_par ocr_line ocrx_word'/>
</head>
<body>
  <div class='ocr_page' id='page_1' title='image "./mtciceronisquae06lemagoog_0294.png"; bbox 0 0 2994 4778; ppageno 0'>
   <div class='ocr_carea' id='block_1_1' title="bbox 648 419 2123 504">
    <p class='ocr_par' dir='ltr' id='par_1_1' title="bbox 648 419 2123 504">
     <span class='ocr_line' id='line_1_1' title="bbox 648 419 2123 504; baseline 0.002 -15"><span class='ocrx_word' id='word_1_1' title='bbox 648 419 787 504; x_wconf 79' lang='lat'><strong>284</strong></span> <span class='ocrx_word' id='word_1_2' title='bbox 1291 425 1387 491; x_wconf 91' lang='lat' dir='ltr'><strong>M.</strong></span> <span class='ocrx_word' id='word_1_3' title='bbox 1440 426 1517 493; x_wconf 91' lang='lat' dir='ltr'><strong>T.</strong></span> <span class='ocrx_word' id='word_1_4' title='bbox 1569 423 2123 494; x_wconf 90' lang='lat' dir='ltr'>CICERONIS</span> 
     </span>
    </p>
   </div>
   <div class='ocr_carea' id='block_1_2' title="bbox 623 541 2796 2938">
    <p class='ocr_par' dir='ltr' id='par_1_2' title="bbox 623 541 2796 2938">
     <span class='ocr_line' id='line_1_2' title="bbox 637 541 2796 641; baseline 0.004 -32"><span class='ocrx_word' id='word_1_5' title='bbox 637 541 1060 636; x_wconf 85' lang='lat' dir='ltr'><strong>(lignitatem</strong></span> <span class='ocrx_word' id='word_1_6' title='bbox 1124 543 1711 639; x_wconf 64' lang='lat' dir='ltr'>praestabiliorem</span> <span class='ocrx_word' id='word_1_7' title='bbox 1765 568 1884 626; x_wconf 81' lang='lat' dir='ltr'><strong>ea,</strong></span> <span class='ocrx_word' id='word_1_8' title='bbox 1946 567 2161 640; x_wconf 89' lang='lat' dir='ltr'><strong>quam</strong></span> <span class='ocrx_word' id='word_1_9' title='bbox 2219 568 2350 641; x_wconf 87' lang='lat' dir='ltr'><strong>per</strong></span> <span class='ocrx_word' id='word_1_10' title='bbox 2405 570 2537 616; x_wconf 83' lang='lat' dir='ltr'><strong>vos</strong></span> <span class='ocrx_word' id='word_1_11' title='bbox 2591 562 2796 617; x_wconf 85' lang='lat' dir='ltr'><strong>esset</strong></span> 
     </span>
     <span class='ocr_line' id='line_1_3' title="bbox 635 650 2791 753; baseline 0.003 -33"><span class='ocrx_word' id='word_1_12' title='bbox 635 650 971 747; x_wconf 82' lang='lat' dir='ltr'><strong>adeptuS,</strong></span> <span class='ocrx_word' id='word_1_13' title='bbox 1006 654 1295 749; x_wconf 85' lang='lat' dir='ltr'><strong>putarit.</strong></span> <span class='ocrx_word' id='word_1_14' title='bbox 1326 656 1561 725; x_wconf 92' lang='lat' dir='ltr'><strong>Nemo</strong></span> <span class='ocrx_word' id='word_1_15' title='bbox 1590 679 1937 751; x_wconf 87' lang='lat' dir='ltr'><strong>umquam</strong></span> <span class='ocrx_word' id='word_1_16' title='bbox 1975 654 2093 724; x_wconf 89' lang='lat' dir='ltr'><strong>hic</strong></span> <span class='ocrx_word' id='word_1_17' title='bbox 2121 656 2358 751; x_wconf 85' lang='lat' dir='ltr'><strong>potuit</strong></span> <span class='ocrx_word' id='word_1_18' title='bbox 2389 680 2544 726; x_wconf 88' lang='lat' dir='ltr'><strong>esse</strong></span> <span class='ocrx_word' id='word_1_19' title='bbox 2576 658 2791 753; x_wconf 88' lang='lat' dir='ltr'><strong>prin-</strong></span> 
     </span>
     <span class='ocr_line' id='line_1_4' title="bbox 633 762 2790 863; baseline 0.003 -33"><span class='ocrx_word' id='word_1_20' title='bbox 633 783 843 858; x_wconf 73' lang='grc' dir='ltr'>σερε,</span> <span class='ocrx_word' id='word_1_21' title='bbox 882 765 1007 858; x_wconf 88' lang='lat' dir='ltr'><strong>qui</strong></span> <span class='ocrx_word' id='word_1_22' title='bbox 1048 762 1378 833; x_wconf 88' lang='lat' dir='ltr'><strong>maluerit</strong></span> <span class='ocrx_word' id='word_1_23' title='bbox 1415 788 1568 835; x_wconf 91' lang='lat' dir='ltr'><strong>esse</strong></span> <span class='ocrx_word' id='word_1_24' title='bbox 1612 763 2049 863; x_wconf 74' lang='lat' dir='ltr'><strong>popularis4.</strong></span> <span class='ocrx_word' id='word_1_25' title='bbox 2095 763 2232 834; x_wconf 86' lang='lat' dir='ltr'><strong>Sed</strong></span> <span class='ocrx_word' id='word_1_26' title='bbox 2267 765 2609 835; x_wconf 87' lang='lat' dir='ltr'><strong>homines</strong></span> <span class='ocrx_word' id='word_1_27' title='bbox 2656 783 2790 838; x_wconf 89' lang='lat' dir='ltr'><strong>aut</strong></span> 
     </span>
     <span class='ocr_line' id='line_1_5' title="bbox 629 870 2794 972; baseline 0.003 -33"><span class='ocrx_word' id='word_1_28' title='bbox 629 885 930 968; x_wconf 85' lang='lat' dir='ltr'><strong>propter</strong></span> <span class='ocrx_word' id='word_1_29' title='bbox 962 870 1427 968; x_wconf 70' lang='lat' dir='ltr'><strong>‹lignitatem-&#39;⁵</strong></span> <span class='ocrx_word' id='word_1_30' title='bbox 1459 899 1659 944; x_wconf 89' lang='lat' dir='ltr'><strong>suam</strong></span> <span class='ocrx_word' id='word_1_31' title='bbox 1699 872 1910 944; x_wconf 86' lang='lat' dir='ltr'><strong>diffisi</strong></span> <span class='ocrx_word' id='word_1_32' title='bbox 1942 875 2079 971; x_wconf 90' lang='lat' dir='ltr'><strong>ipsi</strong></span> <span class='ocrx_word' id='word_1_33' title='bbox 2106 872 2280 960; x_wconf 87' lang='lat' dir='ltr'>sibi,</span> <span class='ocrx_word' id='word_1_34' title='bbox 2311 888 2437 944; x_wconf 89' lang='lat' dir='ltr'><strong>aut</strong></span> <span class='ocrx_word' id='word_1_35' title='bbox 2466 891 2794 972; x_wconf 88' lang='lat' dir='ltr'><strong>propter</strong></span> 
     </span>
     <span class='ocr_line' id='line_1_6' title="bbox 628 979 2788 1078; baseline 0.002 -28"><span class='ocrx_word' id='word_1_36' title='bbox 628 979 1074 1077; x_wconf 89' lang='lat' dir='ltr'><strong>reliquorum</strong></span> <span class='ocrx_word' id='word_1_37' title='bbox 1139 980 1779 1070; x_wconf 84' lang='lat' dir='ltr'><strong>obtrectationem,</strong></span> <span class='ocrx_word' id='word_1_38' title='bbox 1830 983 1921 1053; x_wconf 91' lang='lat' dir='ltr'><strong>ab</strong></span> <span class='ocrx_word' id='word_1_39' title='bbox 1986 983 2207 1078; x_wconf 89' lang='lat' dir='ltr'><strong>hujus</strong></span> <span class='ocrx_word' id='word_1_40' title='bbox 2261 983 2541 1053; x_wconf 86' lang='lat' dir='ltr'>ordinis</span> <span class='ocrx_word' id='word_1_41' title='bbox 2591 1009 2788 1055; x_wconf 87' lang='lat' dir='ltr'><strong>con—</strong></span> 
     </span>
     <span class='ocr_line' id='line_1_7' title="bbox 624 1090 2782 1190; baseline 0.001 -29"><span class='ocrx_word' id='word_1_42' title='bbox 624 1090 1003 1184; x_wconf 87' lang='lat' dir='ltr'><strong>junctione</strong></span> <span class='ocrx_word' id='word_1_43' title='bbox 1045 1090 1366 1187; x_wconf 88' lang='lat' dir='ltr'><strong>depulsi,</strong></span> <span class='ocrx_word' id='word_1_44' title='bbox 1404 1116 1591 1190; x_wconf 80' lang='lat' dir='ltr'><strong>saepe</strong></span> <span class='ocrx_word' id='word_1_45' title='bbox 1636 1117 1725 1163; x_wconf 83' lang='lat' dir='ltr'><strong>ex</strong></span> <span class='ocrx_word' id='word_1_46' title='bbox 1764 1092 1902 1163; x_wconf 91' lang='lat' dir='ltr'><strong>hoc</strong></span> <span class='ocrx_word' id='word_1_47' title='bbox 1937 1106 2156 1189; x_wconf 86' lang='lat' dir='ltr'><strong>portu</strong></span> <span class='ocrx_word' id='word_1_48' title='bbox 2193 1115 2267 1162; x_wconf 90' lang='lat' dir='ltr'><strong>se</strong></span> <span class='ocrx_word' id='word_1_49' title='bbox 2309 1093 2385 1161; x_wconf 89' lang='lat' dir='ltr'><strong>in</strong></span> <span class='ocrx_word' id='word_1_50' title='bbox 2423 1093 2585 1162; x_wconf 92' lang='lat' dir='ltr'><strong>illos</strong></span> <span class='ocrx_word' id='word_1_51' title='bbox 2631 1094 2782 1163; x_wconf 87' lang='lat' dir='ltr'><strong>flu-</strong></span> 
     </span>
     <span class='ocr_line' id='line_1_8' title="bbox 630 1197 2782 1298; baseline 0 -27"><span class='ocrx_word' id='word_1_52' title='bbox 630 1197 842 1271; x_wconf 80' lang='lat' dir='ltr'><strong>ctus⁶</strong></span> <span class='ocrx_word' id='word_1_53' title='bbox 896 1224 1126 1298; x_wconf 88' lang='lat' dir='ltr'><strong>prope</strong></span> <span class='ocrx_word' id='word_1_54' title='bbox 1180 1207 1587 1272; x_wconf 86' lang='lat' dir='ltr'><strong>necessario</strong></span> <span class='ocrx_word' id='word_1_55' title='bbox 1647 1202 2132 1273; x_wconf 84' lang='lat' dir='ltr'><strong>contulerunt.</strong></span> <span class='ocrx_word' id='word_1_56' title='bbox 2191 1202 2335 1289; x_wconf 89' lang='lat' dir='ltr'><strong>Qui</strong></span> <span class='ocrx_word' id='word_1_57' title='bbox 2386 1203 2446 1271; x_wconf 90' lang='lat' dir='ltr'><strong>si</strong></span> <span class='ocrx_word' id='word_1_58' title='bbox 2496 1227 2583 1272; x_wconf 83' lang='lat' dir='ltr'><strong>ex</strong></span> <span class='ocrx_word' id='word_1_59' title='bbox 2646 1203 2782 1273; x_wconf 88' lang='lat' dir='ltr'><strong>illa</strong></span> 
     </span>
     <span class='ocr_line' id='line_1_9' title="bbox 623 1309 2778 1409; baseline 0.002 -30"><span class='ocrx_word' id='word_1_60' title='bbox 623 1309 1012 1403; x_wconf 88' lang='lat' dir='ltr'><strong>jactatione</strong></span> <span class='ocrx_word' id='word_1_61' title='bbox 1056 1333 1419 1407; x_wconf 84' lang='lat' dir='ltr'><strong>cursuque</strong></span> <span class='ocrx_word' id='word_1_62' title='bbox 1469 1311 1839 1409; x_wconf 83' lang='lat' dir='ltr'><strong>populari,</strong></span> <span class='ocrx_word' id='word_1_63' title='bbox 1879 1310 2068 1382; x_wconf 90' lang='lat' dir='ltr'><strong>bene</strong></span> <span class='ocrx_word' id='word_1_64' title='bbox 2112 1325 2309 1405; x_wconf 86' lang='lat' dir='ltr'><strong>gesta</strong></span> <span class='ocrx_word' id='word_1_65' title='bbox 2353 1310 2778 1409; x_wconf 79' lang='lat' dir='ltr'><strong>republica,</strong></span> 
     </span>
     <span class='ocr_line' id='line_1_10' title="bbox 626 1420 2780 1522; baseline 0.002 -30"><span class='ocrx_word' id='word_1_66' title='bbox 626 1420 952 1494; x_wconf 84' lang='lat' dir='ltr'><strong>referunt</strong></span> <span class='ocrx_word' id='word_1_67' title='bbox 1010 1422 1429 1521; x_wconf 86' lang='lat' dir='ltr'><strong>adspectum</strong></span> <span class='ocrx_word' id='word_1_68' title='bbox 1488 1426 1563 1494; x_wconf 91' lang='lat' dir='ltr'><strong>in</strong></span> <span class='ocrx_word' id='word_1_69' title='bbox 1622 1427 1938 1509; x_wconf 85' lang='lat' dir='ltr'><strong>curiam,</strong></span> <span class='ocrx_word' id='word_1_70' title='bbox 1996 1438 2212 1520; x_wconf 89' lang='lat' dir='ltr'><strong>atque</strong></span> <span class='ocrx_word' id='word_1_71' title='bbox 2261 1423 2432 1494; x_wconf 90' lang='lat' dir='ltr'><strong>huic</strong></span> <span class='ocrx_word' id='word_1_72' title='bbox 2472 1426 2780 1522; x_wconf 72' lang='lat' dir='ltr'><strong>amplis-</strong></span> 
     </span>
     <span class='ocr_line' id='line_1_11' title="bbox 631 1532 2778 1629; baseline 0.001 -26"><span class='ocrx_word' id='word_1_73' title='bbox 631 1536 825 1604; x_wconf 81' lang='lat' dir='ltr'><strong>simae</strong></span> <span class='ocrx_word' id='word_1_74' title='bbox 879 1532 1207 1629; x_wconf 81' lang='lat' dir='ltr'>dignitati</span> <span class='ocrx_word' id='word_1_75' title='bbox 1249 1534 1738 1605; x_wconf 89' lang='lat' dir='ltr'><strong>commendati</strong></span> <span class='ocrx_word' id='word_1_76' title='bbox 1783 1558 1936 1605; x_wconf 88' lang='lat' dir='ltr'><strong>esse</strong></span> <span class='ocrx_word' id='word_1_77' title='bbox 1989 1533 2296 1603; x_wconf 84' lang='lat' dir='ltr'><strong>volunt:</strong></span> <span class='ocrx_word' id='word_1_78' title='bbox 2347 1558 2497 1604; x_wconf 91' lang='lat' dir='ltr'><strong>non</strong></span> <span class='ocrx_word' id='word_1_79' title='bbox 2545 1535 2778 1606; x_wconf 87' lang='lat' dir='ltr'><strong>modo</strong></span> 
     </span>
     <span class='ocr_line' id='line_1_12' title="bbox 631 1643 2440 1741; baseline 0.001 -28"><span class='ocrx_word' id='word_1_80' title='bbox 631 1667 781 1714; x_wconf 89' lang='lat' dir='ltr'><strong>non</strong></span> <span class='ocrx_word' id='word_1_81' title='bbox 819 1643 1213 1740; x_wconf 89' lang='lat' dir='ltr'><strong>repellendi</strong></span> <span class='ocrx_word' id='word_1_82' title='bbox 1254 1660 1457 1730; x_wconf 87' lang='lat' dir='ltr'><strong>sunt,</strong></span> <span class='ocrx_word' id='word_1_83' title='bbox 1492 1670 1741 1715; x_wconf 81' lang='lat' dir='ltr'><strong>verum</strong></span> <span class='ocrx_word' id='word_1_84' title='bbox 1782 1649 1993 1717; x_wconf 90' lang='lat' dir='ltr'><strong>etiam</strong></span> <span class='ocrx_word' id='word_1_85' title='bbox 2031 1644 2440 1741; x_wconf 86' lang='lat' dir='ltr'><strong>expetendi.</strong></span> 
     </span>
     <span class='ocr_line' id='line_1_13' title="bbox 727 1753 2778 1853; baseline 0.003 -33"><span class='ocrx_word' id='word_1_86' title='bbox 727 1755 1117 1823; x_wconf 90' lang='lat' dir='ltr'><strong>Monemur</strong></span> <span class='ocrx_word' id='word_1_87' title='bbox 1163 1778 1205 1823; x_wconf 92' lang='lat' dir='ltr'><strong>a</strong></span> <span class='ocrx_word' id='word_1_88' title='bbox 1259 1753 1649 1826; x_wconf 88' lang='lat' dir='ltr'><strong>fortissimo</strong></span> <span class='ocrx_word' id='word_1_89' title='bbox 1689 1760 1845 1825; x_wconf 88' lang='lat' dir='ltr'><strong>viro</strong></span> <span class='ocrx_word' id='word_1_90' title='bbox 1863 1767 1917 1841; x_wconf 87' lang='lat'><strong>⁷,</strong></span> <span class='ocrx_word' id='word_1_91' title='bbox 1977 1770 2193 1850; x_wconf 88' lang='lat' dir='ltr'><strong>atque</strong></span> <span class='ocrx_word' id='word_1_92' title='bbox 2259 1758 2539 1852; x_wconf 89' lang='lat' dir='ltr'><strong>optimo</strong></span> <span class='ocrx_word' id='word_1_93' title='bbox 2600 1772 2778 1853; x_wconf 86' lang='lat' dir='ltr'><strong>post</strong></span> 
     </span>
     <span class='ocr_line' id='line_1_14' title="bbox 631 1860 2772 1961; baseline 0.003 -32"><span class='ocrx_word' id='word_1_94' title='bbox 631 1860 1014 1930; x_wconf 91' lang='lat' dir='ltr'><strong>hominum</strong></span> <span class='ocrx_word' id='word_1_95' title='bbox 1074 1865 1495 1935; x_wconf 81' lang='lat' dir='ltr'><strong>memoriam</strong></span> <span class='ocrx_word' id='word_1_96' title='bbox 1552 1865 1896 1953; x_wconf 83' lang='lat' dir='ltr'><strong>consule,</strong></span> <span class='ocrx_word' id='word_1_97' title='bbox 1948 1879 2034 1935; x_wconf 91' lang='lat' dir='ltr'><strong>ut</strong></span> <span class='ocrx_word' id='word_1_98' title='bbox 2078 1863 2622 1961; x_wconf 83' lang='lat' dir='ltr'><strong>provideamus,</strong></span> <span class='ocrx_word' id='word_1_99' title='bbox 2670 1891 2772 1935; x_wconf 88' lang='lat' dir='ltr'><strong>ne</strong></span> 
     </span>
     <span class='ocr_line' id='line_1_15' title="bbox 629 1970 2770 2072; baseline 0.004 -34"><span class='ocrx_word' id='word_1_100' title='bbox 629 1970 922 2039; x_wconf 87' lang='lat' dir='ltr'><strong>citerior</strong></span> <span class='ocrx_word' id='word_1_101' title='bbox 969 1970 1196 2042; x_wconf 89' lang='lat' dir='ltr'><strong>Gallia</strong></span> <span class='ocrx_word' id='word_1_102' title='bbox 1240 1973 1454 2043; x_wconf 89' lang='lat' dir='ltr'><strong>nobis</strong></span> <span class='ocrx_word' id='word_1_103' title='bbox 1499 1975 1738 2044; x_wconf 86' lang='lat' dir='ltr'><strong>invitis</strong></span> <span class='ocrx_word' id='word_1_104' title='bbox 1783 1974 1996 2046; x_wconf 89' lang='lat' dir='ltr'><strong>alicui</strong></span> <span class='ocrx_word' id='word_1_105' title='bbox 2046 1973 2478 2046; x_wconf 85' lang='lat' dir='ltr'><strong>decernatur</strong></span> <span class='ocrx_word' id='word_1_106' title='bbox 2495 1971 2549 2061; x_wconf 79' lang='lat'><strong>⁸,</strong></span> <span class='ocrx_word' id='word_1_107' title='bbox 2592 1990 2770 2072; x_wconf 90' lang='lat' dir='ltr'><strong>post</strong></span> 
     </span>
     <span class='ocr_line' id='line_1_16' title="bbox 630 2082 2767 2183; baseline 0.005 -36"><span class='ocrx_word' id='word_1_108' title='bbox 630 2100 756 2148; x_wconf 87' lang='lat' dir='ltr'><strong>eos</strong></span> <span class='ocrx_word' id='word_1_109' title='bbox 798 2082 1154 2170; x_wconf 81' lang='lat' dir='ltr'><strong>consuleS‚</strong></span> <span class='ocrx_word' id='word_1_110' title='bbox 1182 2087 1307 2181; x_wconf 92' lang='lat' dir='ltr'><strong>qui</strong></span> <span class='ocrx_word' id='word_1_111' title='bbox 1339 2111 1537 2156; x_wconf 89' lang='lat' dir='ltr'><strong>nunc</strong></span> <span class='ocrx_word' id='word_1_112' title='bbox 1579 2099 1792 2156; x_wconf 90' lang='lat' dir='ltr'><strong>erunt</strong></span> <span class='ocrx_word' id='word_1_113' title='bbox 1834 2084 2219 2180; x_wconf 81' lang='lat' dir='ltr'><strong>designati3</strong></span> <span class='ocrx_word' id='word_1_114' title='bbox 2258 2101 2767 2183; x_wconf 87' lang='lat' dir='ltr'><strong>perpetuoque</strong></span> 
     </span>
     <span class='ocr_line' id='line_1_17' title="bbox 628 2190 2769 2294; baseline 0.005 -36"><span class='ocrx_word' id='word_1_115' title='bbox 628 2190 935 2284; x_wconf 89' lang='lat' dir='ltr'><strong>posthac</strong></span> <span class='ocrx_word' id='word_1_116' title='bbox 965 2192 1056 2263; x_wconf 90' lang='lat' dir='ltr'><strong>ab</strong></span> <span class='ocrx_word' id='word_1_117' title='bbox 1095 2195 1216 2280; x_wconf 90' lang='lat' dir='ltr'><strong>iis,</strong></span> <span class='ocrx_word' id='word_1_118' title='bbox 1253 2198 1380 2291; x_wconf 90' lang='lat' dir='ltr'><strong>qui</strong></span> <span class='ocrx_word' id='word_1_119' title='bbox 1418 2196 1616 2267; x_wconf 92' lang='lat' dir='ltr'><strong>hunc</strong></span> <span class='ocrx_word' id='word_1_120' title='bbox 1651 2195 1980 2267; x_wconf 89' lang='lat' dir='ltr'><strong>ordinem</strong></span> <span class='ocrx_word' id='word_1_121' title='bbox 2020 2209 2489 2293; x_wconf 87' lang='lat' dir='ltr'><strong>oppugnent,</strong></span> <span class='ocrx_word' id='word_1_122' title='bbox 2526 2221 2769 2294; x_wconf 89' lang='lat' dir='ltr'><strong>popu-</strong></span> 
     </span>
     <span class='ocr_line' id='line_1_18' title="bbox 632 2296 2771 2404; baseline 0.005 -38"><span class='ocrx_word' id='word_1_123' title='bbox 632 2296 760 2368; x_wconf 92' lang='lat' dir='ltr'><strong>lari</strong></span> <span class='ocrx_word' id='word_1_124' title='bbox 781 2324 863 2371; x_wconf 91' lang='lat' dir='ltr'><strong>ac</strong></span> <span class='ocrx_word' id='word_1_125' title='bbox 897 2302 1317 2376; x_wconf 89' lang='lat' dir='ltr'><strong>turbulenta</strong></span> <span class='ocrx_word' id='word_1_126' title='bbox 1345 2309 1628 2394; x_wconf 86' lang='lat' dir='ltr'><strong>ratione</strong></span> <span class='ocrx_word' id='word_1_127' title='bbox 1656 2319 2006 2377; x_wconf 87' lang='lat' dir='ltr'><strong>teneatur.</strong></span> <span class='ocrx_word' id='word_1_128' title='bbox 2036 2308 2273 2397; x_wconf 89' lang='lat' dir='ltr'><strong>Quam</strong></span> <span class='ocrx_word' id='word_1_129' title='bbox 2291 2315 2463 2404; x_wconf 83' lang='lat' dir='ltr'><strong>ego⁹</strong></span> <span class='ocrx_word' id='word_1_130' title='bbox 2481 2307 2771 2404; x_wconf 85' lang='lat' dir='ltr'><strong>plagam</strong></span> 
     </span>
     <span class='ocr_line' id='line_1_19' title="bbox 631 2410 2769 2515; baseline 0.003 -36"><span class='ocrx_word' id='word_1_131' title='bbox 631 2410 766 2480; x_wconf 86' lang='lat' dir='ltr'><strong>etsi</strong></span> <span class='ocrx_word' id='word_1_132' title='bbox 840 2437 990 2482; x_wconf 85' lang='lat' dir='ltr'><strong>non</strong></span> <span class='ocrx_word' id='word_1_133' title='bbox 1054 2431 1486 2504; x_wconf 88' lang='lat' dir='ltr'><strong>contemn0‚</strong></span> <span class='ocrx_word' id='word_1_134' title='bbox 1550 2432 1787 2515; x_wconf 89' lang='lat' dir='ltr'><strong>patres</strong></span> <span class='ocrx_word' id='word_1_135' title='bbox 1861 2416 2297 2512; x_wconf 85' lang='lat' dir='ltr'><strong>conscripti,</strong></span> <span class='ocrx_word' id='word_1_136' title='bbox 2367 2419 2769 2512; x_wconf 85' lang='lat' dir='ltr'><strong>praesertim</strong></span> 
     </span>
     <span class='ocr_line' id='line_1_20' title="bbox 630 2521 2770 2623; baseline 0.003 -34"><span class='ocrx_word' id='word_1_137' title='bbox 630 2522 948 2593; x_wconf 91' lang='lat' dir='ltr'><strong>monitus</strong></span> <span class='ocrx_word' id='word_1_138' title='bbox 1006 2548 1046 2595; x_wconf 88' lang='lat' dir='ltr'><strong>a</strong></span> <span class='ocrx_word' id='word_1_139' title='bbox 1112 2527 1638 2623; x_wconf 89' lang='lat' dir='ltr'><strong>sapientissimo</strong></span> <span class='ocrx_word' id='word_1_140' title='bbox 1706 2525 2032 2612; x_wconf 90' lang='lat' dir='ltr'><strong>consule,</strong></span> <span class='ocrx_word' id='word_1_141' title='bbox 2091 2539 2166 2594; x_wconf 90' lang='lat' dir='ltr'><strong>et</strong></span> <span class='ocrx_word' id='word_1_142' title='bbox 2216 2521 2770 2620; x_wconf 86' lang='lat' dir='ltr'><strong>diligentissimo</strong></span> 
     </span>
     <span class='ocr_line' id='line_1_21' title="bbox 627 2633 2773 2733; baseline 0.001 -33"><span class='ocrx_word' id='word_1_143' title='bbox 627 2633 924 2704; x_wconf 87' lang='lat' dir='ltr'><strong>custode</strong></span> <span class='ocrx_word' id='word_1_144' title='bbox 989 2637 1181 2733; x_wconf 87' lang='lat' dir='ltr'><strong>pacis</strong></span> <span class='ocrx_word' id='word_1_145' title='bbox 1241 2651 1314 2706; x_wconf 88' lang='lat' dir='ltr'><strong>et</strong></span> <span class='ocrx_word' id='word_1_146' title='bbox 1379 2637 1548 2722; x_wconf 90' lang='lat' dir='ltr'><strong>otii,</strong></span> <span class='ocrx_word' id='word_1_147' title='bbox 1607 2651 1847 2728; x_wconf 74' lang='lat' dir='ltr'><strong>tamen</strong></span> <span class='ocrx_word' id='word_1_148' title='bbox 1902 2635 2400 2706; x_wconf 86' lang='lat' dir='ltr'><strong>vehementius</strong></span> <span class='ocrx_word' id='word_1_149' title='bbox 2452 2633 2773 2704; x_wconf 87' lang='lat' dir='ltr'><strong>arbitror</strong></span> 
     </span>
     <span class='ocr_line' id='line_1_22' title="bbox 628 2743 2769 2840; baseline 0.001 -29"><span class='ocrx_word' id='word_1_150' title='bbox 628 2743 1328 2837; x_wconf 86' lang='lat' dir='ltr'><strong>pertimescendum,</strong></span> <span class='ocrx_word' id='word_1_151' title='bbox 1379 2747 1437 2815; x_wconf 87' lang='lat' dir='ltr'><strong>si</strong></span> <span class='ocrx_word' id='word_1_152' title='bbox 1483 2745 1860 2816; x_wconf 90' lang='lat' dir='ltr'><strong>hominum</strong></span> <span class='ocrx_word' id='word_1_153' title='bbox 1907 2744 2465 2815; x_wconf 87' lang='lat' dir='ltr'><strong>clarissimorum</strong></span> <span class='ocrx_word' id='word_1_154' title='bbox 2507 2768 2593 2814; x_wconf 87' lang='lat' dir='ltr'><strong>ac</strong></span> <span class='ocrx_word' id='word_1_155' title='bbox 2636 2768 2769 2840; x_wconf 88' lang='lat' dir='ltr'><strong>po·</strong></span> 
     </span>
     <span class='ocr_line' id='line_1_23' title="bbox 628 2853 2765 2938; baseline 0.002 -20"><span class='ocrx_word' id='word_1_156' title='bbox 628 2853 1191 2925; x_wconf 86' lang='lat' dir='ltr'><strong>tentissimorum</strong></span> <span class='ocrx_word' id='word_1_157' title='bbox 1253 2870 1376 2926; x_wconf 92' lang='lat' dir='ltr'><strong>aut</strong></span> <span class='ocrx_word' id='word_1_158' title='bbox 1432 2854 1789 2927; x_wconf 91' lang='lat' dir='ltr'><strong>honorem</strong></span> <span class='ocrx_word' id='word_1_159' title='bbox 1848 2857 2220 2938; x_wconf 87' lang='lat' dir='ltr'><strong>minuer0,</strong></span> <span class='ocrx_word' id='word_1_160' title='bbox 2260 2868 2385 2925; x_wconf 92' lang='lat' dir='ltr'><strong>aut</strong></span> <span class='ocrx_word' id='word_1_161' title='bbox 2434 2854 2765 2926; x_wconf 87' lang='lat' dir='ltr'><strong>studium</strong></span> 
     </span>
    </p>
   </div>
   <div class='ocr_carea' id='block_1_3' title="bbox 629 3047 1647 3173">
    <p class='ocr_par' dir='ltr' id='par_1_3' title="bbox 629 3047 1647 3173">
     <span class='ocr_line' id='line_1_24' title="bbox 629 3047 1647 3173; baseline 0.008 -82"><span class='ocrx_word' id='word_1_162' title='bbox 629 3123 675 3170; x_wconf 57' lang='lat' dir='ltr'>fi</span> <span class='ocrx_word' id='word_1_163' title='bbox 699 3047 1057 3173; x_wconf 52' lang='grc' dir='ltr'><strong>ζὶκΡοριιΙαηὶς.</strong></span> <span class='ocrx_word' id='word_1_164' title='bbox 1098 3051 1199 3113; x_wconf 88' lang='lat' dir='ltr'><strong>Qui</strong></span> <span class='ocrx_word' id='word_1_165' title='bbox 1226 3050 1401 3116; x_wconf 87' lang='lat' dir='ltr'><strong>populi</strong></span> <span class='ocrx_word' id='word_1_166' title='bbox 1426 3051 1647 3116; x_wconf 69' lang='lat' dir='ltr'><strong>partibus</strong></span> 
     </span>
     <span class='ocr_line' id='line_1_25' title="bbox 678 3135 836 3173; baseline 0.019 -3"><span class='ocrx_word' id='word_1_167' title='bbox 678 3140 736 3172; x_wconf 80' lang='lat' dir='ltr'><strong>ve</strong></span> <span class='ocrx_word' id='word_1_168' title='bbox 800 3135 836 3173; x_wconf 92' lang='lat' dir='ltr'><strong>t.</strong></span> 
     </span>
    </p>
   </div>
   <div class='ocr_carea' id='block_1_4' title="bbox 1733 3050 2765 3195">
    <p class='ocr_par' dir='ltr' id='par_1_4' title="bbox 1733 3050 2765 3195">
     <span class='ocr_line' id='line_1_26' title="bbox 1733 3050 2762 3115; baseline -0.002 -16"><span class='ocrx_word' id='word_1_169' title='bbox 1733 3052 1977 3100; x_wconf 69' lang='lat' dir='ltr'><strong>casiouem</strong></span> <span class='ocrx_word' id='word_1_170' title='bbox 2013 3068 2041 3099; x_wconf 92' lang='lat' dir='ltr'><strong>e</strong></span> <span class='ocrx_word' id='word_1_171' title='bbox 2072 3050 2295 3098; x_wconf 84' lang='lat' dir='ltr'><strong>manibua</strong></span> <span class='ocrx_word' id='word_1_172' title='bbox 2311 3050 2439 3098; x_wconf 85' lang='lat' dir='ltr'><strong>elabi</strong></span> <span class='ocrx_word' id='word_1_173' title='bbox 2458 3061 2762 3115; x_wconf 81' lang='lat' dir='ltr'><strong>paterentur.</strong></span> 
     </span>
     <span class='ocr_line' id='line_1_27' title="bbox 1805 3130 2765 3195; baseline -0.003 -17"><span class='ocrx_word' id='word_1_174' title='bbox 1805 3146 1857 3193; x_wconf 84' lang='lat'><strong>9.</strong></span> <span class='ocrx_word' id='word_1_175' title='bbox 1913 3133 2073 3194; x_wconf 80' lang='lat' dir='ltr'><strong>Quam</strong></span> <span class='ocrx_word' id='word_1_176' title='bbox 2125 3146 2234 3195; x_wconf 72' lang='lat' dir='ltr'><strong>ego.</strong></span> <span class='ocrx_word' id='word_1_177' title='bbox 2287 3130 2503 3178; x_wconf 78' lang='lat' dir='ltr'><strong>Adverte</strong></span> <span class='ocrx_word' id='word_1_178' title='bbox 2551 3131 2765 3177; x_wconf 73' lang='lat' dir='ltr'><strong>oratoris</strong></span> 
     </span>
    </p>
   </div>
   <div class='ocr_carea' id='block_1_5' title="bbox 619 3204 1645 4216">
    <p class='ocr_par' dir='ltr' id='par_1_5' title="bbox 626 3204 1645 3725">
     <span class='ocr_line' id='line_1_28' title="bbox 701 3204 1645 3274; baseline 0.007 -23"><span class='ocrx_word' id='word_1_179' title='bbox 701 3204 753 3252; x_wconf 84' lang='lat'><strong>5.</strong></span> <span class='ocrx_word' id='word_1_180' title='bbox 793 3206 995 3270; x_wconf 70' lang='lat' dir='ltr'><strong>Propter·</strong></span> <span class='ocrx_word' id='word_1_181' title='bbox 1029 3206 1325 3274; x_wconf 49' lang='lat' dir='ltr'><strong>dignitatem.</strong></span> <span class='ocrx_word' id='word_1_182' title='bbox 1366 3210 1424 3258; x_wconf 84' lang='lat' dir='ltr'><strong>Id</strong></span> <span class='ocrx_word' id='word_1_183' title='bbox 1456 3221 1554 3270; x_wconf 74' lang='lat' dir='ltr'><strong>eat,</strong></span> <span class='ocrx_word' id='word_1_184' title='bbox 1581 3210 1645 3258; x_wconf 84' lang='lat' dir='ltr'><strong>ti·</strong></span> 
     </span>
     <span class='ocr_line' id='line_1_29' title="bbox 627 3288 1643 3349; baseline 0.012 -23"><span class='ocrx_word' id='word_1_185' title='bbox 627 3292 812 3330; x_wconf 71' lang='lat' dir='ltr'><strong>mentes</strong></span> <span class='ocrx_word' id='word_1_186' title='bbox 837 3300 898 3331; x_wconf 89' lang='lat' dir='ltr'><strong>ue</strong></span> <span class='ocrx_word' id='word_1_187' title='bbox 927 3299 1122 3349; x_wconf 69' lang='lat' dir='ltr'><strong>possent</strong></span> <span class='ocrx_word' id='word_1_188' title='bbox 1147 3289 1211 3336; x_wconf 91' lang='lat' dir='ltr'><strong>ad</strong></span> <span class='ocrx_word' id='word_1_189' title='bbox 1234 3288 1449 3338; x_wconf 70' lang='lat' dir='ltr'><strong>honores</strong></span> <span class='ocrx_word' id='word_1_190' title='bbox 1475 3305 1643 3337; x_wconf 75' lang='lat' dir='ltr'><strong>asceu-</strong></span> 
     </span>
     <span class='ocr_line' id='line_1_30' title="bbox 631 3356 1644 3426; baseline 0.012 -22"><span class='ocrx_word' id='word_1_191' title='bbox 631 3356 743 3405; x_wconf 86' lang='lat' dir='ltr'><strong>dere</strong></span> <span class='ocrx_word' id='word_1_192' title='bbox 788 3374 993 3426; x_wconf 83' lang='lat' dir='ltr'><strong>propter</strong></span> <span class='ocrx_word' id='word_1_193' title='bbox 1050 3383 1183 3413; x_wconf 77' lang='lat' dir='ltr'><strong>suam</strong></span> <span class='ocrx_word' id='word_1_194' title='bbox 1225 3368 1607 3416; x_wconf 80' lang='lat' dir='ltr'><strong>mediocritatem</strong></span> <span class='ocrx_word' id='word_1_195' title='bbox 1629 3402 1644 3426; x_wconf 87' lang='lat'>,</span> 
     </span>
     <span class='ocr_line' id='line_1_31' title="bbox 627 3441 1645 3510; baseline 0.012 -28"><span class='ocrx_word' id='word_1_196' title='bbox 627 3448 713 3485; x_wconf 86' lang='lat' dir='ltr'><strong>aut</strong></span> <span class='ocrx_word' id='word_1_197' title='bbox 754 3441 932 3502; x_wconf 75' lang='lat' dir='ltr'><strong>quibus</strong></span> <span class='ocrx_word' id='word_1_198' title='bbox 975 3445 1227 3502; x_wconf 73' lang='lat' dir='ltr'><strong>nobilitas,</strong></span> <span class='ocrx_word' id='word_1_199' title='bbox 1271 3462 1419 3509; x_wconf 72' lang='lat' dir='ltr'><strong>opes,</strong></span> <span class='ocrx_word' id='word_1_200' title='bbox 1456 3447 1645 3510; x_wconf 80' lang='lat' dir='ltr'><strong>aliaque</strong></span> 
     </span>
     <span class='ocr_line' id='line_1_32' title="bbox 626 3515 1644 3587; baseline 0.009 -25"><span class='ocrx_word' id='word_1_201' title='bbox 626 3515 691 3562; x_wconf 87' lang='lat' dir='ltr'><strong>ad</strong></span> <span class='ocrx_word' id='word_1_202' title='bbox 713 3521 978 3581; x_wconf 85' lang='lat' dir='ltr'><strong>potentiam</strong></span> <span class='ocrx_word' id='word_1_203' title='bbox 1001 3524 1049 3569; x_wconf 87' lang='lat' dir='ltr'><strong>in</strong></span> <span class='ocrx_word' id='word_1_204' title='bbox 1076 3537 1247 3571; x_wconf 70' lang='lat' dir='ltr'><strong>senatu</strong></span> <span class='ocrx_word' id='word_1_205' title='bbox 1271 3524 1644 3587; x_wconf 77' lang='lat' dir='ltr'><strong>comparandam</strong></span> 
     </span>
     <span class='ocr_line' id='line_1_33' title="bbox 628 3593 1644 3666; baseline 0.008 -25"><span class='ocrx_word' id='word_1_206' title='bbox 628 3593 854 3657; x_wconf 85' lang='lat' dir='ltr'><strong>deerant,</strong></span> <span class='ocrx_word' id='word_1_207' title='bbox 892 3601 1110 3661; x_wconf 67' lang='lat' dir='ltr'><strong>quamvis</strong></span> <span class='ocrx_word' id='word_1_208' title='bbox 1148 3601 1358 3664; x_wconf 79' lang='lat' dir='ltr'><strong>ingenii,</strong></span> <span class='ocrx_word' id='word_1_209' title='bbox 1399 3602 1644 3666; x_wconf 75' lang='lat' dir='ltr'><strong>animique</strong></span> 
     </span>
     <span class='ocr_line' id='line_1_34' title="bbox 626 3673 1016 3725; baseline 0.008 -4"><span class='ocrx_word' id='word_1_210' title='bbox 626 3675 742 3722; x_wconf 72' lang='lat' dir='ltr'><strong>satia</strong></span> <span class='ocrx_word' id='word_1_211' title='bbox 763 3673 1016 3725; x_wconf 81' lang='lat' dir='ltr'><strong>habereut.</strong></span> 
     </span>
    </p>

    <p class='ocr_par' dir='ltr' id='par_1_6' title="bbox 625 3754 1644 3899">
     <span class='ocr_line' id='line_1_35' title="bbox 698 3754 1644 3823; baseline 0.005 -20"><span class='ocrx_word' id='word_1_212' title='bbox 698 3757 747 3803; x_wconf 84' lang='lat'><strong>6.</strong></span> <span class='ocrx_word' id='word_1_213' title='bbox 770 3758 831 3803; x_wconf 82' lang='lat' dir='ltr'><strong>In</strong></span> <span class='ocrx_word' id='word_1_214' title='bbox 851 3754 1163 3823; x_wconf 72' lang='lat' dir='ltr'><strong>illosflnctus.</strong></span> <span class='ocrx_word' id='word_1_215' title='bbox 1193 3757 1496 3807; x_wconf 79' lang='lat' dir='ltr'><strong>seditionum</strong></span> <span class='ocrx_word' id='word_1_216' title='bbox 1524 3771 1644 3808; x_wconf 86' lang='lat' dir='ltr'><strong>tem·</strong></span> 
     </span>
     <span class='ocr_line' id='line_1_36' title="bbox 625 3833 1182 3899; baseline 0.007 -18"><span class='ocrx_word' id='word_1_217' title='bbox 625 3845 833 3898; x_wconf 78' lang='lat' dir='ltr'><strong>pestatea</strong></span> <span class='ocrx_word' id='word_1_218' title='bbox 859 3845 907 3882; x_wconf 88' lang='lat' dir='ltr'><strong>et</strong></span> <span class='ocrx_word' id='word_1_219' title='bbox 928 3833 1182 3899; x_wconf 78' lang='lat' dir='ltr'><strong>procellas.</strong></span> 
     </span>
    </p>

    <p class='ocr_par' dir='ltr' id='par_1_7' title="bbox 624 3911 1642 4041">
     <span class='ocr_line' id='line_1_37' title="bbox 697 3911 1642 3984; baseline 0.006 -25"><span class='ocrx_word' id='word_1_220' title='bbox 697 3928 747 3980; x_wconf 89' lang='lat'><strong>7.</strong></span> <span class='ocrx_word' id='word_1_221' title='bbox 783 3916 831 3960; x_wconf 82' lang='lat' dir='ltr'><em>A</em></span> <span class='ocrx_word' id='word_1_222' title='bbox 842 3911 1121 3978; x_wconf 78' lang='lat' dir='ltr'><strong>fortissimo</strong></span> <span class='ocrx_word' id='word_1_223' title='bbox 1154 3915 1284 3965; x_wconf 72' lang='lat' dir='ltr'><strong>viro.</strong></span> <span class='ocrx_word' id='word_1_224' title='bbox 1320 3918 1377 3966; x_wconf 87' lang='lat'><strong>1..</strong></span> <span class='ocrx_word' id='word_1_225' title='bbox 1407 3917 1642 3984; x_wconf 84' lang='lat' dir='ltr'><strong>Philippo</strong></span> 
     </span>
     <span class='ocr_line' id='line_1_38' title="bbox 624 3992 839 4041; baseline 0.005 -1"><span class='ocrx_word' id='word_1_226' title='bbox 624 3992 839 4041; x_wconf 68' lang='lat' dir='ltr'><strong>consule.</strong></span> 
     </span>
    </p>

    <p class='ocr_par' dir='ltr' id='par_1_8' title="bbox 619 4074 1642 4216">
     <span class='ocr_line' id='line_1_39' title="bbox 692 4074 1642 4138; baseline 0.003 -18"><span class='ocrx_word' id='word_1_227' title='bbox 692 4074 745 4122; x_wconf 81' lang='lat'><strong>8.</strong></span> <span class='ocrx_word' id='word_1_228' title='bbox 773 4074 1092 4121; x_wconf 75' lang='lat' dir='ltr'><strong>Decernatur.</strong></span> <span class='ocrx_word' id='word_1_229' title='bbox 1124 4075 1167 4120; x_wconf 79' lang='lat' dir='ltr'>A</span> <span class='ocrx_word' id='word_1_230' title='bbox 1192 4074 1405 4138; x_wconf 84' lang='lat' dir='ltr'><strong>populo,</strong></span> <span class='ocrx_word' id='word_1_231' title='bbox 1429 4088 1479 4125; x_wconf 90' lang='lat' dir='ltr'><strong>et</strong></span> <span class='ocrx_word' id='word_1_232' title='bbox 1495 4077 1642 4124; x_wconf 87' lang='lat' dir='ltr'><strong>alicui</strong></span> 
     </span>
     <span class='ocr_line' id='line_1_40' title="bbox 619 4151 1639 4216; baseline 0.005 -18"><span class='ocrx_word' id='word_1_233' title='bbox 619 4151 846 4216; x_wconf 82' lang='lat' dir='ltr'><strong>populari</strong></span> <span class='ocrx_word' id='word_1_234' title='bbox 863 4185 878 4210; x_wconf 93' lang='lat'>,</span> <span class='ocrx_word' id='word_1_235' title='bbox 904 4153 946 4198; x_wconf 82' lang='lat' dir='ltr'><strong>ai</strong></span> <span class='ocrx_word' id='word_1_236' title='bbox 974 4162 1218 4200; x_wconf 70' lang='lat' dir='ltr'><strong>senatores</strong></span> <span class='ocrx_word' id='word_1_237' title='bbox 1244 4165 1528 4216; x_wconf 62' lang='lat' dir='ltr'><strong>praesentem</strong></span> <span class='ocrx_word' id='word_1_238' title='bbox 1557 4171 1639 4204; x_wconf 87' lang='lat' dir='ltr'><strong>oc-</strong></span> 
     </span>
    </p>
   </div>
   <div class='ocr_carea' id='block_1_6' title="bbox 1727 3208 2763 4210">
    <p class='ocr_par' dir='ltr' id='par_1_9' title="bbox 1727 3208 2763 4210">
     <span class='ocr_line' id='line_1_41' title="bbox 1734 3208 2761 3274; baseline -0.004 -17"><span class='ocrx_word' id='word_1_239' title='bbox 1734 3209 2065 3274; x_wconf 76' lang='lat' dir='ltr'><strong>prudeutiam3</strong></span> <span class='ocrx_word' id='word_1_240' title='bbox 2090 3225 2194 3257; x_wconf 87' lang='lat' dir='ltr'><strong>non</strong></span> <span class='ocrx_word' id='word_1_241' title='bbox 2216 3211 2377 3274; x_wconf 84' lang='lat' dir='ltr'><strong>potuit</strong></span> <span class='ocrx_word' id='word_1_242' title='bbox 2400 3208 2614 3256; x_wconf 80' lang='lat' dir='ltr'><strong>refellere</strong></span> <span class='ocrx_word' id='word_1_243' title='bbox 2630 3223 2761 3254; x_wconf 85' lang='lat' dir='ltr'><strong>cou-</strong></span> 
     </span>
     <span class='ocr_line' id='line_1_42' title="bbox 1734 3288 2757 3353; baseline -0.002 -19"><span class='ocrx_word' id='word_1_244' title='bbox 1734 3289 1853 3336; x_wconf 77' lang='lat' dir='ltr'><strong>aulis</strong></span> <span class='ocrx_word' id='word_1_245' title='bbox 1890 3288 2156 3347; x_wconf 79' lang='lat' dir='ltr'><strong>rationem3</strong></span> <span class='ocrx_word' id='word_1_246' title='bbox 2199 3305 2292 3337; x_wconf 86' lang='lat' dir='ltr'><strong>nec</strong></span> <span class='ocrx_word' id='word_1_247' title='bbox 2331 3304 2457 3353; x_wconf 80' lang='lat' dir='ltr'><strong>opua</strong></span> <span class='ocrx_word' id='word_1_248' title='bbox 2495 3288 2611 3340; x_wconf 62' lang='lat' dir='ltr'><strong>suin</strong></span> <span class='ocrx_word' id='word_1_249' title='bbox 2647 3301 2757 3333; x_wconf 80' lang='lat' dir='ltr'><strong>uon</strong></span> 
     </span>
     <span class='ocr_line' id='line_1_43' title="bbox 1732 3364 2757 3422; baseline -0.005 -7"><span class='ocrx_word' id='word_1_250' title='bbox 1732 3368 2136 3417; x_wconf 84' lang='lat' dir='ltr'><strong>contemnendam</strong></span> <span class='ocrx_word' id='word_1_251' title='bbox 2168 3384 2270 3416; x_wconf 69' lang='lat' dir='ltr'><strong>esse</strong></span> <span class='ocrx_word' id='word_1_252' title='bbox 2307 3367 2560 3422; x_wconf 83' lang='lat' dir='ltr'><strong>coucedit;</strong></span> <span class='ocrx_word' id='word_1_253' title='bbox 2584 3364 2757 3412; x_wconf 78' lang='lat' dir='ltr'><strong>laudat</strong></span> 
     </span>
     <span class='ocr_line' id='line_1_44' title="bbox 1731 3446 2754 3512; baseline -0.005 -17"><span class='ocrx_word' id='word_1_254' title='bbox 1731 3447 1836 3506; x_wconf 72' lang='lat' dir='ltr'><strong>ejus</strong></span> <span class='ocrx_word' id='word_1_255' title='bbox 1854 3460 2100 3497; x_wconf 77' lang='lat' dir='ltr'><strong>auctorem</strong></span> <span class='ocrx_word' id='word_1_256' title='bbox 2124 3460 2224 3498; x_wconf 88' lang='lat' dir='ltr'><strong>tum</strong></span> <span class='ocrx_word' id='word_1_257' title='bbox 2257 3465 2284 3496; x_wconf 90' lang='lat' dir='ltr'><strong>a</strong></span> <span class='ocrx_word' id='word_1_258' title='bbox 2309 3446 2563 3512; x_wconf 74' lang='lat' dir='ltr'><strong>sapientia,</strong></span> <span class='ocrx_word' id='word_1_259' title='bbox 2589 3455 2692 3491; x_wconf 86' lang='lat' dir='ltr'><strong>tum</strong></span> <span class='ocrx_word' id='word_1_260' title='bbox 2721 3459 2754 3491; x_wconf 78' lang='lat' dir='ltr'><strong>a</strong></span> 
     </span>
     <span class='ocr_line' id='line_1_45' title="bbox 1734 3523 2756 3591; baseline -0.004 -18"><span class='ocrx_word' id='word_1_261' title='bbox 1734 3525 1982 3591; x_wconf 82' lang='lat' dir='ltr'><strong>diligentia</strong></span> <span class='ocrx_word' id='word_1_262' title='bbox 2017 3527 2277 3590; x_wconf 73' lang='lat' dir='ltr'><strong>studioque</strong></span> <span class='ocrx_word' id='word_1_263' title='bbox 2311 3524 2552 3574; x_wconf 65' lang='lat' dir='ltr'><strong>servanda</strong></span> <span class='ocrx_word' id='word_1_264' title='bbox 2579 3523 2756 3587; x_wconf 79' lang='lat' dir='ltr'><strong>pacis;</strong></span> 
     </span>
     <span class='ocr_line' id='line_1_46' title="bbox 1731 3604 2761 3665; baseline 0 -14"><span class='ocrx_word' id='word_1_265' title='bbox 1731 3606 1965 3653; x_wconf 81' lang='lat' dir='ltr'><strong>rationem</strong></span> <span class='ocrx_word' id='word_1_266' title='bbox 1985 3608 2156 3655; x_wconf 85' lang='lat' dir='ltr'><strong>rationi</strong></span> <span class='ocrx_word' id='word_1_267' title='bbox 2172 3641 2187 3665; x_wconf 89' lang='lat'><em>‚</em></span> <span class='ocrx_word' id='word_1_268' title='bbox 2208 3607 2361 3654; x_wconf 86' lang='lat' dir='ltr'><strong>metui</strong></span> <span class='ocrx_word' id='word_1_269' title='bbox 2382 3615 2555 3652; x_wconf 88' lang='lat' dir='ltr'><strong>metum</strong></span> <span class='ocrx_word' id='word_1_270' title='bbox 2570 3604 2761 3663; x_wconf 84' lang='lat' dir='ltr'><strong>juatio-</strong></span> 
     </span>
     <span class='ocr_line' id='line_1_47' title="bbox 1731 3685 2760 3750; baseline -0.001 -18"><span class='ocrx_word' id='word_1_271' title='bbox 1731 3699 1832 3732; x_wconf 85' lang='lat' dir='ltr'><strong>rem</strong></span> <span class='ocrx_word' id='word_1_272' title='bbox 1872 3688 2081 3750; x_wconf 84' lang='lat' dir='ltr'><strong>opponit</strong></span> <span class='ocrx_word' id='word_1_273' title='bbox 2102 3720 2117 3744; x_wconf 86' lang='lat'>,</span> <span class='ocrx_word' id='word_1_274' title='bbox 2153 3703 2216 3734; x_wconf 82' lang='lat' dir='ltr'><strong>ue</strong></span> <span class='ocrx_word' id='word_1_275' title='bbox 2247 3685 2486 3733; x_wconf 77' lang='lat' dir='ltr'><strong>alienetur</strong></span> <span class='ocrx_word' id='word_1_276' title='bbox 2515 3700 2542 3731; x_wconf 93' lang='lat' dir='ltr'><strong>a</strong></span> <span class='ocrx_word' id='word_1_277' title='bbox 2581 3694 2760 3731; x_wconf 78' lang='lat' dir='ltr'><strong>acuatu</strong></span> 
     </span>
     <span class='ocr_line' id='line_1_48' title="bbox 1731 3765 2763 3830; baseline -0.003 -17"><span class='ocrx_word' id='word_1_278' title='bbox 1731 3765 1910 3823; x_wconf 75' lang='lat' dir='ltr'><strong>Caeaar,</strong></span> <span class='ocrx_word' id='word_1_279' title='bbox 1932 3767 2017 3828; x_wconf 90' lang='lat' dir='ltr'><strong>qui</strong></span> <span class='ocrx_word' id='word_1_280' title='bbox 2041 3767 2405 3830; x_wconf 72' lang='lat' dir='ltr'><strong>potentissimus</strong></span> <span class='ocrx_word' id='word_1_281' title='bbox 2432 3774 2561 3821; x_wconf 85' lang='lat' dir='ltr'><strong>erat,</strong></span> <span class='ocrx_word' id='word_1_282' title='bbox 2590 3774 2638 3811; x_wconf 89' lang='lat' dir='ltr'><strong>et</strong></span> <span class='ocrx_word' id='word_1_283' title='bbox 2660 3765 2763 3811; x_wconf 81' lang='lat' dir='ltr'><strong>mi-</strong></span> 
     </span>
     <span class='ocr_line' id='line_1_49' title="bbox 1730 3842 2762 3908; baseline 0.001 -19"><span class='ocrx_word' id='word_1_284' title='bbox 1730 3842 1870 3890; x_wconf 83' lang='lat' dir='ltr'><strong>litum</strong></span> <span class='ocrx_word' id='word_1_285' title='bbox 1888 3878 1902 3902; x_wconf 93' lang='lat'>,</span> <span class='ocrx_word' id='word_1_286' title='bbox 1939 3844 2208 3908; x_wconf 83' lang='lat' dir='ltr'><strong>populique</strong></span> <span class='ocrx_word' id='word_1_287' title='bbox 2244 3844 2431 3890; x_wconf 85' lang='lat' dir='ltr'><strong>romani</strong></span> <span class='ocrx_word' id='word_1_288' title='bbox 2467 3843 2762 3891; x_wconf 79' lang='lat' dir='ltr'><strong>benivolen-</strong></span> 
     </span>
     <span class='ocr_line' id='line_1_50' title="bbox 1731 3921 2761 3988; baseline 0.003 -21"><span class='ocrx_word' id='word_1_289' title='bbox 1731 3921 1796 3968; x_wconf 82' lang='lat' dir='ltr'><strong>tia</strong></span> <span class='ocrx_word' id='word_1_290' title='bbox 1830 3922 1978 3970; x_wconf 74' lang='lat' dir='ltr'><strong>fretus</strong></span> <span class='ocrx_word' id='word_1_291' title='bbox 2009 3940 2176 3988; x_wconf 87' lang='lat' dir='ltr'><strong>pacem</strong></span> <span class='ocrx_word' id='word_1_292' title='bbox 2211 3923 2405 3971; x_wconf 84' lang='lat' dir='ltr'><strong>turbare</strong></span> <span class='ocrx_word' id='word_1_293' title='bbox 2444 3935 2641 3987; x_wconf 83' lang='lat' dir='ltr'><strong>poterat</strong></span> <span class='ocrx_word' id='word_1_294' title='bbox 2660 3957 2676 3982; x_wconf 89' lang='lat'>,</span> <span class='ocrx_word' id='word_1_295' title='bbox 2707 3933 2761 3971; x_wconf 85' lang='lat' dir='ltr'><strong>et</strong></span> 
     </span>
     <span class='ocr_line' id='line_1_51' title="bbox 1728 4001 2754 4065; baseline 0.004 -18"><span class='ocrx_word' id='word_1_296' title='bbox 1728 4002 2008 4065; x_wconf 69' lang='lat' dir='ltr'><strong>reipublicae</strong></span> <span class='ocrx_word' id='word_1_297' title='bbox 2024 4015 2202 4051; x_wconf 73' lang='lat' dir='ltr'><strong>statum</strong></span> <span class='ocrx_word' id='word_1_298' title='bbox 2220 4001 2439 4050; x_wconf 73' lang='lat' dir='ltr'><strong>funditus</strong></span> <span class='ocrx_word' id='word_1_299' title='bbox 2459 4002 2754 4051; x_wconf 81' lang='lat' dir='ltr'><strong>convellere.</strong></span> 
     </span>
     <span class='ocr_line' id='line_1_52' title="bbox 1727 4081 2762 4146; baseline 0.004 -20"><span class='ocrx_word' id='word_1_300' title='bbox 1727 4081 1898 4127; x_wconf 70' lang='lat' dir='ltr'><strong>Postea</strong></span> <span class='ocrx_word' id='word_1_301' title='bbox 1921 4092 2080 4129; x_wconf 79' lang='lat' dir='ltr'><strong>tamen</strong></span> <span class='ocrx_word' id='word_1_302' title='bbox 2098 4098 2207 4129; x_wconf 73' lang='lat' dir='ltr'><strong>suas</strong></span> <span class='ocrx_word' id='word_1_303' title='bbox 2224 4082 2366 4129; x_wconf 76' lang='lat' dir='ltr'><strong>affert</strong></span> <span class='ocrx_word' id='word_1_304' title='bbox 2389 4081 2628 4141; x_wconf 74' lang='lat' dir='ltr'><strong>rationes,</strong></span> <span class='ocrx_word' id='word_1_305' title='bbox 2648 4083 2762 4146; x_wconf 85' lang='lat' dir='ltr'><strong>qui-</strong></span> 
     </span>
     <span class='ocr_line' id='line_1_53' title="bbox 1727 4157 2575 4210; baseline 0.006 -5"><span class='ocrx_word' id='word_1_306' title='bbox 1727 4157 1819 4206; x_wconf 76' lang='lat' dir='ltr'><strong>bua</strong></span> <span class='ocrx_word' id='word_1_307' title='bbox 1840 4159 1923 4208; x_wconf 80' lang='lat' dir='ltr'><strong>ille</strong></span> <span class='ocrx_word' id='word_1_308' title='bbox 1943 4161 2159 4210; x_wconf 71' lang='lat' dir='ltr'><strong>consulis</strong></span> <span class='ocrx_word' id='word_1_309' title='bbox 2178 4161 2325 4210; x_wconf 81' lang='lat' dir='ltr'><strong>timor</strong></span> <span class='ocrx_word' id='word_1_310' title='bbox 2343 4160 2575 4210; x_wconf 81' lang='lat' dir='ltr'><strong>leniatur.</strong></span> 
     </span>
    </p>
   </div>
  </div>
 </body>
</html>
