2994 4778
801 504 2379 550 mmmmmmmfflmm

918 691 1027 759 IN
1087 680 1735 756 οΒΑΤιοΝΕΜ

491 858 803 965 PRO
875 851 1281 958 REGE
1357 839 2154 953 DEJOTARO

646 1063 1298 1142 scfloLIASTAE
1347 1055 2001 1131 AMBROSIAM

759 1230 1890 1337 COMMENTARIUS.

367 1572 423 1637 I.
477 1563 585 1636 Ad
621 1556 1104 1663 accusandum
1150 1551 1550 1623 dominum.

349 1693 658 1772 Dejotarus
679 1690 830 1748 enim
858 1684 1089 1744 trahens
1109 1679 1193 1761 (ι)
1221 1676 1376 1758 apud
1399 1680 1681 1735 Caesarem
1703 1670 2113 1750 suspicionem,
2140 1662 2299 1745 quod
2320 1663 2396 1722 ob

267 1794 537 1854 dolorem
579 1787 766 1846 amissi
806 1783 969 1861 regni
1006 1781 1195 1840 alieno
1244 1777 1436 1836 animo
1482 1784 1631 1831 esset
1681 1768 1947 1840 effectus,
1985 1749 2271 1845 purgandi
2311 1752 2402 1819 sui

266 1888 458 1971 gratia
492 1889 711 1964 legatos
744 1881 973 1940 miserat
1006 1881 1251 1936 Romam
1291 1873 1559 1941 Hieram,
1583 1879 1641 1925 et
1667 1865 2040 1935 Blesamium,
2081 1875 2141 1920 et
2162 1854 2396 1937 Astigoss

272 2007 415 2046 num
440 1982 557 2065 (a),
596 1979 807 2060 quibus
833 1994 1060 2035 servum
1101 1991 1269 2031 suum
1311 1966 1670 2043 Phidippum
1708 1960 1996 2021 medicum
2027 1956 2402 2034 adjunxerat:

271 2101 454 2162 quem
487 2101 521 2137 a
561 2075 804 2156 pedibus
833 2074 1153 2151 legatorum
1193 2066 1269 2126 ad
1294 2060 1720 2124 criminandum
1750 2076 1945 2137 regem
1977 2055 2185 2114 Castor
2221 2068 2403 2130 nepos

274 2183 555 2257 idemque
590 2185 888 2234 accusator
918 2167 1179 2229 abduxit.

382 2308 502 2375 111.
551 2296 911 2370 Afflictum
956 2290 1156 2361 illum
1196 2282 1632 2384 quibusdam
1667 2272 2167 2350 incommodis.
2228 2354 2237 2361 ‚

365 2434 518 2486 Bene
546 2423 750 2483 minuit
776 2418 1048 2498 injuriam
1086 2413 1246 2492 regni
1275 2408 1625 2479 amissionis,
1664 2404 1826 2481 cujus
1862 2422 1995 2462 eum
2023 2405 2214 2459 Caesar
2246 2408 2410 2475 parte

280 2527 634 2608 multaverat
665 2519 746 2600 (3)
784 2541 797 2575 t
846 2536 964 2595 quo
1000 2509 1369 2572 extenuando
1410 2505 1570 2585 quod
1606 2522 1806 2584 passus
1845 2514 1997 2572 erat,
2033 2497 2315 2557 adimeret
2355 2494 2413 2549 in

282 2628 569 2685 Caesarem
586 2618 731 2697 justi
750 2633 978 2674 causam
1002 2608 1249 2680 doloris,
1270 2627 1341 2664 ex
1368 2624 1481 2684 qua
1506 2600 1724 2661 insidiae
1746 2591 2152 2677 potuerant(4)
2173 2589 2413 2650 oboriri.

388 2758 506 2825 IV.
551 2755 991 2822 Ornamenta
1029 2758 1107 2813 tu
1143 2743 1294 2838 ipse
1329 2737 1638 2836 plurima
1677 2746 1747 2802 et
1784 2730 2112 2800 maxima.

374 2895 506 2951 Non
532 2901 648 2960 est,
681 2885 868 2963 inquit
887 2928 903 2956 ,
925 2877 1250 2939 mirandum
1277 2888 1501 2946 tantum
1532 2867 1888 2929 auctoritatis
1916 2861 2212 2923 habuissse
2238 2859 2415 2917 Pom-

291 2990 494 3074 peium
515 3031 530 3055 ,
586 2986 686 3063 qui
748 3001 926 3061 quum
984 2976 1192 3035 divinis
1249 2971 1604 3051 praecelleret
1652 2961 2033 3028 ornamentis,
2086 2958 2255 3016 etiam
2307 2954 2419 3011 tuis

290 3094 597 3147 instructus
624 3096 725 3140 est.
751 3078 894 3137 Vult
922 3088 1111 3135 autem
1142 3068 1414 3146 intelligi,
1443 3064 1603 3143 quod
1631 3082 1763 3121 eum
1787 3065 1975 3118 Caesar
2005 3055 2083 3114 ob
2114 3066 2202 3112 tot
2221 3068 2420 3109 exem-

295 3186 397 3265 pla
427 3180 658 3241 virtutis
696 3174 974 3252 delegerit
1017 3185 1307 3249 generum.
1357 3169 1711 3224 ornamenta
1754 3158 1930 3237 igitur
1975 3154 2037 3212 in
2080 3148 2421 3226 Pompeium

297 3282 509 3341 collata
526 3322 543 3350 ,
583 3275 698 3334 filia
726 3271 962 3333 Caesaris
989 3262 1356 3342 intelligenda
1382 3272 1469 3318 est
1489 3258 1594 3335 (5).

374 3442 450 3506 (ι)
477 3440 666 3500 Nempe
692 3430 1003 3481 contrahens.
1038 3428 1116 3476 Sic
1143 3424 1275 3488 apud
1312 3422 1417 3471 Cio.
1463 3414 1681 3481 Philipp.
1734 3417 1835 3471 111,
1882 3414 1955 3460 6:
1989 3431 2015 3454 u
2052 3410 2337 3472 Cognomn
2362 3417 2426 3450 ex

301 3521 596 3576 contumelia
621 3517 779 3568 tramit
795 3539 819 3559 ι
843 3526 1048 3576 ,nempe
1071 3506 1339 3557 contraxit.
1367 3508 1430 3554 Et
1457 3502 1606 3549 Ovid.
1638 3504 1763 3548 Fan.
1794 3500 1847 3554 1,
1873 3493 2005 3543 haud
2034 3490 2209 3558 procul
2236 3506 2264 3538 a
2290 3487 2388 3536 fine
2413 3502 2426 3534 :

306 3630 335 3651 ι-
361 3607 449 3655 Ille
459 3603 758 3655 Numantina
778 3597 927 3648 traxit
947 3595 1009 3644 ab
1029 3593 1150 3643 urbe
1167 3601 1334 3640 notam
1355 3610 1399 3639 ι.
1419 3589 1610 3651 Nempe
1626 3584 1710 3632 ille
1724 3580 1745 3649 (
1759 3581 1925 3645 Scipio
1941 3575 2249 3635 AEmiliannn)
2265 3570 2427 3634 splen·

307 3690 480 3739 dorem
506 3704 533 3734 a
562 3684 822 3736 Numantia
848 3677 1118 3729 conv-axia
1150 3676 1215 3724 A.
1237 3676 1313 3723 Μ.

380 3769 456 3835 (2)
497 3773 570 3816 Ita
606 3769 720 3818 eod.
747 3765 1033 3830 Astigomam
1075 3762 1128 3808 in
1173 3757 1362 3805 scholio
1385 3789 1402 3816 ,
1435 3765 1484 3801 et
1506 3750 1706 3800 inferius
1726 3783 1741 3805 ‚
1790 3762 1897 3809 cap.
1942 3745 2033 3801 15,
2072 3739 2338 3803 Artigomu
2378 3736 2428 3782 in

316 3865 480 3903 textu.
499 3853 563 3899 A.
587 3851 658 3897 M.

382 3934 457 4000 (3)
486 3935 544 3982 ld
569 3942 769 3981 testatur
791 3932 961 3979 Cicero
989 3927 1049 3975 de
1074 3923 1416 3980 Divinatione,
1439 3922 1488 3971 1.
1537 3919 1618 3974 ὥς
1651 3918 1698 3962 11
1715 3949 1729 3971 ,
1752 3915 1836 3973 37.
1858 3913 1919 3959 A.
1937 3911 2009 3959 M.

384 4021 464 4079 (4)
491 4017 618 4067 Cod.
635 4023 882 4078 potorum.
912 4017 972 4060 A.
1007 4012 1079 4057 M.

386 4099 463 4165 (5)
488 4101 676 4163 Nempe
701 4098 862 4156 Iulia,
883 4113 1027 4159 quam
1051 4097 1212 4145 Caesar
1242 4093 1334 4140 Cn.
1363 4085 1597 4147 Pompeio
1619 4078 1893 4128 collocavit.
1924 4074 2052 4122 vide
2074 4070 2359 4121 Suetonium
2385 4069 2432 4118 iu

317 4190 525 4242 Caesare,
548 4200 634 4231 ax.
666 4185 726 4231 A.
753 4183 822 4228 M.
