2994 4778
596 442 735 515 290
1230 417 1327 484 M.
1377 417 1452 481 Τ.
1508 413 2055 485 elcERole

593 555 784 612 stum
812 535 842 583 ³
887 552 959 610 et
1010 536 1386 609 indictum.
1440 534 1621 606 Mihi
1679 537 1814 632 ipsi
1876 536 2178 606 omnino
2240 531 2718 631 perhonorifi-

591 675 792 738 cum,
826 649 1212 721 discessum
1246 671 1488 718 meum
1528 643 1748 717 funus
1774 645 1914 716 dici
1947 643 2377 742 reipublicae.
2412 642 2718 740 Reliqua

593 784 742 831 non
791 756 1289 854 reprehendo;
1331 754 1454 826 sed
1495 755 1672 828 mihi
1725 754 1814 826 ad
1861 756 1969 839 id,
2031 754 2233 852 quod
2282 757 2566 839 sentiO‚
2617 778 2716 823 as·

591 894 822 941 sumo.
867 873 1080 955 Nam,
1124 869 1182 937 si
1227 863 1406 936 illud
1444 866 1609 960 jure
1648 879 1982 962 rogatum
2020 863 2260 936 dicere
2309 865 2466 933 ausi
2504 876 2714 946 sunt,

592 977 795 1077 quod
845 976 1048 1048 nullo
1098 973 1432 1073 exemplo
1481 972 1638 1045 fieri
1697 975 1968 1070 potuit,
2021 973 2216 1044 nulla
2268 972 2427 1069 lege
2476 972 2720 1057 licuit,

593 1093 765 1188 quia
818 1111 1035 1158 nemo
1090 1084 1181 1157 de
1227 1084 1399 1156 caelo
1444 1098 1802 1155 servarat:
1853 1081 2156 1154 oblitine
2196 1086 2478 1166 erant⁴‚
2527 1096 2716 1170 tum,

593 1224 822 1298 quum
865 1197 1021 1283 ille,
1065 1196 1192 1293 qui
1232 1193 1306 1265 id
1354 1207 1633 1292 egerat,
1677 1192 2001 1291 plebeius
2049 1206 2155 1263 est
2199 1188 2402 1287 lege⁵
2449 1191 2717 1261 curiata

594 1306 859 1392 factm,
916 1306 1053 1378 dici
1108 1306 1199 1377 de
1255 1305 1428 1377 caelo
1497 1329 1654 1377 esse
1691 1305 2100 1377 servatum?
2135 1307 2261 1402 qui
2300 1306 2364 1376 si
2393 1303 2717 1402 plebeius

594 1420 895 1492 omnino
937 1441 1091 1488 esse
1135 1441 1284 1487 non
1337 1418 1615 1513 potuit,
1665 1419 1793 1513 qui
1834 1414 2175 1487 tribunus
2211 1414 2443 1512 plebis
2481 1415 2716 1513 potuit

592 1529 790 1603 esse?
821 1541 892 1599 et
913 1582 934 1615 ,
961 1527 1168 1619 cujus
1194 1523 1609 1597 tribunatus
1635 1526 1699 1597 si
1723 1540 1919 1598 ratus
1955 1540 2094 1612 est,
2123 1525 2307 1596 nihil
2333 1539 2480 1613 est,
2517 1523 2718 1623 quod

591 1642 873 1710 irritum
931 1662 1021 1707 ex
1073 1637 1247 1707 actis
1291 1637 1581 1707 Caesaris
1619 1637 1844 1734 possit
1879 1660 2068 1723 esse;
2104 1636 2261 1732 ejus
2290 1660 2442 1706 non
2486 1635 2721 1707 solum

589 1744 1000 1817 tribunatus
1071 1759 1267 1815 ratus
1293 1741 1327 1788 ⁶
1353 1798 1373 1830 ‚
1429 1742 1557 1816 sed
1619 1748 1831 1816 etiam
1891 1746 2514 1843 perniciosissimae
2569 1770 2720 1833 res,

594 1856 1075 1952 auspiciorum
1150 1854 1499 1951 religione
1563 1869 1980 1928 conservata
2010 1910 2030 1943 ‚
2088 1854 2250 1950 jure
2308 1855 2470 1927 latae
2530 1853 2720 1928 vide·

596 1962 915 2036 buntur?

693 2075 933 2164 Quare
985 2088 1112 2145 aut
1162 2073 1369 2145 vobis
1418 2073 1883 2146 statuendum
1934 2088 2084 2162 est,
2131 2073 2368 2171 legem
2391 2087 2417 2132 ⁷
2475 2074 2721 2146 AEliam

600 2208 933 2272 manere,
979 2182 1212 2279 legem
1267 2178 1588 2255 Fufiam⁸
1638 2208 1788 2255 non
1850 2208 2005 2256 esse
2054 2182 2512 2282 abrogatam,
2569 2208 2722 2253 non

600 2292 941 2364 omnibus
979 2289 1173 2364 fastis
1225 2293 1455 2391 legem
1493 2290 1663 2364 ferri
1704 2293 1955 2380 licere3
2002 2318 2232 2391 quum
2275 2294 2394 2365 lex
2434 2291 2724 2377 feratur,

602 2404 693 2476 de
742 2403 916 2475 caelo
963 2404 1260 2490 servari,
1315 2402 1736 2476 obnuntiari
1747 2416 1804 2490 ⁹,
1858 2402 2207 2476 intercedi
2254 2403 2518 2490 licere3
2572 2428 2727 2474 cen-

667 2657 722 2706 3.
746 2653 1014 2721 Sedfunus
1032 2655 1235 2720 justum.
1265 2652 1350 2703 Ad
1374 2655 1612 2704 catonem

596 2745 807 2801 apoctat,
851 2744 908 2781 nt
953 2734 1185 2797 anapicari
1230 2731 1365 2781 libet.
1414 2733 1614 2781 Catari·

1698 2652 1912 2713 flebant,
1946 2665 2150 2719 propter
2177 2670 2429 2703 naeromm
2457 2664 2717 2702 eommun-

1699 2733 1905 2782 tionem.
1924 2735 1999 2781 De
2023 2732 2101 2780 his
2129 2732 2286 2781 multo
2322 2733 2466 2797 plura
2495 2732 2622 2781 dixit
2645 2733 2716 2782 G-

595 2816 726 2878 legee
738 2814 847 2879 jure
867 2812 989 2859 latas
1008 2811 1233 2873 negabat,
1258 2820 1306 2857 et
1329 2821 1489 2858 tamen
1510 2826 1613 2876 pm

595 2893 767 2942 euteria
794 2889 1022 2940 Clodium
1045 2904 1158 2936 vere
1184 2887 1431 2936 tribunum
1454 2888 1614 2953 plebis

599 2972 771 3032 ful-m,
801 2980 851 3017 et
880 2983 1206 3033 quascumque
1237 2966 1365 3030 leges
1395 2967 1613 3027 tulisset,

599 3048 910 3116 quantumvis
938 3047 1139 3109 injustas
1155 3080 1170 3104 ,
1190 3047 1299 3109 jure
1324 3046 1443 3094 latas
1464 3046 1612 3094 fuine

598 3126 945 3185 contendebat3
964 3125 1077 3190 quia
1095 3124 1320 3173 videlicet
1341 3125 1382 3172 ai
1398 3125 1614 3173 trihuna·

597 3217 675 3255 tua
688 3206 851 3257 Clodii
870 3203 1238 3263 rescinderetur,
1253 3204 1449 3252 rescia-a
1467 3205 1613 3253 etiam

595 3286 762 3334 suia-et
788 3284 869 3332 illa
896 3284 1061 3333 Clodii
1094 3284 1312 3355 rogatio,
1344 3300 1440 3349 qna
1470 3299 1613 3347 roga·

598 3363 730 3411 tione
771 3364 895 3411 Cato
929 3364 1150 3427 praetoria
1179 3363 1404 3425 nomine,
1439 3364 1612 3411 missua

596 3450 667 3489 est
687 3441 740 3487 in
760 3439 962 3487 insulam
980 3440 1199 3503 Cyprum
1217 3438 1280 3486 ad
1297 3441 1613 3504 asportanda·

594 3518 826 3584 pecunias
838 3517 963 3579 regia
982 3516 1258 3573 Ptolemaei‚
1278 3527 1326 3564 ct
1344 3518 1612 3568 faciendam

482 3648 487 3653 ,
594 3597 838 3645 bonorum
855 3595 961 3655 cjua
976 3594 1274 3641 auctionem.

666 3682 717 3732 4.
752 3671 961 3720 oblitine
985 3682 1141 3720 crant.
1170 3674 1228 3718 ln
1253 3670 1330 3719 hi·
1356 3688 1611 3737 argumen-

600 3767 729 3805 tatur
753 3753 924 3801 Cicero
958 3750 1021 3798 ad
1050 3751 1296 3799 hominem
1311 3788 1328 3815 ,
1359 3763 1418 3802 ut
1441 3752 1610 3818 aiunt,

596 3845 644 3883 et
665 3851 728 3882 ex
749 3829 1010 3880 concutis.

670 3913 717 3962 5.
754 3914 877 3974 Lege
901 3908 1113 3957 curiata.
1150 3912 1209 3958 P.
1238 3910 1442 3960 Clodius
1463 3911 1616 3975 patri-

599 3991 703 4039 cius
725 4005 750 4037 a
780 3990 839 4038 C.
864 3987 1068 4036 Fonteio
1092 3987 1283 4052 plebeio
1309 3988 1507 4038 homine
1527 3989 1614 4037 ad·

598 4080 792 4136 optatus
838 4078 929 4116 est.
971 4066 1279 4131 Adoptiones
1321 4080 1481 4118 antem
1519 4083 1613 4133 pro

596 4149 805 4216 collegio
821 4143 1113 4213 pontificum
1123 4145 1175 4195 in
1192 4148 1402 4197 comitisa
1417 4146 1615 4196 curiatis

1700 2827 1813 2859 cero
1838 2812 1890 2858 in
1909 2822 2059 2860 oratt.
2081 2822 2193 2875 post
2212 2811 2380 2861 Redit.
2399 2814 2600 2876 panim.

1770 2891 1821 2939 6.
1852 2889 2005 2938 Abeat
2022 2902 2174 2939 ratus.
2202 2891 2333 2939 LV.
2359 2893 2413 2940 1..

1770 2986 1818 3031 7.
1861 2972 2033 3034 Legem
2067 2971 2270 3019 AEliam.
2308 2973 2379 3020 Ut
2415 2988 2521 3037 quo
2556 2971 2632 3020 die
2655 2970 2716 3017 de

1698 3048 2072 3098 coeloaervatnm
2087 3049 2712 3117 enet,agerccumpopnlo

1699 3142 1804 3176 non
1827 3126 2010 3176 liceret.

1771 3207 1818 3254 8.
1864 3208 2036 3271 Legem
2081 3204 2284 3273 Fufiam.
2332 3209 2451 3255 Lata
2495 3209 2637 3255 fuant
2674 3220 2704 3251 a

1697 3284 1898 3341 consule
1922 3284 2162 3345 Evado,
2184 3302 2225 3335 ι.
2242 3284 2406 3345 Fufio,
2424 3287 2626 3345 an.617,
2649 3294 2709 3331 ut

1697 3363 1844 3412 certia
1871 3362 2072 3420 diebus,
2100 3364 2185 3426 qui
2211 3374 2374 3412 tamen
2398 3365 2505 3415 fanti
2524 3373 2672 3412 ment
2689 3397 2706 3421 ‚

1697 3442 1776 3506 agi
1794 3457 1904 3489 cum
1920 3440 2110 3505 populo
2126 3456 2227 3489 non
2246 3441 2444 3493 liceret.
2470 3446 2583 3506 Qnae
2599 3441 2709 3487 dnae

1696 3518 1827 3583 leges
1835 3520 2078 3583 sapienter
2093 3536 2119 3567 a
2137 3521 2422 3570 consulibus
2437 3521 2706 3584 excogitate

1698 3609 1832 3656 eunt,
1852 3614 1915 3646 ne
1935 3597 2152 3646 seditiosi
2170 3598 2357 3647 tribuni
2375 3600 2534 3665 plebis
2554 3600 2703 3663 legun

1698 3675 2008 3725 multitudine
2043 3677 2206 3725 turbas
2232 3679 2285 3725 in
2309 3679 2556 3743 republica
2586 3692 2703 3724 eon·

1698 3755 1920 3804 citarent.
1940 3756 2032 3802 Eas
2048 3764 2208 3802 antem
2226 3755 2432 3804 Clodiua
2452 3755 2700 3817 abrogavit.

1772 3850 1821 3897 9.
1859 3832 2168 3883 Obnantian‘.
2196 3835 2509 3897 Magistratus
2540 3834 2618 3897 qni
2642 3830 2705 3878 de

1703 3912 1822 3961 eoelo
1867 3912 2087 3961 servabat
2102 3946 2118 3970 ,
2169 3913 2460 3961 obnuntiare
2493 3920 2708 3977 potent3

1699 4006 1852 4054 augur
1889 3990 2042 4038 oolam
2083 3992 2431 4054 spectationem
2448 4028 2463 4050 ‚
2498 3992 2573 4051 im
2604 3986 2712 4034 olt-

1699 4069 1955 4118 nuntiandi
1979 4084 2080 4115 non
2105 4067 2333 4118 habebat.
2355 4097 2427 4110 --
2451 4064 2707 4118 Intendi-

1698 4146 1780 4196 Ab
1794 4147 1958 4214 aliquo
1971 4145 2169 4196 tribuno
2181 4147 2359 4212 plebia.
2379 4151 2490 4198 Duo
2501 4145 2720 4211 legistam
