2994 4778
668 427 1059 496 oRA‘rlo
1111 428 1309 495 PRo
1357 429 1453 494 Μ.
1506 429 1895 497 COELIO,
2189 455 2327 527 209

221 545 655 645 quibusdam
707 545 920 618 bonis
968 545 1439 619 instructum⁵
1484 562 1700 644 atque
1750 563 2079 621 ornatum
2122 568 2324 649 puto.

225 661 334 727 Ex
369 656 503 726 hoc
537 680 803 752 genere
843 655 998 725 illos
1035 653 1246 727 fuisse
1282 655 1613 742 arbitror,
1658 657 2031 745 Camillos,
2083 660 2325 731 Fabri-

228 767 412 849 cios,
461 768 763 852 CuriOS,
818 789 1212 861 omnesque
1272 791 1429 855 eoS,
1489 766 1618 862 qui
1673 765 1821 836 haec
1881 792 1967 838 ex
2019 770 2326 842 minimis

225 870 466 943 tanta⁶
521 871 872 944 fecerunt.
944 877 1210 943 Verum
1264 875 1418 945 haec
1474 898 1735 971 genera
1783 880 2125 947 virtutum
2177 905 2327 951 non

220 983 451 1053 solum
505 987 582 1053 in
639 982 961 1053 moribus
1014 986 1310 1071 nostris,
1359 983 1482 1055 sed
1526 985 1639 1054 vix
1677 986 1824 1077 jam
1864 986 1937 1054 in
1984 985 2184 1057 libris
2225 1013 2330 1059 re-

218 1091 623 1186 periuntur.
675 1090 950 1160 Chartae
986 1116 1285 1188 quoque
1301 1104 1355 1176 ⁷,
1396 1116 1555 1187 quae
1598 1092 1789 1163 illam
1825 1095 2193 1190 pristinam
2231 1122 2335 1169 se-

216 1201 592 1270 veritatem
643 1198 1158 1285 continebant,
1218 1200 1762 1287 obsoleverunt3
1816 1227 2052 1300 neque
2099 1206 2333 1277 solum

217 1307 413 1406 apud
476 1333 650 1397 nos,
704 1311 832 1405 qui
893 1307 1080 1379 hanc
1135 1325 1396 1380 sectam
1456 1311 1950 1407 rationemque
2003 1314 2201 1401 vitae‚
2256 1340 2334 1386 re

219 1419 442 1514 magis
463 1470 485 1505 ,
510 1441 730 1514 quam
766 1415 999 1488 verbis
1020 1470 1040 1505 ,
1072 1419 1359 1513 sequuti
1392 1441 1639 1489 sumus
1656 1412 1712 1501 ⁸,
1748 1418 1875 1490 sed
1902 1423 2113 1491 etiam
2142 1422 2336 1521 apud

218 1530 546 1611 GraecOS‚
588 1525 1039 1597 doctissimos
1075 1526 1447 1597 homines:
1493 1527 1795 1624 quibus,
1837 1554 2062 1625 quum
2103 1530 2333 1604 facere

219 1661 370 1707 non
415 1649 747 1734 possent,
808 1635 1008 1731 loqui
1064 1650 1304 1709 tamen
1324 1648 1380 1722 9,
1435 1651 1506 1706 et
1555 1636 1865 1708 scribere
1918 1639 2218 1713 honeste
2263 1658 2334 1714 et

143 1791 148 1795 ·
219 1744 596 1844 magnifice
628 1742 903 1815 licebat.
941 1744 1091 1814 Alia
1124 1744 1484 1841 quaedam,
1518 1747 1804 1817 mutatis
1843 1752 2128 1820 Graeciae
2157 1765 2333 1821 tem-

218 1854 554 1951 poribus,
595 1866 944 1951 praecepta
982 1855 1423 1924 exstiterunt.
1475 1858 1726 1951 Itaque
1786 1856 1901 1926 alii
1946 1860 2330 1956 voluptatis

220 1986 423 2034 causa
445 1972 514 2005 ¹⁰
556 1962 796 2031 omnia
847 1965 1200 2058 sapientes
1250 1960 1482 2033 facere
1531 1963 1910 2051 dixerunt3
1953 1992 2191 2063 neque
2237 1968 2328 2041 ab

223 2071 344 2143 hac
409 2072 758 2143 orationis
829 2070 1272 2167 turpitudine
1342 2072 1602 2142 eruditi
1668 2073 1997 2147 homines
2050 2076 2329 2176 refuge-

221 2196 403 2252 runt.
439 2181 581 2253 Alii
619 2205 785 2252 cum
821 2181 1180 2278 voluptate
1208 2179 1622 2275 dignitatem
1652 2190 1708 2225 ¹¹
1749 2184 2326 2281 conjungendam

1317 2397 1524 2460 quisque
1552 2398 1705 2446 faeere
1729 2414 1872 2462 quam
1899 2399 2078 2450 dicere.
2098 2435 2111 2448 .
2133 2437 2146 2451 .
2178 2379 2325 2452 mule·

1313 2474 1395 2522 bat
1416 2497 1456 2523 n.
1489 2477 1606 2523 Non
1642 2479 1846 2535 mirum;
1871 2480 2053 2544 quippe
2087 2490 2190 2528 tum
2217 2485 2326 2531 Ro-

299 2403 344 2447 ⁵.
373 2398 550 2447 Divinis
579 2396 868 2462 quibusdam
893 2399 1030 2446 bonis
1055 2398 1229 2446 inseru-

223 2488 369 2524 etum.
396 2478 565 2525 Similis
590 2476 811 2540 qnaedsm
836 2488 907 2524 est
932 2476 991 2524 de
1020 2477 1227 2525 amicitis

221 2555 448 2602 sententia
465 2558 515 2603 in
532 2555 649 2603 Lael.
668 2571 779 2619 cap.
806 2556 895 2603 18:
921 2576 944 2597 ι
961 2556 1060 2616 Qui
1079 2556 1227 2619 igitur

219 2634 502 2697 utraque-‘in
539 2649 591 2680 re
637 2648 859 2696 gravem,
894 2644 1225 2694 constantem,

215 2710 428 2759 stabilem
476 2729 530 2758 se
571 2713 625 2758 in
670 2711 879 2759 amicitia
918 2711 1194 2776 praestiterit
1209 2745 1225 2772 ,

213 2789 344 2837 hunc
359 2806 421 2838 ex
435 2791 645 2838 mxime
661 2805 770 2836 raro
785 2790 1038 2837 hominum
1056 2805 1226 2852 genere

203 2868 423 2928 iudicare
454 2868 685 2918 dehemus
703 2900 721 2926 ‚
753 2878 800 2915 et
826 2883 961 2932 poene
991 2867 1157 2915 divino
1178 2891 1223 2917 a.

207 2949 375 2995 Unum
403 2960 503 2995 erat
533 2946 763 3012 placitum
795 2947 1085 3004 Stoicorum,
1102 2946 1224 2994 divi·

187 3031 325 3072 mum
358 3025 502 3090 plane
528 3036 574 3072 et
600 3025 691 3072 hac
715 3035 851 3089 parte
876 3024 1185 3072 christianum
1207 3041 1221 3074 ε

202 3104 397 3151 nemini
415 3102 589 3151 bonam
613 3113 820 3151 mentem
842 3103 944 3151 sine
970 3103 1049 3150 dei
1072 3102 1222 3152 bene-

202 3177 320 3230 flcio
368 3182 663 3245 contingere.
707 3185 916 3240 Senem,
954 3181 1094 3246 epist.
1121 3195 1220 3230 10:

199 3283 224 3302 ι
241 3263 495 3309 Votorum
522 3273 713 3310 tuorum
743 3272 959 3310 veterum
989 3259 1102 3308 licet
1129 3261 1223 3308 diis

198 3342 409 3400 gutiam
435 3339 609 3399 facian
634 3340 727 3387 alin
753 3338 929 3403 (vote)
953 3337 1012 3385 de
1035 3340 1223 3401 integro

197 3420 422 3481 πιείρας
445 3433 558 3481 roga
582 3409 762 3467 bonnm
783 3428 1018 3478 mentem,
1043 3415 1222 3464 bonam

197 3495 517 3544 valitudinem
538 3498 713 3555 animi,
748 3497 920 3544 deinde
942 3496 1159 3559 corporis
1175 3518 1219 3545 n.

263 3577 317 3623 6.
339 3576 466 3623 Hac
482 3592 547 3624 ea·
565 3575 775 3624 meinimis
798 3587 958 3624 tanea.
979 3575 1223 3625 Ciceronis

191 3651 441 3717 loquendi
464 3655 640 3703 modus
660 3693 674 3715 ‚
705 3655 758 3703 id
783 3666 879 3713 est,
902 3655 1027 3702 hanc
1055 3654 1222 3701 urbem

192 3746 256 3778 ex
280 3734 486 3780 minima
508 3745 688 3781 tanum
713 3733 944 3780 feceruut.
1007 3725 1010 3728 ¹
1043 3745 1048 3750 ·

267 3827 316 3871 7.
347 3810 551 3859 &arta
568 3828 777 3876 quoque.
795 3812 887 3857 Per
904 3810 1219 3874 hyperbolem

184 3889 419 3936 ostendit
443 3906 588 3953 quam
613 3890 802 3955 pridem
821 3881 1028 3936 Romani
1045 3889 1107 3937 ab
1129 3889 1218 3936 hac

180 3968 397 4031 antiqua
420 3984 614 4017 morum
632 3970 863 4033 gravitate
887 3967 1160 4016 defecerint.

253 4048 308 4095 8.
345 4050 425 4094 Re
445 4047 600 4111 magis
615 4084 632 4108 ,
659 4062 809 4111 quam
826 4037 1010 4104 veihis,
1033 4043 1226 4110 sequuti

178 4142 376 4174 maus.
424 4123 677 4173 Sallustius
705 4126 757 4172 in
783 4123 923 4174 Cutil.
956 4146 980 4165 ο·
999 4124 1222 4189 Optimus

390 4209 490 4275 V.
560 4224 649 4270 Q'e.
674 4240 784 4285 pars
806 4223 1010 4270 secunda.

1311 2555 1440 2603 mni
1475 2556 1667 2620 penitus
1722 2567 1858 2605 eraut
1900 2559 2044 2605 rudes
2085 2569 2134 2606 et
2169 2561 2326 2608 omnis

1309 2632 1597 2680 eruditionis
1642 2643 1884 2698 expertes.
1927 2633 2137 2682 Ovidius
2181 2637 2322 2686 tertio

1311 2713 1557 2759 Fatorum
1582 2726 1596 2760 ε
1625 2732 1650 2752 ι-
1668 2711 1767 2774 Qui
1801 2710 1926 2758 bene
1968 2711 2217 2775 pugnabat
2245 2729 2324 2761 ro·

1307 2805 1493 2837 msnsm
1536 2801 1738 2838 noverat
1773 2800 1954 2848 artem;
1998 2792 2193 2840 Mittere
2236 2794 2321 2856 qui

1306 2878 1495 2931 poterat
1520 2869 1644 2933 pila,
1668 2868 1872 2917 disertus
1896 2879 1997 2917 erat
2015 2891 2059 2916 n.

1376 2959 1425 3008 9.
1457 2947 1611 3008 Quum
1627 2945 1801 3011 [σορκ
1825 2963 1923 2994 non
1943 2959 2161 3010 possent,
2188 2947 2327 3011 loqui

1308 3034 1487 3071 tamen.
1522 3025 1691 3073 (ἔωσι
1728 3025 1929 3072 historia
1969 3026 2192 3076 Ciceroni
2228 3026 2318 3075 sd-

1307 3113 1539 3150 versatur.

1382 3195 1458 3227 10.
1508 3180 1613 3228 Alii
1631 3180 1896 3244 voluptatis
1926 3196 2092 3228 causa.
2127 3181 2320 3231 scillcet

1303 3258 1547 3322 Epicurei.
1576 3258 1793 3305 Laertius
1820 3257 2028 3305 illustres
2054 3259 2318 3323 Epicureos

1305 3354 1407 3385 non
1429 3352 1610 3401 pancos
1635 3349 1897 3386 enumerat.

1380 3432 1400 3462 ι
1416 3432 1458 3463 1.
1482 3415 1588 3463 Alii
1604 3431 1710 3463 cum
1734 3415 1988 3480 voluptate
2012 3414 2315 3482 dignitatem.

1305 3493 1372 3540 Ut
1412 3494 1666 3558 Callipho,
1703 3494 1790 3556 qui
1823 3494 1897 3541 ad
1926 3493 2153 3543 virtutem
2195 3494 2323 3545 nihil

1304 3570 1549 3633 adjunxit,
1578 3570 1673 3618 nisi
1694 3572 2019 3637 voluptatem5
2037 3573 2283 3622 Diodorus
2299 3607 2313 3628 ‚

1305 3649 1414 3698 nisi’
1433 3651 1734 3698 'voc-uitatem
1778 3650 1971 3699 doloris.
2027 3650 2199 3699 Cicero
2256 3652 2316 3700 de

1305 3729 1470 3776 Finib.
1484 3751 1509 3770 οι
1520 3729 1673 3776 Tacui
1689 3729 1950 3792 Epicurum
1985 3728 2044 3776 de
2061 3729 2314 3788 industris,

1307 3810 1422 3871 quia
1444 3807 1642 3855 dubium
1674 3817 1774 3866 est,
1798 3807 1926 3871 'qnid
1952 3808 2148 3855 nomine
2174 3808 2315 3855 volu·

1306 3886 1452 3951 ptatis
1472 3885 1708 3946 intelligat
1725 3906 1769 3931 n.
1798 3888 1973 3934 Seneca
1993 3918 2008 3943 ,
2051 3887 2189 3948 epist.
2215 3887 2276 3933 83
2298 3902 2311 3935 :

1307 3987 1331 4006 .-
1346 3964 1583 4027 Epicurus
1608 3978 1800 4026 quoqne
1823 3963 2026 4024 judicat,
2039 3979 2188 4027 quum
2214 3966 2313 4012 vir·

1309 4053 1460 4092 tutem
1482 4040 1654 4089 habeat
1668 4075 1682 4099 ,
1710 4031 1896 4090 beatum
1914 4057 2043 4102 esse;
2061 4042 2144 4089 sed
2164 4044 2315 4106 ipsam

1309 4122 1533 4171 virtutem
1582 4134 1681 4167 non
1722 4121 1835 4167 sstis
1877 4135 1977 4167 esse
2020 4120 2083 4166 ad
2128 4121 2315 4167 besum

1997 4208 2077 4286 14
