2994 4778
735 441 1121 508 ORATIO
1172 441 1373 508 PRO
1422 442 1520 508 M.
1575 442 1953 510 COELIO.
2270 444 2405 540 237

388 563 590 633 Dicta
623 575 735 634 est
768 585 810 632 a
841 566 965 631 ‘me
998 584 1242 647 causa,
1273 558 1586 654 judices,
1621 575 1694 631 et
1731 578 2074 657 perorata.
2106 570 2262 637 Jam
2297 568 2410 638 in-

292 671 632 768 telligitis,
689 685 1048 768 quantum
1096 669 1447 765 judicium
1502 671 1942 756 sustineatis,
1990 690 2256 768 quanta
2298 703 2414 751 res

291 784 379 851 sit
415 784 796 853 commissa
837 778 1064 851 vobis.
1106 784 1214 851 De
1252 781 1322 848 vi
1367 780 1778 875 quaeritiso:
1825 805 1986 876 quae
2018 781 2131 852 lex
2166 784 2256 855 ad
2288 788 2413 856 im·

287 891 566 988 perium
589 944 609 977 ,
647 888 738 963 ad
777 890 1248 982 majestatem,
1276 886 1365 958 ad
1396 902 1659 959 statum
1689 891 1965 984 patriae,
1992 890 2080 961 ad
2112 893 2409 967 salutem
2500 950 2505 957 .

280 1003 614 1070 omnium
658 1003 1009 1096 pertinet;
1055 1022 1270 1094 quam
1309 995 1536 1094 legem
1576 1002 1663 1088 Q.
1696 999 1993 1071 Catulus
2016 1009 2105 1087 ¹⁰,
2143 1021 2410 1078 armata

278 1107 734 1180 dissensione
776 1112 1079 1194 civium,
1130 1105 1539 1205 reipublicae
1596 1132 1796 1205 paene
1848 1115 2183 1184 extremis
2225 1130 2410 1186 tem-

278 1218 696 1316 poribus¹¹,
732 1219 939 1306 tulit;
976 1241 1281 1314 quaeque
1310 1217 1422 1289 lex
1446 1271 1466 1304 ,
1504 1219 1742 1291 sedata
1780 1218 1898 1290 illa
1931 1218 2216 1292 flamma
2249 1248 2412 1295 con·

277 1328 558 1400 sulatus
585 1331 755 1414 mei,
782 1326 1121 1403 fumantis
1147 1326 1482 1424 reliquias
1510 1328 2025 1423 conjurationis
2050 1334 2405 1407 exstinxit.

274 1443 428 1509 Hac
467 1440 662 1509 enim
713 1437 868 1534 lege
910 1436 1118 1509 Coelii
1160 1435 1637 1510 adolescentia
1673 1463 1823 1509 non
1868 1438 1957 1509 ad
1997 1443 2409 1538 reipublicae

276 1572 578 1645 peenas,
633 1547 760 1620 sed
813 1546 904 1619 ad
958 1547 1277 1619 mulieris
1330 1544 1661 1619 libidines
1716 1562 1789 1620 et
1840 1549 2131 1622 delicias
2184 1552 2409 1653 depo-

277 1672 522 1727 scltur.
1155 1731 1166 1738 ,
1361 1670 1362 1673 ’
2268 1722 2271 1723 f
2362 1742 2369 1752 ι

377 1771 601 1837 ΧΧΧ.
627 1768 862 1861 Atque
882 1764 1024 1837 hoc
1046 1766 1255 1838 etiam
1281 1763 1443 1837 loco
1462 1769 1558 1837 M.
1586 1769 1933 1861 Camurti¹
1964 1784 2039 1841 et
2059 1773 2136 1842 C.
2156 1775 2406 1846 Eserni

275 1874 651 1947 damnatio
702 1876 1149 1973 praedicatur.
1210 1882 1273 1948 Ο
1316 1877 1785 1948 stultitiamne
1820 1877 2090 1968 dicam,
2138 1906 2230 1952 an
2271 1887 2406 1953 im-

276 1984 706 2083 pudentiam
745 1982 1217 2083 singularem!
1260 1985 1689 2075 Audetisne,
1725 2013 1953 2084 quum
1997 1990 2087 2061 ab
2124 2016 2206 2063 ea
2241 2018 2403 2065 mu-

276 2094 449 2167 liere
473 2106 503 2137 ²
546 2097 877 2184 veniatis,
911 2094 1139 2169 facere
1169 2098 1472 2168 istorum
1506 2096 1887 2167 homiuum
1921 2103 2407 2174 mentionem?

280 2203 658 2276 audetisne
712 2206 1021 2277 excitare
1071 2207 1251 2277 tanti
1300 2202 1543 2304 flagitii
1594 2211 2047 2295 memoriam,
2090 2236 2239 2282 non
2281 2239 2405 2284 ex-

284 2316 613 2387 stinctam
649 2313 840 2386 illam
869 2313 1193 2413 quidem,
1228 2314 1353 2388 sed
1387 2339 1785 2414 repressam
1813 2323 2206 2395 vetustate?
2233 2327 2403 2415 Quo

353 2573 402 2620 9.
428 2558 501 2604 De
527 2555 588 2604 υἱ
611 2554 838 2620 quaeritis.
871 2556 994 2619 Lege
1025 2554 1210 2603 Plautia
1235 2554 1296 2602 de
1384 2553 1676 2603 crediderim
1719 2553 1934 2603 Claudiae
1980 2556 2235 2606 familiares
2271 2570 2400 2609 tanta

283 2637 328 2684 vi
373 2636 564 2683 habetis
610 2634 959 2699 quaestionem,
1003 2636 1139 2695 cujus
1178 2634 1298 2697 legis

278 2716 618 2764 observatione
654 2715 783 2762 salus
824 2713 1103 2779 reipublicae
1138 2716 1296 2762 conti·

273 2807 426 2843 netur.

345 2890 427 2924 ιο.
462 2876 629 2937 Quam
650 2872 752 2937 leg.
776 2874 837 2937 Q.
864 2870 1083 2919 Catulus.
1114 2873 1178 2934 Q.
1200 2872 1295 2919 Ca-

271 2954 406 3001 tulus
442 2952 619 3000 consul
652 2951 762 2999 tulit
785 2952 849 3013 Q.
874 2949 1064 2998 Plautio
1097 2950 1295 2999 tribuno

270 3031 433 3096 plebis
466 3031 733 3094 rogationis
769 3029 1087 3086 administro,
1123 3045 1151 3077 a
1196 3045 1295 3093 quo

271 3122 523 3174 tamqua-
547 3121 745 3158 anctore
773 3108 970 3157 Plautiae
994 3124 1170 3156 nomen
1192 3123 1297 3156 sor-

269 3190 359 3236 tita
396 3202 497 3247 est,
533 3199 584 3236 et
618 3189 689 3236 sic
727 3188 789 3235 ab
830 3197 1026 3235 auctore
1062 3187 1180 3251 legis
1217 3186 1294 3234 di·

270 3272 506 3333 gnitatem
558 3268 775 3318 ostendit
795 3303 811 3329 ,
856 3278 959 3314 tum
1004 3282 1032 3314 a
1080 3277 1298 3331 tempore

269 3349 367 3397 hoc
393 3359 560 3414 pacto.

349 3445 368 3475 1
383 3444 429 3478 r.
496 3430 653 3474 Poene
702 3422 932 3473 extremis
985 3421 1291 3487 temporibus.

270 3509 439 3570 Quum
481 3505 697 3570 Lepidus
725 3539 740 3562 ,
792 3503 952 3553 Catuli
1004 3502 1190 3567 collega
1238 3503 1291 3550 in

270 3587 528 3635 consulatu
543 3623 560 3649 ‚
589 3585 712 3633 male
730 3585 944 3648 sopitum
963 3583 1189 3629 Marianae
1216 3598 1293 3629 se·

272 3666 474 3714 ditionis
509 3663 793 3713 incendium
829 3671 1082 3709 renovaret
1107 3697 1122 3721 ,
1163 3661 1288 3708 reni·

275 3757 403 3793 tente
433 3745 636 3803 Catulo,
672 3744 761 3809 qui
783 3741 1001 3792 Sullanas
1025 3753 1187 3805 partes
1219 3756 1290 3788 se·

267 3836 429 3872 ctatus
449 3827 623 3874 fuerat.

344 3906 517 3951 XXX.
551 3919 594 3952 1.
635 3905 768 3950 Loco
808 3902 880 3949 M.
908 3898 1126 3947 Camurti
1163 3909 1212 3944 ee
1236 3897 1289 3947 C.

269 3983 466 4030 Esemi.
502 3981 780 4046 Lege-ndum
816 3978 922 4026 loco
964 3980 1035 4026 M.
1061 3974 1293 4026 Carnunii

265 4075 319 4110 ec
349 4064 404 4111 G.
429 4061 659 4110 AEsernii.

346 4158 402 4188 2.
426 4145 584 4208 Quum
606 4141 672 4189 ab
695 4155 757 4187 ea
789 4138 1006 4187 muliere.
1039 4136 1166 4185 Num
1198 4150 1289 4199 ego

1381 2633 1530 2681 fnisse
1549 2633 1813 2691 dementia,
1837 2643 2065 2696 tantaque
2083 2634 2400 2700 impudentia,

1381 2723 1439 2760 ut
1466 2712 1729 2775 turpissimi
1758 2711 1927 2775 flagitii
1944 2745 1958 2770 ,
1989 2712 2125 2776 quod
2147 2713 2398 2765 Claudiam

1382 2791 1537 2858 ipsam
1561 2792 1827 2855 ignominia
1852 2790 2091 2851 afficeret,
2119 2798 2396 2846 memoriam

1384 2885 1545 2918 coram
1560 2870 1811 2931 judicibus
1834 2871 2139 2921 excitarent?
2158 2873 2328 2923 Cicero
2348 2877 2401 2925 iu

1383 2950 1784 2997 consuetudinem
1810 2961 2013 2999 verterat
2044 2952 2255 3001 habitam
2285 2970 2398 3003 ora-

1383 3028 1565 3076 tionem
1595 3029 1884 3077 retractandi
1900 3065 1921 3087 ,
1948 3041 1997 3078 et
2022 3030 2263 3095 quidquid
2287 3033 2400 3082 ido-

1381 3123 1527 3155 neum
1561 3108 1626 3155 ad
1652 3109 2029 3157 commovendos
2056 3109 2242 3158 animos
2265 3113 2400 3172 judi·

1382 3195 1512 3232 caret
1528 3219 1544 3242 ,
1582 3185 1844 3249 affingendi
1860 3221 1874 3245 ,
1901 3199 2156 3250 antequam
2178 3191 2397 3255 publica-

1383 3274 1473 3314 ret.
1509 3265 1659 3328 Quod
1694 3264 1798 3327 ipse
1832 3266 2053 3329 plurimis
2089 3269 2140 3315 in
2178 3270 2395 3332 epistolis

1381 3341 1576 3390 fatetur.
1604 3342 1780 3390 Nonne
1814 3343 1962 3407 igitur
1994 3345 2120 3393 forte
2146 3360 2396 3397 accusato-

1381 3421 1516 3469 ribus
1546 3419 1706 3468 fictam
1742 3421 2000 3485 assignavit
2034 3425 2395 3477 inconsideran-

1381 3501 1495 3548 tiam
1511 3500 1563 3549 in
1580 3499 1763 3550 Clodiae
1779 3501 2075 3565 turpitudine
2094 3507 2359 3555 revocanda
2373 3510 2397 3556 Ρ

1377 3578 1634 3644 Quidquid
1661 3579 1711 3627 id
1737 3592 1809 3630 est
1825 3616 1841 3642 ‚
1863 3580 1966 3628 haec
1986 3581 2157 3630 mulier
2178 3600 2205 3630 a
2225 3587 2393 3635 Vettio

1376 3659 1587 3723 quodam
1637 3659 1944 3708 adolescente
1997 3672 2156 3725 spreta
2172 3696 2186 3718 ‚
2231 3664 2393 3713 furore

1377 3741 1582 3786 &stuans
1605 3771 1622 3796 ,
1673 3754 1855 3786 novum
1923 3739 2189 3787 ulciscendi
2244 3758 2395 3806 genus

1378 3816 1605 3864 meditata
1625 3851 1640 3874 ,
1687 3817 1988 3866 Camurtium
2033 3829 2083 3865 et
2125 3820 2392 3870 AEsernium

1377 3894 1470 3942 sibi
1506 3894 1765 3942 obstrictos
1798 3897 1968 3958 jussit,
2015 3908 2070 3943 ut
2094 3899 2263 3946 Vettio
2295 3901 2391 3948 rim

1378 3973 1640 4029 inferrent,
1674 3984 1722 4020 et
1761 3975 1864 4035 ejus
1902 3975 2186 4039 pudicitiam
2214 3979 2392 4026 nefarie

1378 4053 1670 4118 polluerent.
1704 4056 1817 4117 Quo
1855 4054 2018 4110 facto,
2048 4055 2319 4105 Camarum
2343 4071 2394 4106 et

1380 4131 1628 4181 AEsernius
1654 4131 1714 4181 de
1745 4135 1793 4181 vi
1815 4132 2027 4179 damnati
2050 4141 2182 4180 sunt.
