2994 4778
668 447 1044 517 oRAT1o
1093 449 1296 517 PRo
1345 449 1420 516 T.
1456 449 1537 515 A.
1591 444 2023 518 MlLoNE.
2257 451 2400 547 493

282 567 658 640 insidiator
684 583 1094 666 superatuS,
1131 570 1199 637 vi
1226 571 1412 639 victa
1439 568 1545 639 vis
1567 622 1586 656 ,
1627 568 1739 638 vel
1781 574 2023 665 potius
2059 595 2400 669 oppressa

277 684 547 751 virtute
587 678 878 751 audacia
910 693 1037 750 est.
1087 679 1277 751 Nihil
1326 679 1487 750 dico
1512 733 1531 762 ,
1571 678 1746 775 quid
1794 679 2198 779 respublica
2234 710 2404 757 con·

275 806 587 887 sequuta
612 791 782 876 sit23
814 788 1020 875 nihil,
1051 788 1226 886 quid
1256 813 1419 873 vos;
1444 788 1648 873 nihil,
1680 789 1853 887 quid
1881 812 2132 862 omnes
2167 790 2350 864 boni
2381 822 2397 865 ε

278 900 461 970 nihil
491 923 661 969 sane
694 896 763 968 id
795 900 1024 996 prosit
1050 897 1342 986 Miloni,
1379 899 1507 995 qui
1536 897 1676 969 boc
1701 896 1849 970 fato
1889 914 2098 971 natus
2135 917 2277 986 est,
2320 919 2403 975 ut

276 1033 373 1079 ne
412 1033 489 1080 se
522 1007 814 1104 quidem
865 1032 1144 1079 servare
1185 1009 1544 1107 potuerit,
1592 1010 1771 1104 quin
1820 1033 1963 1079 una
2006 1010 2401 1108 rempubli-

275 1142 435 1189 cam
478 1142 752 1214 vosque
797 1110 1174 1189 servaret3.
1227 1120 1296 1189 Si
1343 1115 1414 1188 id
1455 1118 1620 1213 jure
1669 1143 1822 1188 non
1861 1119 2177 1217 posset⁴,
2221 1121 2403 1194 nibil

272 1228 548 1316 habe0,
573 1227 770 1326 quod
800 1226 1205 1299 defendam.
1242 1230 1362 1299 Sin
1396 1228 1538 1299 hoc
1569 1242 1640 1298 et
1667 1230 1849 1298 ratio
1879 1228 2143 1317 doctis,
2177 1245 2248 1301 et
2279 1256 2401 1303 nc-

273 1344 567 1410 cessitas
612 1337 973 1427 barbaris‚
1030 1353 1103 1410 et
1154 1362 1314 1408 mos
1369 1336 1750 1434 gentibus,
1798 1353 1872 1409 et
1924 1335 2092 1409 seris
2146 1354 2403 1411 natura

270 1451 428 1546 ipsa
462 1450 927 1547 praescripsit,
967 1463 1047 1520 ut
1089 1439 1379 1518 ornnem
1408 1471 1696 1544 semper
1726 1449 1903 1533 vim,
1945 1470 2404 1545 quacumque

270 1584 421 1657 ope
461 1577 790 1657 possent,
826 1583 865 1630 a
903 1581 1240 1656 corpore,
1277 1581 1317 1628 a
1355 1559 1585 1654 capite
1610 1609 1629 1642 ,
1665 1580 1707 1625 a
1743 1558 1887 1626 vita
1931 1580 2058 1627 sua
2100 1557 2401 1657 propul-

272 1684 555 1757 sarent3
593 1695 741 1740 non
782 1669 1080 1767 potestis
1106 1667 1247 1739 hoc
1281 1664 1557 1737 facinus
1595 1663 2012 1762 improbum
2041 1665 2398 1759 judicare,
2460 1663 2477 1679 ⁶

272 1780 458 1875 quin
505 1779 717 1852 simul
742 1778 1115 1875 judicetis,
1159 1775 1537 1864 omnibus,
1579 1776 1711 1873 qui
1745 1776 1818 1846 in
1867 1774 2185 1849 latrones
2218 1779 2399 1850 inci-

271 1891 552 1977 derint,
593 1905 715 1962 aut
767 1890 1053 1962 illorum
1114 1889 1317 1974 telis»,
1369 1902 1494 1958 aut
1529 1886 1781 1957 vestris
1816 1888 2191 1959 sententiis
2243 1912 2400 1961 esse

271 1999 753 2099 pereundum.
810 1984 1141 2092 Quodsi
1195 2001 1293 2069 ita
1342 2011 1709 2097 putasset,
1762 2010 1957 2068 certe
2010 1997 2402 2095 optabilius

268 2109 530 2180 Miloni
572 2107 708 2180 fuit
743 2108 914 2180 dare
956 2108 1294 2204 jugulum
1340 2111 1416 2177 P.
1474 2105 1731 2179 Clodio
1753 2104 1808 2194 ⁵,
1851 2131 1999 2176 non
2046 2108 2266 2180 semel
2306 2107 2402 2181 ab

268 2217 430 2305 illo,
476 2242 717 2315 neque
758 2232 916 2290 tum
966 2221 1280 2315 primum
1332 2217 1675 2315 petitum,
1727 2236 1945 2312 quam
1993 2216 2309 2313 jugulari
2358 2243 2402 2291 a

270 2326 514 2419 vobiS,
565 2328 737 2426 quia
786 2353 862 2402 se
919 2328 1017 2399 illi
1070 2353 1221 2399 nou
1266 2324 1747 2425 jugulandum
1795 2325 2218 2402 tradidisset.
2277 2330 2400 2402 Sin

270 2438 419 2511 hoc
466 2463 683 2511 nemo
737 2454 1054 2511 vestrum
1091 2440 1189 2510 ita
1220 2441 1471 2525 sentit,
1519 2437 1699 2510 illud
1737 2439 1887 2534 jam
1932 2439 2005 2510 in
2046 2440 2398 2534 judicium

267 2553 505 2639 venit,
547 2576 729 2638 non,
779 2549 1150 2622 occisusne
1191 2554 1311 2637 sit,
1359 2547 1562 2647 quod
1598 2544 1996 2637 fatemur⁶;
2041 2549 2167 2620 sed
2197 2551 2395 2644 jure,
2483 2639 2486 2644 ἱ

262 2685 365 2731 *an
395 2659 690 2754 injuria,
725 2655 926 2757 quod
958 2659 1202 2730 multis
1229 2661 1302 2730 in
1337 2663 1609 2731 causis⁷
1649 2683 1832 2757 saepe
1863 2663 2239 2755 quaesitum
2272 2675 2399 2732 est.

268 2769 579 2842 Insidias
633 2768 859 2841 factas
908 2793 1062 2842 esse
1105 2785 1415 2861 constat;
1455 2785 1528 2842 et
1576 2770 1653 2843 id
1697 2784 1837 2859 est,
1875 2769 2074 2866 quod
2113 2785 2404 2845 senatus

269 2979 507 3027 rationem
545 2977 671 3025 banc
707 2977 1139 3026 luculentissimam
1175 2994 1294 3026 con—

271 3057 548 3117 cludendo,
576 3075 627 3106 se
645 3073 746 3106 uno
766 3057 979 3106 veritatis
998 3058 1164 3106 studio
1179 3058 1294 3106 duci

266 3134 549 3203 profitetur.

345 3230 395 3262 2.
435 3216 744 3280 consequuta
768 3214 851 3265 sie.
890 3218 1028 3265 Hanc
1055 3215 1293 3265 defensio·

264 3310 382 3342 nem
409 3295 586 3342 Brutus
608 3305 845 3357 suaserat,
866 3307 917 3343 at
944 3295 1168 3344 Ciceroni
1190 3312 1293 3344 non

267 3374 365 3421 snit
389 3383 589 3437 accepta
605 3407 618 3429 ,
643 3373 755 3435 quia
776 3373 993 3437 paullum
1017 3390 1171 3422 causae
1194 3374 1292 3421 dif-

265 3453 471 3502 fidebat.
491 3452 753 3500 Pulchrum
776 3453 929 3500 fuerat
952 3463 1079 3501 certe
1102 3469 1292 3500 causam

266 3535 365 3582 hoc
390 3531 546 3580 modo
576 3547 829 3597 peragere,
859 3533 903 3579 si
929 3532 1076 3580 ceteri
1102 3531 1293 3592 judice·

266 3615 507 3663 catonem
536 3612 711 3659 virtute
736 3611 1027 3660 retulissent.

338 3694 387 3740 3.
406 3694 641 3738 Senam.
660 3689 803 3738 Adeo
822 3691 1104 3751 conjunctas
1126 3706 1293 3737 omnes

260 3773 380 3820 vitae
418 3786 521 3818 ωε
560 3785 671 3817 cum
697 3769 941 3834 republica
970 3770 1179 3817 rationes
1204 3768 1293 3816 ha-

259 3853 349 3901 bet
363 3850 492 3898 Milo
505 3882 520 3906 ,
539 3858 594 3895 nt
611 3864 753 3895 nemo
769 3847 1046 3912 reipublice
1061 3847 1123 3894 nit
1138 3847 1293 3894 hostis

259 3931 349 3995 qni
379 3946 486 3977 non
509 3927 582 3975 illi
609 3944 805 3991 quoqne
827 3928 1009 3977 bellum
1037 3926 1292 3984 indixerim

260 4022 411 4074 atque
447 4007 572 4056 adeo
599 4023 701 4055 non
720 4003 893 4071 spouit
925 4008 1073 4055 vitam
1104 4021 1238 4053 suam
1264 4021 1290 4052 ι

261 4089 375 4136 telis
393 4087 612 4136 boetium
633 4086 915 4144 defendere,
939 4086 1058 4150 quin
1081 4102 1175 4135 una
1203 4087 1293 4134 rei·

262 4169 478 4232 publicae
497 4167 662 4215 hostes
681 4165 925 4230 profliget.

1453 2987 1505 3036 4.
1527 2979 1643 3027 Non
1652 2991 1838 3044 posset.
1859 2980 1911 3028 Si
1923 2980 2004 3041 jus
2020 2981 2098 3028 sui
2111 2976 2405 3029 defendendi

1380 3073 1482 3105 non
1502 3057 1721 3107 haberet.

1453 3139 1499 3186 5.
1542 3139 1676 3184 Dare
1705 3136 1931 3201 jugulum
1971 3139 2028 3185 P.
2081 3135 2268 3185 Clodio.
2318 3137 2398 3186 Sic

1379 3217 1509 3266 enim
1536 3226 1664 3263 amat
1685 3215 2032 3279 rempublicam
2053 3225 2101 3263 et
2120 3232 2211 3265 vo·
2232 3232 2402 3266 omnes

1379 3295 1531 3353 Milo,
1556 3307 1612 3343 ut
1629 3305 1833 3343 mortem
1855 3311 1959 3343 non
1976 3306 2071 3344 tam
2094 3297 2371 3347 reformidet
2385 3332 2402 3357 ‚

1379 3391 1525 3440 quam
1548 3383 1784 3432 vereatur,
1809 3390 1895 3433 ne,
1921 3375 1963 3421 oi
1987 3374 2123 3425 illum
2143 3376 2403 3427 damnave-

1380 3454 1511 3513 ritis,
1531 3454 1616 3518 qui
1633 3469 1684 3500 se
1703 3452 1877 3501 Clodio
1902 3469 2005 3502 non
2026 3455 2236 3519 prebuit
2252 3457 2403 3520 jugu-

1377 3533 1578 3582 landum
1591 3567 1606 3590 ,
1628 3533 1681 3579 in
1702 3548 1790 3580 vos
1810 3544 1906 3580 tam
1925 3533 2078 3597 iniqui
2090 3535 2265 3595 judicii
2286 3535 2402 3582 infe-

1378 3613 1473 3661 min
1503 3624 1550 3660 et
1572 3627 1600 3658 a
1626 3610 1771 3676 vobis
1795 3612 1847 3658 in
1875 3621 2026 3660 totam
2052 3613 2400 3679 rempublicam

1379 3691 1637 3741 redundet.

1450 3772 1500 3818 6.
1545 3768 1695 3832 Quod
1700 3767 1943 3832 fatemur.
1978 3768 2219 3832 Negando
2247 3779 2406 3818 tamen

1381 3865 1481 3896 rem
1502 3864 1603 3894 esse
1616 3848 1755 3910 jussu
1774 3848 1979 3895 Miloni·
1997 3858 2335 3911 perpetratam.

1456 3943 1503 3986 7.
1527 3925 1695 3972 Multis
1714 3925 1764 3972 in
1784 3925 1959 3974 causis.
1979 3928 2036 3972 In
2057 3941 2198 3973 causa
2219 3926 2412 3977 Horatii

1379 4005 1466 4070 qui
1508 4019 1726 4051 sororem
1741 4039 1757 4063 ,
1794 4005 1846 4051 iu
1888 4019 2028 4052 causa
2059 4004 2290 4052 Trebonii
2325 4006 2411 4070 qui

1382 4082 1632 4132 tribunum
1655 4082 1860 4131 militum
1880 4094 2101 4147 stuprum
2125 4082 2410 4132 inferentem

1382 4161 1645 4211 occiderat.
