2994 4778
650 380 738 450 72
1270 357 1364 422 M.
1409 356 1485 422 T.
1543 355 2126 425 CICERONIS

652 476 834 546 dixit
874 473 985 561 id,
1036 473 1234 571 quod
1285 475 1779 571 dignissimum
1814 472 2182 571 republica
2224 473 2393 563 fuit,
2448 474 2631 545 nihil
2666 474 2755 548 de

654 609 770 655 me
808 598 1043 656 actum
1086 606 1238 656 esse
1272 585 1471 679 jure,
1525 584 1708 655 nihil
1752 608 1954 655 more
1999 586 2350 679 majorum
2375 639 2395 672 ,
2437 585 2619 654 nihil
2659 584 2759 657 le-

651 693 896 789 gibus3
932 717 1079 764 non
1118 718 1325 790 posse
1362 718 1800 790 quemquam
1840 694 1931 765 de
1965 695 2246 765 civitate
2283 695 2435 765 tolli
2467 697 2618 767 sine
2646 696 2764 789 ju-

654 803 880 891 dicio;
917 801 1007 874 de
1044 804 1271 899 capite
1298 827 1447 872 non
1475 803 1694 874 rnodo
1721 803 1960 904 ferri2,
1987 804 2111 875 sed
2143 829 2234 876 ne
2264 804 2564 898 judicari
2592 807 2761 901 qui·

655 915 817 983 dem
852 937 1091 1012 posse,
1128 912 1262 981 nisi
1298 912 1604 983 comitiis
1632 915 2079 998 centuriatis;
2114 918 2253 983 vim
2286 912 2499 1008 fuisse
2531 914 2762 1000 illam,

650 1022 1005 1094 flammam
1034 1035 1373 1118 quassatae
1391 1021 1801 1119 reipublicae
1812 1011 2558 1120 'perturbatorumque
2579 1038 2759 1094 tem·

650 1158 953 1230 porum,
987 1131 1146 1225 jure
1174 1130 1606 1228 judiciisque
1640 1131 1971 1220 sublatis3
2020 1156 2276 1229 magna
2319 1156 2563 1202 rerum
2597 1158 2766 1229 per-

653 1235 1109 1313 turbatione³
1173 1240 1673 1338 impendente,
1722 1241 2111 1325 declinasse
2160 1266 2276 1312 me
2323 1241 2765 1338 paullulum,

655 1366 725 1423 et
747 1405 768 1437 ,
804 1373 931 1448 spe
964 1349 1256 1447 reliquae
1287 1351 1855 1448 tranquillitatiS‚
1888 1366 2270 1449 praesentes
2302 1350 2563 1423 fluctus
2595 1365 2768 1421 tem·

655 1474 1152 1557 pestatemque
1198 1458 1483 1557 fugisse.
1540 1464 1822 1553 Quare,
1882 1486 2110 1556 quum
2167 1459 2423 1533 absens
2476 1485 2768 1556 rempu-

654 1570 920 1641 blicam
973 1595 1125 1640 non
1173 1563 1428 1649 minus'
1459 1571 1732 1668 magnis
1773 1571 2146 1669 periculis,
2198 1595 2413 1668 quam
2453 1569 2768 1666 quodam

659 1695 985 1775 tempore
1043 1683 1399 1775 proesens4
1460 1679 1910 1768 liberassem,
1969 1706 2118 1750 non
2171 1680 2450 1751 restitui
2498 1703 2611 1749 me
2649 1702 2770 1748 so-

658 1787 848 1873 lum,
905 1786 1029 1856 sed
1094 1789 1304 1857 etiam
1357 1791 1598 1859 ornari
1650 1814 1690 1859 a
1737 1804 1988 1860 senatu
2037 1788 2310 1861 decere.
2364 1790 2773 1885 Disputavit

661 1897 871 1967 etiam
927 1894 1150 1965 multa
1195 1896 1613 1993 prudenter,
1669 1899 1767 1968 ita
1819 1898 1908 1969 de
1955 1922 2071 1969 me
2119 1898 2320 1969 illum
2374 1899 2770 1968 amentissi-

659 2029 860 2075 mum
893 2018 963 2077 et
997 2003 1644 2101 profligatissimum
1678 2005 1960 2078 hostem
1987 2007 2283 2105 pudoris
2312 2004 2772 2104 etpudicitiae

661 2116 1060 2212 scripsisse,
1102 2137 1262 2210 quae
1297 2117 1711 2212 scripserat,
1751 2118 1837 2186 iis
1870 2115 2144 2205 verbiS‚
2186 2114 2405 2187 rebus
2432 2169 2451 2199 ,
2493 2128 2776 2184 senten-

663 2225 817 2312 tiis,
854 2238 975 2309 ut,
1024 2223 1294 2293 etiamsi
1334 2222 1542 2317 jure⁵
1578 2240 1760 2296 esset
1791 2240 2119 2322 rogatum
2142 2279 2162 2312 ,
2198 2239 2435 2295 tamen
2471 2224 2615 2292 vim
2653 2222 2775 2292 ha·

664 2333 838 2405 bere
874 2356 1022 2404 non
1055 2346 1340 2431 posset:
1377 2357 1602 2430 quare
1639 2359 1755 2406 me
1778 2391 1796 2421 ,
1831 2338 1959 2432 qui
2000 2334 2193 2405 nulla
2226 2335 2380 2432 lege
2416 2332 2773 2419 abessem,

663 2496 772 2528 sum
797 2478 974 2527 soleret
991 2511 1006 2536 ,
1033 2488 1252 2540 essetque
1276 2478 1606 2539 consuetudo,
1622 2489 1679 2526 ut

663 2576 809 2625 quem
832 2559 1048 2607 ordinem
1070 2556 1273 2621 rogandi
1290 2557 1549 2605 sententias
1567 2574 1679 2605 con·

666 2639 743 2686 sul
783 2638 885 2686 lul.
919 2637 1150 2697 januariis
1190 2636 1474 2683 instituisset
1499 2670 1513 2693 ‚
1567 2653 1678 2685 eum

665 2728 773 2765 toto
787 2733 917 2764 anuo
930 2727 1279 2764 conservaret».
1297 2711 1353 2769 4⁰
1368 2714 1679 2776 Perspicuum

664 2807 762 2855 est,
785 2813 848 2843 ex
878 2796 1029 2842 Fastis
1053 2793 1372 2857 Capitolinis,
1406 2793 1460 2838 L.
1486 2793 1678 2844 Cottam

666 2888 912 2920 censorem
938 2872 1081 2918 fuisse
1108 2885 1217 2917 cum
1245 2871 1297 2918 P.
1325 2868 1527 2916 Servilio
1549 2871 1679 2917 Isau-

665 2952 786 3000 rico.
806 2955 898 2998 Fac
918 2951 1060 2997 etiam
1086 2948 1229 2995 fuisse
1247 2948 1516 3012 principem
1539 2964 1677 2996 sena-

667 3043 765 3088 tus,
778 3027 911 3092 quod
927 3016 1082 3075 tamen
1093 3026 1345 3076 verisimile
1358 3043 1457 3075 nou
1470 3025 1681 3089 videtur,

664 3110 801 3173 quasi
827 3109 930 3172 ipse
952 3107 1044 3154 sibi
1069 3105 1392 3171 principatum
1419 3104 1679 3169 adrogave-

666 3190 764 3239 rit:
796 3204 952 3251 neque
977 3203 1090 3235 vero
1113 3188 1318 3251 primum
1338 3196 1557 3249 rogatum
1575 3201 1683 3236 sen-

669 3267 866 3316 tentiam
891 3266 1093 3313 dixerim
1108 3300 1123 3323 ‚
1149 3265 1279 3313 velut
1299 3263 1542 3311 hominem
1567 3279 1680 3310 cen-

668 3345 850 3393 soriam
867 3378 882 3404 ,
934 3343 1008 3391 vel
1050 3354 1108 3390 ut
1152 3343 1422 3406 principem
1471 3352 1679 3388 senatus.

669 3421 859 3470 Etenim
875 3453 891 3481 ‚
917 3422 958 3467 si
984 3431 1125 3484 gestae
1147 3436 1359 3470 ceusurae
1386 3419 1507 3466 ratio
1531 3418 1681 3466 habe-

667 3501 831 3559 batur,
854 3514 943 3546 cur
960 3500 1148 3568 non3M.
1166 3500 1402 3561 Perperna
1423 3533 1437 3556 ,
1459 3498 1545 3560 qui
1571 3512 1681 3546 eum

668 3578 897 3641 Philippo
917 3609 933 3634 ‚
974 3586 1057 3623 aut
1098 3578 1151 3622 L.
1190 3574 1374 3622 Gellius
1393 3608 1408 3633 ,
1449 3576 1535 3638 qui
1573 3591 1682 3622 cum

669 3657 762 3706 Cn.
806 3655 1013 3704 Lentulo
1028 3689 1043 3713 ,
1088 3664 1171 3706 aut
1214 3655 1284 3701 M.
1328 3655 1524 3702 Crassus
1541 3687 1555 3711 ,
1599 3656 1685 3717 qui

675 3751 787 3783 cum
831 3732 1006 3782 Catulo
1021 3767 1037 3792 ,
1080 3744 1190 3779 ante
1228 3733 1418 3782 Cottam
1463 3748 1684 3782 censores

676 3817 886 3871 fuerant,
927 3811 1068 3873 primi
1095 3811 1247 3874 rogati
1282 3812 1430 3858 sunt?
1464 3811 1613 3873 Quod
1643 3812 1686 3859 si

674 3891 880 3957 principi
899 3900 1092 3937 senatus
1109 3889 1213 3938 talis
1227 3890 1382 3937 honos
1401 3889 1682 3949 debebatur,

673 3989 760 4020 cur
805 3986 905 4017 non
951 3969 1134 4031 primus
1175 3969 1434 4032 rogabatur
1474 3971 1620 4032 Cotta
1657 3988 1682 4018 a

674 4055 872 4111 Pisone3
906 4064 993 4096 cur
1018 4063 1119 4096 non
1149 4065 1176 4097 a
1211 4049 1435 4099 Caesare?
1474 4050 1687 4106 Primum

1763 2480 1910 2542 igitur
1927 2478 2241 2542 interrogavit
2256 2480 2450 2528 Cottam
2470 2478 2523 2526 P.
2543 2477 2778 2525 Lentulus

1765 2557 2006 2621 Spinther,
2037 2557 2157 2604 alter
2184 2556 2433 2603 consulum
2472 2554 2602 2602 illius
2627 2556 2741 2602 anni
2760 2587 2778 2611 ,

1764 2637 1850 2701 qui
1865 2651 1958 2699 pro
1979 2632 2275 2683 restituendo
2303 2635 2535 2682 Cicerone
2559 2645 2780 2684 senatum

1763 2714 1995 2771 habebat,
2028 2729 2128 2763 nou
2165 2713 2278 2777 quia
2315 2713 2641 2759 consularium
2677 2724 2779 2760 erat

1763 2793 2145 2856 antiquissimus,
2185 2801 2268 2840 aut
2305 2790 2454 2838 homo
2500 2792 2779 2849 censorius,

1763 2883 1846 2920 aut
1865 2871 2088 2935 princeps
2104 2881 2297 2918 senatus
2316 2886 2330 2917 :
2360 2869 2446 2917 sed
2461 2882 2664 2933 propter
2687 2869 2778 2917 ad·

1764 2949 2020 3007 finitatem,
2042 2948 2119 2995 vel
2138 2960 2266 2997 certe
2284 2965 2516 2998 summam
2539 2949 2783 2996 familiari·

1763 3039 1907 3076 tatem
1925 3061 1940 3085 ,
1961 3043 2071 3091 qua:
2089 3027 2180 3075 sibi
2199 3044 2310 3075 cum
2329 3026 2415 3075 illo
2432 3026 2779 3082 intercedebat,

1765 3109 2074 3154 Fennanus.

1837 3202 1886 3235 α.
1913 3187 2025 3233 Non
2053 3185 2196 3233 modo
2214 3183 2352 3245 ferri.
2388 3185 2439 3232 Si
2474 3184 2669 3235 serenda
2702 3185 2782 3236 lex

1768 3264 1830 3313 de
1870 3263 2050 3327 capite,
2097 3259 2214 3311 ferri
2253 3264 2535 3313 centuriatis
2571 3265 2788 3312 comitiis

1769 3339 1959 3390 necesse
1987 3340 2095 3392 fuit.

1841 3421 1892 3468 3.
1912 3419 2283 3473 Pet-turbatione.
2302 3419 2383 3469 Al.
2392 3419 2756 3484 permutatione
2769 3455 2790 3481 ,

1769 3498 1894 3546 forte
1916 3498 2108 3548 rectius.
2134 3500 2185 3547 J.
2205 3500 2267 3545 V.
2291 3499 2345 3544 L.

1843 3585 1895 3634 4.
1937 3579 2147 3624 Proesens
2191 3575 2482 3625 liberassem.
2527 3578 2690 3639 Quum
2734 3577 2792 3625 iu

1772 3655 2028 3704 consulatu
2062 3671 2174 3702 meo
2210 3667 2426 3703 exortam
2456 3667 2507 3703 et
2532 3671 2793 3719 erumpen-

1775 3746 1867 3782 tem
1906 3734 2287 3795 conjurationem
2327 3735 2614 3799 compressi,
2641 3744 2795 3798 atque

1773 3813 2000 3862 exstinxi.

1845 3893 1890 3940 5.
1928 3891 2133 3939 Etiamsi
2141 3891 2273 3956 jure.
2313 3893 2468 3940 Etiam
2505 3894 2549 3940 si
2591 3893 2655 3941 dc
2686 3909 2790 3939 mea

1773 3971 1983 4035 pernicie
2023 3972 2130 4031 jure
2166 3983 2432 4033 rogaretur,
2482 3972 2588 4035 ipsa
2634 3984 2792 4022 tamen

1776 4049 2036 4114 scriptione
2053 4051 2149 4098 vim
2168 4049 2284 4113 legis
2302 4050 2561 4102 amitteret.
