2994 4778
622 393 709 474 14
1238 392 1336 460 Μ.
1386 392 1462 458 Τ.
1518 392 2104 464 CICERONIS

615 529 833 611 atque
879 513 1046 598 otii3
1085 508 1707 609 contendamque‚
1751 516 1809 584 si
1850 511 2069 586 modo
2110 512 2186 587 id
2224 515 2572 610 consequi
2613 536 2746 610 po·

614 639 811 709 tero,
851 636 935 693 ut
975 623 1049 691 in
1092 620 1229 691 hac
1266 619 1568 691 confusa
1604 636 1822 719 atque
1855 618 2235 694 universa³
2279 619 2744 705 defensione,

617 732 797 806 nihil
824 756 863 803 a
890 755 1042 817 me,
1076 728 1280 827 quod
1310 728 1401 799 ad
1431 744 1740 801 vestram
1768 735 2271 828 quaestionem3
2299 730 2512 817 nihil,
2541 728 2751 826 quod

613 841 706 912 ad
766 864 1010 929 reum;
1070 838 1291 928 nihil,
1352 837 1555 935 quod
1608 839 1698 911 ad
1758 840 2279 940 rempublicam
2335 845 2696 940 pertineat
2725 894 2748 927 ‚

614 952 1170 1051 praetermissum
1225 972 1383 1020 esse
1434 948 1782 1022 videatur.
1836 956 1925 1022 Et
1967 956 2309 1048 quoniam
2363 954 2438 1021 in
2482 952 2752 1048 gravis-

615 1063 810 1136 simis
873 1056 1323 1157 temporibus
1387 1059 1730 1148 civitatiS‚
1800 1075 2018 1158 atque
2074 1063 2149 1130 in
2207 1061 2434 1132 ruinis
2484 1084 2748 1130 eversae

614 1188 834 1272 atque
879 1169 1154 1241 afflictae
1198 1167 1666 1267 reipublicae‘*
1710 1174 1786 1241 P.
1841 1173 2059 1242 Sextii
2095 1170 2502 1264 tribunatus
2548 1186 2655 1241 est
2702 1195 2749 1242 a

615 1282 908 1355 fortuna
929 1277 1116 1378 ipsa-⁵
1139 1278 1532 1351 collocatus
1551 1306 1570 1367 ;
1590 1305 1742 1351 non
1771 1281 2145 1379 aggrediar
2170 1281 2258 1353 ad
2288 1282 2408 1352 illa
2433 1283 2749 1352 maxima

614 1408 835 1490 atque
854 1385 1317 1489 amplissima⁶
1348 1390 1588 1487 prius»,
1610 1414 1831 1488 quam
1859 1391 2202 1479 docuem,
2231 1392 2499 1489 quibus
2520 1392 2746 1462 initiis

617 1526 700 1573 ac
737 1498 1224 1572 fundamentis
1263 1497 1373 1568 hae
1406 1511 1620 1571 tantae
1661 1505 1958 1574 summis
1992 1503 2067 1573 in
2099 1502 2317 1575 rebus
2344 1502 2592 1575 laudes
2620 1527 2744 1573 ex·

615 1612 843 1683 citatae
869 1622 892 1667 ⁷
943 1610 1109 1679 sint.

710 1724 832 1791 III.
880 1721 1176 1789 Parente
1207 1720 1283 1789 P.
1324 1721 1606 1791 Sextius
1642 1735 1851 1794 natus
1882 1738 1991 1795 est
2012 1778 2032 1813 ‚
2058 1750 2084 1820 J
2097 1724 2338 1796 udices
2363 1778 2384 1811 ‚
2417 1723 2747 1806 homine,

617 1844 702 1901 ut
760 1828 1088 1927 plerique
1150 1828 1614 1916 meministiS,
1667 1847 1741 1902 et
1788 1835 2150 1931 sapiente,
2202 1850 2275 1905 et
2330 1850 2617 1918 sanem,
2670 1845 2749 1903 et

620 1962 923 2010 severo:
982 1937 1145 2032 qui,
1196 1959 1427 2033 quum
1487 1937 1823 2013 tribunus
1882 1942 2113 2041 plebis
2169 1946 2485 2042 primus¹
2555 1944 2750 2013 inter

687 2135 738 2182 3.
779 2124 989 2195 Consiua
1018 2138 1165 2193 atque
1191 2127 1423 2177 universa.
1452 2120 1512 2177 In
1538 2146 1636 2193 qua

616 2231 717 2264 non
743 2212 804 2259 de
822 2222 924 2258 uno
941 2219 1026 2256 aut
1047 2206 1200 2255 altero
1226 2208 1425 2255 crimine
1448 2221 1636 2274 agetur,

616 2294 702 2344 sed
720 2292 781 2340 de
802 2288 938 2339 omni
957 2298 1087 2336 stetu
1105 2287 1158 2336 P.
1179 2288 1360 2343 Sextii,
1384 2286 1446 2335 de
1464 2303 1637 2353 genere

619 2375 729 2423 vitoe
746 2406 761 2431 ‚
786 2369 848 2418 de
873 2378 1041 2416 natura
1058 2402 1072 2426 ,
1099 2377 1195 2415 etc.
1223 2382 1332 2430 qnae
1352 2367 1455 2431 ipsa
1476 2376 1639 2416 tamen

616 2453 681 2502 ita
699 2466 894 2516 agemus
908 2482 923 2509 ,
940 2458 1021 2506 nt,
1042 2446 1180 2510 quod
1199 2445 1261 2494 ad
1279 2459 1487 2495 vestram
1506 2455 1638 2510 quae·

613 2534 823 2582 stionem
849 2527 1060 2593 pertinet
1099 2526 1354 2593 (qnaeritis
1378 2537 1540 2573 entem
1574 2527 1637 2576 de

616 2614 698 2671 vi,
723 2622 772 2659 et
802 2611 876 2657 vis
903 2607 953 2654 in
988 2607 1084 2654 hoc
1104 2606 1296 2667 judicio
1317 2605 1568 2665 judicatur
1587 2608 1634 2669 )‚

616 2692 752 2757 quod
768 2692 884 2738 item
904 2683 1137 2752 adipsum
1158 2704 1289 2735 reum
1306 2722 1321 2747 ,
1334 2687 1433 2734 hoc
1453 2698 1524 2734 est
1536 2720 1552 2746 ‚
1569 2687 1635 2734 ad

615 2785 670 2821 ee
685 2808 699 2828 ,
747 2783 857 2835 quae
901 2783 984 2817 reo
1034 2768 1353 2828 objiciuntur,
1395 2768 1597 2814 erimina
1615 2799 1631 2824 ‚

611 2850 748 2916 quod
794 2850 938 2898 etism
983 2847 1046 2896 ad
1091 2848 1440 2914 rempublicam
1459 2873 1475 2906 5
1511 2846 1634 2894 nihil

616 2929 1053 2997 praetermittamus.

688 3016 736 3065 4.
764 3005 1067 3056 Gravissimt’s
1091 3005 1383 3072 temporibus
1400 3005 1602 3056 civitatis
1611 3040 1629 3064 ‚

615 3095 766 3154 atque
800 3087 851 3135 in
885 3086 1037 3134 mittis
1063 3102 1236 3134 ενοι-εα-
1261 3095 1410 3150 aeque
1430 3083 1636 3153 afflieeoe

616 3167 913 3233 reipublicoe.
961 3166 1075 3214 Non
1120 3177 1193 3214 est
1226 3181 1636 3230 supervacaneum

615 3247 918 3312 reipublicae,
944 3246 1056 3308 quia
1085 3245 1259 3292 dixerit
1289 3244 1494 3292 civitatis
1511 3262 1530 3292 .·
1551 3245 1634 3293 sed

617 3334 692 3374 est
723 3322 1037 3388 amplificatio
1067 3323 1288 3385 qnaedam
1317 3336 1331 3369 :
1374 3324 1485 3385 quia
1525 3323 1636 3386 plus

614 3415 689 3452 est
724 3404 776 3451 in
811 3400 1058 3465 republica
1079 3434 1096 3460 ,
1131 3416 1277 3463 quam
1315 3400 1366 3446 in
1406 3400 1634 3450 civitate:

615 3483 836 3532 similiter
857 3490 913 3527 nt
939 3495 1089 3542 quum
1119 3478 1245 3526 dixit
1274 3477 1451 3536 ruinis,
1485 3496 1637 3542 quum

612 3562 817 3612 dixisset
852 3559 951 3620 iam
982 3556 1281 3622 gravissimis
1311 3557 1599 3620 temporibus
1616 3576 1636 3607 .·

616 3642 725 3706 plus
741 3639 873 3688 enirn
894 3637 1143 3700 aliquanto
1164 3633 1440 3700 significant
1458 3636 1633 3696 ruina,

611 3733 757 3785 quem
778 3715 1070 3782 gravissima
1092 3726 1309 3780 tempora
1327 3731 1346 3761 .·
1369 3725 1417 3762 et
1441 3724 1516 3762 est
1537 3715 1633 3763 hoc

611 3797 838 3849 Ciceroni
861 3795 928 3843 ob
956 3795 1181 3843 eximiam
1222 3795 1403 3858 ingenii
1434 3793 1632 3843 uberta·

608 3888 709 3926 tem
747 3877 1006 3935 usitatum,
1054 3875 1357 3937 maximeque
1404 3874 1631 3939 frequens

608 3959 661 4005 in
685 3954 989 4006 orationibus
1010 3964 1367 4004 ornamentum.

1725 2127 1930 2177 maxime
1976 2120 2149 2179 civitas
2196 2131 2404 2181 consilio
2455 2143 2599 2194 atque
2647 2148 2750 2196 ope

1724 2208 1902 2254 civium
1917 2210 2212 2272 optimorum
2229 2210 2494 2274 indigebat,
2513 2212 2553 2259 is
2573 2213 2751 2261 Sextio

1723 2289 1921 2352 petendi
1943 2290 2214 2338 tribunatus
2232 2306 2387 2339 annus
2404 2302 2544 2341 esset.
2605 2316 2610 2321 “

1796 2369 1845 2418 6.
1884 2369 1978 2418 Illa
2003 2368 2225 2418 maa-Ima
2252 2382 2401 2435 atque
2425 2370 2749 2436 amplissima.

1726 2451 1849 2511 Quae
1887 2449 2030 2512 gessit
2062 2449 2114 2496 in
2150 2450 2426 2513 tribunatu,
2469 2469 2558 2516 pru
2588 2453 2748 2502 salute

1724 2528 1996 2586 Ciceronis,
2014 2527 2117 2592 lege
2140 2529 2310 2578 Clodi·
2330 2530 2591 2579 exsulantis
2606 2566 2623 2591 ,
2645 2532 2746 2581 hoe

1723 2617 1824 2666 est,
1854 2617 1908 2653 ut
1943 2610 2047 2671 ipse
2085 2609 2246 2673 accipi
2283 2610 2418 2669 vult,
2454 2627 2546 2674 pro
2586 2612 2746 2663 salute

1722 2686 1930 2748 reipubl.
1973 2687 2223 2751 Significat
2272 2691 2430 2746 enim,
2475 2706 2558 2737 sun
2602 2708 2744 2741 cause

1721 2779 1876 2829 remp.
1903 2761 2068 2815 Sextio
2092 2763 2267 2816 debere
2290 2783 2304 2818 τ
2331 2770 2526 2833 qnando
2544 2772 2746 2833 quidem

1721 2859 1825 2893 eam
1840 2860 2049 2893 eversam
2066 2859 2213 2910 atque
2229 2850 2454 2897 afflictam
2477 2860 2577 2896 tum
2593 2850 2745 2899 fuisse

1724 2924 1878 2987 dixit,
1913 2940 2063 2988 quum
2103 2943 2130 2973 a
2171 2929 2348 2977 Clodio
2381 2929 2557 2992 pulsus
2593 2945 2746 2976 exsu-

1721 3002 1868 3063 laret3
1895 3014 2101 3052 erectam
2124 3015 2305 3067 antem,
2335 3023 2484 3070 quum
2503 3007 2746 3057 rediisset.

1799 3099 1843 3144 7.
1880 3083 2142 3133 Excitaeoe.
2168 3084 2294 3147 Quis
2321 3084 2539 3144 dixerat,
2568 3085 2750 3135 funda-

1723 3164 1899 3212 mentis
1918 3200 1932 3222 ,
1983 3164 2097 3213 ideo
2149 3167 2396 3229 subjungit
2414 3195 2432 3229 ,
2482 3164 2742 3222 excitatas,

1725 3244 1861 3307 quod
1881 3244 2078 3292 verbum
2100 3245 2161 3292 ad
2180 3262 2231 3292 ea
2251 3280 2264 3302 ,
2295 3261 2403 3308 quae
2427 3242 2748 3301 aedificantur,

1724 3323 1848 3370 solet
1874 3322 2255 3382 accommodari,
2288 3325 2342 3371 ut
2368 3323 2454 3371 lib.
2493 3326 2541 3372 11
2569 3322 2629 3370 de
2657 3321 2749 3371 Le-

1726 3403 1906 3466 gibus:
1946 3423 1967 3445 ·
2000 3403 2073 3450 Ne
2110 3418 2137 3449 e
2171 3402 2331 3468 lapide
2367 3403 2563 3450 excitari
2598 3402 2750 3466 plns,

1727 3498 1816 3529 nec
1842 3482 2056 3545 imponi,
2089 3499 2236 3545 quam
2274 3483 2412 3546 qnod
2448 3483 2606 3546 capiet
2640 3482 2749 3530 hu-

1726 3559 1834 3607 dem
1855 3563 2032 3609 mortui
2063 3563 2262 3610 incisam
2282 3585 2328 3612 ιι.

1791 3642 1881 3687 m.
1910 3655 1955 3688 1.
1984 3641 2186 3689 Primus.
2220 3641 2410 3689 Honori
2440 3639 2750 3689 tribuebatur

1720 3719 1932 3783 primum
1948 3720 2072 3769 inter
2087 3720 2291 3784 collegas
2309 3721 2359 3767 in
2374 3720 2634 3784 adeptione
2649 3735 2752 3767 ma-

1723 3798 1947 3861 gistratus
1958 3799 2124 3847 locum
2138 3798 2373 3847 obtinere.
2388 3797 2531 3847 Unde
2544 3808 2667 3844 orat.
2689 3799 2751 3849 in

1724 3887 1832 3941 toga
1867 3877 2008 3925 caud.
2033 3879 2103 3925 sic
2135 3881 2401 3926 Antonium
2428 3876 2698 3938 alloquitur
2729 3893 2747 3929 ε

1719 3977 1744 3997 κ
1765 3956 1935 4005 Nescis
1974 3973 2049 4003 me
2091 3968 2344 4020 praetorem
2389 3954 2600 4019 primum
2640 3972 2747 4012 esse

684 4038 732 4085 5.
787 4036 835 4084 A
874 4031 1091 4099 fortuna
1142 4033 1269 4096 ipsa.
1326 4030 1628 4083 Amicissima
1717 4035 1896 4082 sactum
1912 4070 1927 4095 ‚
1955 4045 2001 4083 te
2025 4037 2340 4084 concessione
2361 4035 2746 4099 competitorum

603 4114 888 4182 reipublicae
908 4130 1018 4178 quae
1041 4114 1236 4175 fecerit,
1257 4123 1309 4161 ut
1326 4147 1340 4175 ,
1369 4129 1469 4178 quo
1493 4130 1625 4164 anno
1714 4124 1762 4162 ct
1798 4114 2055 4162 collatione
2083 4112 2370 4185 collegarum
2385 4149 2401 4189 2
2430 4124 2476 4164 ct
2502 4130 2613 4166 meo
2636 4129 2745 4163 ma-
