2994 4778
865 455 2304 550 ARGUMENTUM.171

272 591 445 651 retur,
475 577 552 637 ab
597 577 672 635 iis
720 588 812 636 est
844 575 1249 639 interfectus».
1280 577 1450 637 Cous.
1496 576 1612 635 Dio
1657 573 1756 633 lib.
1796 570 1985 648 xm3
2011 574 2310 721 Epit.1.iv.

275 676 368 736 lib.
387 676 589 737 CXI.-
620 670 926 735 Hactenus
953 673 1268 733 Manutius.

335 891 467 946 Jam
492 884 777 945 orationis
796 904 907 964 pro
930 884 1113 945 Coelio
1132 904 1361 944 causam
1385 898 1444 944 et
1471 894 1876 962 argumentum
1904 901 2273 962 exponemus.

331 986 401 1042 L.
439 982 855 1061 Sempronium
885 981 1213 1041 Atratinum
1248 994 1474 1061 patrem
1520 980 1732 1041 Coelius
1778 979 1854 1038 de
1889 978 2112 1038 ambitu
2151 998 2319 1038 accu-

254 1084 506 1138 saverat.
542 1079 683 1157 Ejus
721 1078 1105 1137 accusationis
1138 1078 1343 1138 dolore
1383 1078 1652 1137 incensus
1690 1082 1758 1139 L.
1797 1077 2097 1137 Atratinus
2139 1077 2318 1148 filius,

252 1196 373 1234 una
401 1195 543 1234 cum
574 1180 644 1235 L.
679 1175 975 1237 Herennio
1021 1174 1265 1235 Coelium
1305 1176 1431 1254 lege
1476 1172 1709 1234 Lutatia
1749 1173 1824 1233 de
1863 1174 1925 1232 vi
1953 1192 2116 1233 reum
2149 1173 2284 1232 fecit
2309 1217 2328 1247 ,

251 1272 416 1352 quod
463 1292 501 1331 a
549 1270 758 1333 Clodia
794 1275 859 1330 P.
903 1270 1093 1331 Clodii
1132 1291 1333 1331 sorore
1383 1291 1591 1331 aurum
1635 1290 1708 1330 ex
1753 1271 2004 1330 armario
2055 1284 2321 1330 mutuum

253 1369 608 1448 sumpsisset
626 1408 647 1439 ,
720 1367 881 1446 quod
936 1372 1004 1428 L.
1057 1368 1291 1427 Lucceii
1338 1368 1522 1427 servis
1570 1366 1737 1426 daret
1756 1408 1774 1439 ,
1826 1387 1935 1446 per
1994 1387 2144 1445 quos
2204 1368 2320 1427 Dio

249 1465 691 1526 Alexandrinus
742 1465 1064 1544 legatorum
1117 1464 1192 1524 ab
1245 1463 1654 1525 Alexandrinis
1706 1469 1953 1526 Romam
2007 1466 2312 1523 missorum

255 1565 564 1642 princeps,
585 1561 689 1640 qui
716 1575 838 1620 tum
859 1561 1017 1641 apud
1038 1562 1350 1622 Lucceium
1378 1559 1685 1621 habitabat
1701 1605 1722 1637 ,
1741 1574 2079 1634 necaretur3
2107 1559 2319 1620 deinde

256 1660 420 1738 quod
446 1657 714 1736 ejusdem
737 1656 956 1718 Clodiae
978 1659 1250 1718 necanda
1276 1679 1447 1719 causa
1474 1679 1762 1718 venenum
1790 1671 2068 1738 parasset.

332 1760 405 1815 In
441 1754 698 1815 exordio
727 1754 972 1814 miratur
997 1757 1137 1835 ipsis
1170 1756 1379 1816 diebus
1406 1756 1565 1816 festis
1600 1756 1868 1834 ludisque
1898 1750 2150 1836 publicis
2185 1758 2319 1816 Coe-

258 1856 396 1915 lium
440 1853 873 1913 adolescentem
914 1852 1125 1913 illustri
1171 1854 1435 1935 ingenio,
1472 1853 1758 1915 industria
1775 1897 1794 1925 ,
1819 1855 2030 1933 gratia,
2056 1856 2317 1913 accusari

259 1951 329 2011 ab
355 1952 485 2030 ejus
507 1951 635 2010 filio
658 1992 674 2021 ,
704 1969 877 2029 quem
903 1950 1029 2029 ipse
1060 1948 1122 2008 in
1151 1950 1436 2028 judicium
1462 1951 1719 2024 vocarit,
1748 1964 1807 2011 et
1835 1950 2173 2010 meretriciis
2195 1949 2319 2029 opi-

261 2047 364 2108 bus
384 2047 662 2128 (clodiae)
684 2049 1041 2127 oppugnari,
1074 2068 1203 2127 cap.
1229 2070 1279 2107 1.

324 2146 562 2207 Deinde
609 2147 863 2226 primum
919 2147 1233 2226 respondet
1281 2148 1383 2221 iis,
1429 2166 1564 2225 quae
1599 2158 1961 2206 accusatores
2002 2146 2168 2205 Coelii
2209 2146 2313 2206 de-

264 2242 549 2303 formandi
579 2262 755 2301 causa
771 2286 788 2315 ‚
828 2254 888 2302 et
926 2240 1296 2302 detrahendae
1328 2241 1623 2321 dignitatis
1656 2242 1840 2321 gratia
1868 2242 2149 2301 dixerant.
2183 2242 2316 2301 Pri-

267 2356 414 2398 mum
435 2337 708 2417 objectus
734 2351 860 2397 erat
885 2350 1072 2416 pater,
1102 2337 1262 2417 quod
1289 2351 1391 2398 aut
1417 2355 1625 2418 parum
1651 2335 1998 2416 splendidus
2014 2337 2138 2418 ipse
2157 2379 2176 2408 ,
2215 2350 2319 2398 aut

277 2455 466 2513 parum
486 2435 589 2515 pie
614 2447 895 2494 tractatus
924 2454 961 2493 a
989 2436 1111 2494 filio
1144 2435 1454 2494 diceretur.
1474 2434 1707 2495 Deinde
1736 2433 2098 2512 objecerant,
2117 2436 2317 2495 muni-

273 2531 484 2610 cipibus
529 2532 654 2591 suis
695 2552 816 2591 non
855 2551 979 2591 esse
1009 2533 1250 2592 Coelium
1282 2531 1612 2611 probatum.
1662 2537 1990 2609 Utrumque
2030 2532 2322 2591 refutatur

271 2648 391 2708 cap.
416 2649 470 2689 2.
490 2633 649 2689 Tum
677 2627 837 2706 quod
864 2627 1157 2707 objectum
1189 2641 1315 2688 erat
1356 2628 1431 2687 de
1462 2628 1776 2708 pudicitia,
1812 2627 1875 2686 id
1903 2627 2107 2686 Cicero
2130 2627 2318 2686 male-

260 2724 476 2787 dictum
515 2747 646 2786 esse
681 2726 789 2800 ait,
832 2746 953 2785 non
988 2727 1449 2800 accusationem,
1489 2746 1618 2805 cap.
1647 2726 1702 2785 3.
1731 2731 1917 2785 Porro
1960 2738 2321 2783 accusatores

260 2824 434 2883 Coelio
478 2822 819 2901 objecerant
861 2822 1122 2882 Catilinae
1172 2823 1646 2895 familiaritatem3
1683 2825 1881 2902 itaque
1926 2840 2060 2880 eum
2112 2821 2317 2881 Cicero

253 2918 462 2978 liberat
494 2938 532 2977 a
556 2919 884 2998 suspicione
905 2963 922 2993 ,
966 2939 1081 2997 qua
1126 2918 1471 2978 credebatur
1515 2919 1861 2979 Catilinariae
1904 2917 2318 2996 conjurationis
2408 2977 2414 2982 .
2527 2957 2532 2962 -

249 3018 551 3094 particeps
596 3016 805 3089 fuisse,
853 3036 977 3096 cap.
1025 3016 1141 3088 4-6.
1196 3014 1421 3076 Deinde
1475 3016 1792 3095 respondet
1842 3015 2312 3076 adversariorum

256 3112 812 3191 reprehensionibus
839 3113 967 3172 aeris
993 3113 1163 3173 alieni
1187 3126 1246 3172 et
1278 3113 1504 3192 profusi
1526 3127 1790 3192 sumptus
1805 3160 1822 3189 ,
1850 3114 2106 3190 itemque
2139 3113 2316 3171 semi-

253 3209 539 3289 grationis
561 3230 594 3269 a
622 3222 819 3289 patre,
842 3230 967 3288 cap.
1002 3231 1058 3285 7,
1096 3212 1155 3269 8.
1201 3213 1338 3283 Quo
1364 3210 1497 3268 loco
1516 3209 1745 3287 judices
1771 3210 2062 3278 hortatur,
2102 3222 2170 3267 ut
2210 3228 2314 3267 ca-

253 3320 472 3390 veant,
501 3326 575 3365 ne
601 3321 721 3366 tam
755 3306 916 3366 iratis
945 3305 1186 3366 testibus
1209 3304 1484 3380 credant,
1534 3325 1663 3383 cap.
1695 3307 1752 3379 8,
1786 3326 1853 3384 9;
1892 3306 2175 3383 simulque
2199 3305 2319 3364 lau·

256 3402 354 3463 dat
384 3408 696 3476 Crassum,
731 3401 893 3481 quod
922 3404 1172 3482 graviter
1193 3416 1251 3462 et
1278 3414 1483 3462 ornate
1515 3402 1689 3461 etiam
1723 3416 1946 3482 partem
1978 3422 2166 3462 causae
2195 3414 2318 3461 tra-

252 3500 535 3573 ctaverit,
559 3519 695 3578 quae
721 3512 848 3559 erat
879 3498 954 3558 de
993 3497 1375 3558 seditionibus
1400 3498 1830 3577 Neapolitanis,
1861 3499 1933 3559 de
1960 3499 2336 3573 Alexandri--

255 3616 469 3656 norum
493 3596 824 3676 pulsatione
847 3597 1186 3670 Puteolana,
1210 3595 1284 3655 de
1314 3595 1484 3655 bonis
1510 3597 1682 3656 Pallae
1698 3640 1716 3671 ,
1748 3597 1943 3677 aitque
1974 3618 2034 3656 se
2059 3597 2211 3656 velle
2242 3597 2318 3657 ab

261 3694 473 3753 eodem
497 3692 671 3752 etiam
698 3691 773 3750 de
801 3693 995 3752 Dione
1020 3691 1242 3751 dictum
1264 3712 1420 3765 esse,
1454 3712 1582 3771 cap.
1609 3712 1702 3751 10.

333 3795 469 3849 Iam
515 3789 880 3848 convertitur
924 3789 1112 3848 oratio
1164 3788 1239 3847 ad
1295 3792 1362 3849 L.
1405 3789 1768 3848 Herennium
1792 3832 1811 3862 ,
1852 3788 1956 3866 qui
2002 3789 2185 3848 multa
2231 3790 2307 3848 de

257 3889 423 3948 Coelii
446 3887 868 3947 incontinentia
879 3887 1438 3967 intemperantiaque
1449 3887 1691 3965 ejusque
1704 3887 1926 3947 deliciis
1942 3887 2311 3959 disseruerat,

252 3999 312 4045 et
338 3984 545 4044 multis
572 3983 765 4043 verbis
796 3985 1005 4045 Cicero
1040 3985 1285 4045 Coelium
1319 3996 1586 4055 excusat,
1617 3983 1696 4043 ita
1737 3997 1803 4042 ut
1843 3984 2107 4044 Clodiam
2146 3985 2313 4044 simul

254 4081 646 4161 perstringat,
673 4101 801 4160 cap.
830 4101 1023 4140 ιι-Ἆο.

333 4184 502 4239 Tum
541 4176 757 4238 accedit
794 4177 866 4238 ad
898 4177 1139 4237 crimina
1173 4179 1415 4257 proprie
1444 4179 1527 4238 sic
1569 4176 1720 4237 dicta
1760 4176 2066 4248 diluenda3
2106 4177 2166 4235 in
2199 4194 2317 4252 quo
