2994 4778
694 413 803 494 36
1328 422 1421 487 M.
1473 421 1550 487 T.
1604 418 2169 487 CICERONIS

709 559 792 613 ut
833 543 1153 612 omittam
1203 539 1628 627 Gabinium,
1681 538 1882 635 quod
1923 553 2201 609 tantum
2251 537 2577 609 homines
2613 536 2811 609 fefel-

707 653 890 735 listi,
928 665 1006 720 ut
1046 648 1437 745 negligeres
1480 648 1975 719 auctoritatem
2020 650 2346 719 senatus?
2386 648 2639 745 optimi
2687 672 2812 718 cu·

701 762 961 855 jusque
997 757 1287 829 consilia
1319 756 1857 827 contemneres?
1884 755 2399 853 rempublicam
2431 754 2814 853 proderes?

705 869 1075 940 consulare
1104 890 1371 936 nomen
1396 865 1790 962 affligeres?
1827 866 2133 936 etiamne
2164 864 2440 936 edicere
2468 863 2813 948 audebas,

705 1002 797 1048 ne
832 989 1219 1046 moererent
1266 974 1593 1045 homines
1638 998 1870 1045 meam
1894 1026 1912 1058 ‚
1956 998 2154 1043 suam
2180 1027 2199 1062 ,
2245 963 2660 1072 reipublicae
2699 998 2813 1044 ca·

702 1083 1135 1155 lamitatem?
1176 1080 1318 1152 ne3
1370 1083 1566 1154 hunc
1605 1107 1816 1153 suum
1861 1081 2184 1154 dolorem
2222 1097 2415 1154 veste
2461 1081 2808 1177 significa·
2887 1072 2900 1081 ’

703 1193 911 1265 rent?
962 1194 1118 1262 Sive
1170 1191 1289 1261 illa
1341 1193 1555 1262 vestis
1610 1192 1908 1261 mutatio
1955 1190 2044 1261 ad
2092 1191 2416 1262 luctum‘*
2465 1191 2810 1286 ipsorum,

705 1305 850 1372 sive
880 1300 969 1370 ad
998 1298 1528 1396 deprecandum
1565 1298 1878 1386 valebat3
1907 1300 2068 1395 quis
2100 1323 2440 1395 umquam
2481 1313 2627 1367 tam
2656 1322 2812 1368 cru-

706 1410 886 1479 delis
930 1407 1106 1496 fuit,
1154 1414 1282 1504 qui
1332 1407 1751 1506 prohiberet
1795 1432 2230 1505 quemquam
2283 1421 2406 1477 aut
2447 1406 2585 1477 sibi
2632 1432 2810 1477 moe·

704 1544 900 1607 rere,
943 1533 1065 1589 aut
1109 1523 1361 1589 ceteris
1401 1518 1845 1616 supplicare?
1894 1516 2136 1607 Quid?
2192 1542 2320 1587 sua
2374 1529 2629 1613 sponte
2677 1515 2809 1584 ho-

702 1637 930 1702 miues
984 1636 1057 1702 in
1113 1632 1503 1701 amicorum
1560 1631 1894 1727 periculis
1943 1633 2276 1701 vestitum
2337 1642 2610 1698 mutare
2661 1654 2809 1698 non

677 1740 979 1813 solent?
1009 1764 1143 1836 pro
1178 1754 1246 1809 te
1279 1741 1434 1835 ipso
1452 1736 1505 1825 ⁵,
1549 1741 1705 1809 Piso
1729 1793 1748 1828 ,
1791 1750 2097 1809 nemone
2143 1733 2534 1808 mutavitss?
2570 1761 2665 1806 ne
2699 1737 2812 1807 isti

703 1847 993 1944 quidem
1017 1901 1035 1933 ‚
1089 1871 1274 1943 quos
1320 1847 1629 1943 legatos⁷
1669 1873 1818 1918 non
1855 1847 2075 1919 modo
2109 1848 2312 1918 nullo
2353 1844 2812 1917 senatuscon-

702 1956 892 2027 sulto
913 2010 931 2040 ,
972 1955 1097 2026 sed
1129 1958 1340 2035 etiam
1377 1971 1826 2053 repugnante
1855 1972 2104 2027 senatu
2126 2010 2145 2045 ,
2179 1971 2330 2026 tute
2358 1955 2488 2026 tibi
2520 1955 2813 2051 legasti?

702 2063 1240 2161 Ergo'hominis
1278 2063 1633 2160 desperati
1650 2058 1705 2151 3,
1743 2079 1813 2135 et
1846 2064 2231 2163 proditoris
2268 2063 2681 2161 reipublicae
2707 2077 2812 2134 ca-

703 2198 862 2244 sum
914 2172 1317 2269 lugebunt9
1360 2172 1696 2255 fortasse,
1744 2176 1872 2271 qui
1915 2174 2201 2245 volent:
2243 2176 2410 2245 civis
2458 2172 2813 2244 florentis-

703 2283 863 2352 simi
904 2279 1383 2352 benivolentia
1420 2280 1822 2369 bonorum,
1863 2297 1937 2352 et
1976 2286 2248 2380 optime
2298 2281 2386 2352 de
2424 2282 2650 2357 salute
2694 2307 2810 2379 pa·

701 2393 851 2460 triae
914 2392 1197 2479 meriti,
1256 2391 1697 2488 periculum,
1751 2393 2216 2487 conjunctum
2272 2417 2440 2463 cum
2489 2392 2811 2490 periculo

618 2509 619 2516 ’
702 2499 1038 2585 civitam,
1096 2499 1335 2595 lugere
1375 2504 1652 2569 senatui
1689 2524 1837 2569 non
1879 2501 2163 2572 licebit?
2210 2500 2433 2571 Iidem
2481 2501 2812 2573 consules

702 2609 801 2702 (si
836 2608 1242 2707 appellandi
1270 2624 1438 2680 sunt
1469 2609 1829 2695 consules,
1865 2634 2050 2705 quos
2076 2635 2290 2681 nemo
2320 2624 2462 2696 est,
2501 2611 2627 2706 qui
2657 2636 2810 2681 non

699 2715 919 2786 modo
949 2741 1036 2787 ex
1066 2717 1441 2796 memoria,
1477 2715 1604 2786 sed
1644 2719 1857 2787 etiam
1893 2743 1981 2789 ex
2017 2717 2209 2789 fastis
2238 2718 2650 2790 evellendos
2685 2743 2816 2815 pu-

772 2873 823 2919 3.
849 2873 958 2930 Ne,
976 2883 1072 2921 otc.
1094 2873 1177 2922 Al.
1201 2895 1225 2914 ι
1245 2890 1366 2924 neve
1390 2876 1441 2923 h.
1457 2876 1561 2927 dol.
1583 2891 1712 2928 veste
1799 2888 1908 2943 pout
1933 2877 2158 2926 Reditum
2189 2878 2252 2926 ad
2275 2878 2413 2941 Quir.
2441 2894 2548 2942 cap.
2575 2874 2634 2935 5,
2674 2881 2811 2939 conj.

701 2959 881 2996 mutata
911 2951 1136 2997 s.-J.v.
1164 2955 1218 3000 L.
1627 3009 1636 3016 .
1797 2956 2014 3005 mutabit.
2068 2956 2290 3020 Optime;
2336 2956 2421 3005 aed
2468 2958 2566 3018 jam
2613 2956 2814 3007 Ianam.

771 3036 817 3082 4.
842 3028 927 3075 Ad
942 3028 1118 3076 luctum
1137 3029 1363 3094 ipsorum.
1385 3036 1514 3093 Sive,
1531 3037 1707 3100 inquit,
1797 3036 2094 3094 conjecerat,
2123 3046 2172 3082 et
2198 3037 2396 3082 omnino
2424 3047 2633 3084 suaserat
2661 3037 2815 3084 Gar·-

698 3117 879 3153 vestem
907 3118 1226 3168 mutaverant,
1257 3123 1313 3160 ut
1337 3129 1490 3161 meam
1512 3116 1707 3179 pariter,

697 3196 746 3232 et
763 3201 896 3232 auam
920 3186 1138 3249 lugerent
1155 3188 1467 3241 calamitatem
1484 3229 1500 3254 ,
1524 3195 1627 3242 sive
1651 3206 1713 3243 ut

697 3279 849 3309 meam
868 3263 1065 3311 salutem
1084 3265 1474 3331 deprecarentur;
1491 3284 1709 3319 neutram

698 3339 763 3387 ob
802 3356 990 3387 causam
1029 3342 1180 3390 facere
1225 3345 1277 3392 id
1295 3380 1310 3405 ‚
1355 3348 1489 3410 quod
1525 3350 1709 3409 fecisti,

698 3434 890 3481 aequmn
929 3419 1020 3466 suit
1050 3433 1064 3466 ε
1105 3437 1255 3483 quum
1296 3441 1438 3473 nemo
1482 3443 1709 3491 umquam

698 3506 794 3542 tam
825 3495 1035 3543 crudelia
1074 3497 1246 3562 fuerit,
1282 3504 1366 3565 qui
1403 3505 1707 3567 prohibuerit

697 3589 982 3636 quemquam
1006 3586 1087 3622 aut
1109 3593 1305 3628 moerere
1324 3581 1373 3628 in
1394 3599 1484 3630 suo
1510 3583 1706 3644 dolore,

696 3662 778 3699 aut
806 3654 973 3699 ceteris
1006 3654 1059 3700 in
1094 3657 1235 3704 amici
1273 3661 1488 3723 periculo
1521 3667 1705 3730 suppli-

694 3746 818 3778 care.

768 3813 813 3857 5.
840 3813 936 3856 Pro
958 3822 1002 3857 te
1019 3811 1137 3875 ipso.
1161 3814 1468 3881 Apostrophe
1482 3821 1552 3867 ad
1574 3823 1703 3870 Piso·

695 3904 805 3934 nem
851 3889 1094 3937 absentem
1125 3906 1137 3939 :
1183 3908 1294 3941 nam
1340 3895 1435 3945 hoc
1489 3909 1702 3964 tempore

696 3967 1026 4016 Macedoniam
1045 3974 1374 4034 proconsulari
1391 3980 1594 4042 imperio
1618 3981 1702 4028 ad-

694 4045 1007 4095 ministrabat.

764 4117 814 4162 6.
848 4118 1065 4165 Mutavit.
1103 4123 1175 4168 Fr.
1215 4123 1272 4169 A.
1304 4125 1453 4173 Wolf.
1482 4127 1543 4174 ad
1576 4141 1699 4177 orat.

1796 3113 1975 3161 tonius.
2003 3113 2036 3159 J
2039 3112 2131 3159 .V.
2161 3115 2215 3159 L.

1869 3208 1917 3251 7.
1948 3192 2172 3255 Legatos.
2202 3190 2409 3237 Videtur
2430 3191 2543 3237 Piso
2565 3191 2668 3253 lege
2690 3190 2810 3239 Clo-

1795 3268 1874 3315 dia
1893 3302 1907 3326 ,
1956 3285 2051 3331 qua
2090 3269 2390 3332 provinciam
2428 3270 2614 3333 accepit
2638 3305 2653 3329 ,
2704 3285 2810 3315 eam

1797 3347 2073 3395 facultatem
2102 3346 2351 3404 habuisse,
2387 3357 2442 3393 ut
2468 3347 2654 3410 legatos
2684 3346 2811 3394 deli-

1796 3436 1951 3488 geret,
1977 3435 2119 3487 atque
2144 3424 2328 3471 idcirco
2358 3439 2647 3488 repugnasse
2671 3441 2814 3472 sena·

1797 3514 1875 3551 tus
1890 3537 1906 3562 ,
1939 3502 2073 3565 quod
2098 3502 2250 3565 ipsius
2271 3503 2531 3550 auctoritas
2557 3503 2812 3551 imminue-

1796 3580 1951 3628 batur.
1976 3577 2232 3628 Confer'in
2251 3580 2347 3628 Pis.
2372 3581 2455 3628 36.

1867 3660 1917 3708 8.
1947 3658 2164 3707 Hominis
2189 3657 2446 3721 desperati.
2472 3659 2570 3720 Qui
2599 3669 2652 3705 ut
2679 3671 2812 3708 recte

1791 3749 1927 3800 agat,
1949 3749 2032 3785 aut
2051 3738 2250 3796 sentiat,
2272 3738 2451 3800 sperari
2471 3752 2569 3783 non
2590 3747 2772 3799 potest.

1862 3832 1908 3877 9.
1949 3817 2193 3881 lugebunt
2204 3814 2440 3879 fortasse.
2471 3813 2682 3862 Addidit
2707 3819 2811 3864 for-

1789 3905 1944 3955 tasse,
1979 3905 2035 3941 ut
2076 3893 2285 3942 dubitari
2328 3910 2467 3958 posse
2498 3891 2714 3954 indicet,
2745 3911 2809 3942 au

1789 3972 1961 4035 aliquia
1982 3972 2179 4018 omnino
2198 3973 2250 4019 in
2266 3972 2475 4020 hominis
2493 3970 2741 4037 desperati
2758 3985 2811 4020 et

1789 4051 2054 4114 proditoris
2095 4052 2373 4113 reipublice.
2410 4067 2523 4099 casu
2567 4051 2810 4114 lacrymas

1792 4128 1988 4177 daturus
2011 4131 2090 4177 sit.
