2994 4778
646 422 785 495 386
1280 423 1376 489 M.
1429 423 1506 489 T.
1562 421 2133 491 CICERONIS

641 543 956 644 impulsu
1013 539 1318 613 deorum
1372 543 1624 613 terreri
1675 543 2050 614 Furiarum
2094 540 2293 614 taedis
2330 542 2772 617 ardentibus,

644 661 785 728 Sua
814 675 1183 751 quemque
1215 649 1442 738 fraus,
1483 676 1700 724 suum
1734 650 2051 736 facinus,
2088 675 2300 722 suum
2339 653 2612 738 scelus,
2653 679 2777 724 sua

643 765 937 837 audacia
971 760 1062 833 de
1093 762 1391 833 sanitate
1430 785 1514 832 ac
1555 774 1802 833 mente
1856 760 2215 832 deturbat.
2255 765 2379 831 Hae
2428 777 2605 833 sunt
2645 765 2776 833 im-

644 877 931 973 piorum
965 870 1201 957 furiae,
1247 870 1356 940 hae
1378 869 1721 957 flammae,
1753 870 1866 941 hae
1903 869 2112 943 faces.
2147 875 2296 966 Ego
2340 885 2412 942 te
2461 897 2620 942 non
2662 898 2777 942 vc·

644 982 939 1057 cordem
967 1034 988 1070 ,
1051 1005 1201 1051 non
1265 979 1618 1052 furiosum
1653 1036 1673 1067 ,
1733 984 1881 1052 non
1935 995 2183 1052 mente
2242 996 2533 1079 captum
2564 1036 2585 1068 ,
2629 1008 2777 1054 non

647 1096 916 1191 tragico
988 1091 1114 1162 illo
1171 1087 1469 1163 Oreste⁵
1536 1106 1662 1162 aut
1709 1086 2193 1162 Athamante⁶
2247 1080 2776 1162 dementiorem

643 1219 894 1302 putem
917 1253 936 1285 ‚
978 1202 1109 1298 qui
1162 1202 1257 1272 sis
1303 1225 1521 1272 ausus
1589 1202 1899 1296 primum
1949 1199 2228 1272 facere⁷
2250 1227 2270 1288 ;
2323 1226 2493 1272 nam
2546 1203 2617 1272 id
2670 1216 2778 1272 est

643 1325 902 1410 caput;
943 1308 1205 1381 deinde
1246 1309 1491 1406 paullo
1548 1324 1758 1396 ante,
1795 1314 2201 1406 Torquate,
2252 1313 2668 1408 gravissimo
2701 1326 2779 1382 et

642 1420 1084 1492 sanctissimo
1114 1420 1313 1506 vir0,
1349 1434 1764 1515 premente,
1807 1419 2175 1506 confiteri,
2219 1435 2292 1492 tc
2330 1422 2776 1519 provinciam

641 1528 1133 1601 Macedoniam
1154 1581 1174 1613 ,
1218 1528 1290 1597 in
1346 1552 1570 1624 quam
1631 1542 1913 1601 tantum
1958 1532 2357 1602 exercitum
2410 1547 2778 1631 transpor-

641 1655 903 1727 tasse5‚
964 1642 1117 1709 sine
1174 1637 1326 1708 ullo
1371 1639 1597 1710 milite
1649 1639 2063 1736 reliquisse?
2116 1642 2328 1712 Mitto
2379 1640 2472 1712 de
2521 1645 2777 1714 amissa

638 1748 950 1819 maxima
987 1759 1187 1843 parte
1216 1750 1598 1818 exercitus.
1645 1750 1755 1819 Sit
1790 1748 1930 1820 hoc
1964 1747 2401 1823 infelicitatis
2436 1767 2604 1823 tuae.
2648 1754 2775 1824 Di·

637 1856 972 1930 mittendi
1014 1880 1185 1928 vero
1223 1858 1577 1930 exercitus
1622 1883 1841 1955 quam
1884 1874 2096 1957 potes
2133 1859 2394 1933 afferre
2443 1864 2776 1935 causam?
2833 1934 2837 1936 ,

639 1991 859 2066 quam
914 1979 1341 2065 potestatem
1395 1964 1761 2039 habuisti?
1813 1991 2033 2065 quam
2070 1969 2353 2066 legem?
2410 1971 2616 2067 quod
2661 1996 2776 2043 se-

636 2077 1317 2150 natusconsultum?
1361 2075 1563 2173 quod
1591 2075 1759 2173 jus?
1811 2078 2012 2175 quod
2078 2080 2530 2178 exemplum?
2580 2081 2775 2172 Quid

641 2202 748 2259 cst
786 2186 980 2257 aliud
1018 2183 1294 2273 furere,
1330 2188 1466 2260 nisi
1503 2211 1652 2258 non
1689 2211 2126 2284 cognoscere
2175 2188 2512 2260 homines
2525 2183 2584 2277 ⁸,
2619 2215 2777 2261 non

639 2320 1075 2395 cognoscere
1088 2296 1315 2395 leges,
1342 2321 1490 2392 non
1523 2310 1890 2385 senatum,
1914 2322 2068 2368 non
2087 2299 2493 2369 civitatem?
2524 2324 2780 2372 cruen-

640 2424 786 2480 tare
810 2430 1075 2503 corpus
1103 2431 1312 2478 suum
1333 2408 1411 2477 9?
1446 2409 1676 2503 major
1704 2408 1854 2480 haec
1887 2425 1995 2506 est
2032 2412 2193 2481 vitae
2211 2463 2229 2495 ,
2255 2409 2460 2481 famae
2478 2465 2502 2497 ‚
2533 2411 2780 2482 salutis

636 2543 780 2591 suae
802 2516 1226 2588 vulneratio.
1263 2519 1336 2588 Si
1372 2516 1715 2590 familiam
1745 2532 1942 2591 tuam
1981 2518 2657 2617 dimisisseS,quod
2693 2519 2779 2592 ad

643 2628 1043 2712 neminem,
1081 2629 1219 2697 nisi
1248 2626 1339 2697 ad
1371 2631 1606 2724 ipsum
1647 2642 1720 2699 te
1743 2636 1837 2715 ¹⁰,
1872 2631 2301 2726 pertineret,
2337 2631 2552 2701 amici
2580 2644 2654 2702 te
2679 2631 2778 2700 tui

718 2810 769 2858 5.
801 2809 986 2855 Oreste.
1012 2804 1277 2853 Notissima
1303 2803 1363 2851 de
1381 2804 1554 2852 Oreste
1572 2821 1668 2852 ms·

644 2886 817 2938 tricids
840 2884 998 2933 sabula
1018 2892 1112 2940 est,
1130 2885 1214 2947 qui
1227 2882 1366 2931 tedis
1381 2883 1666 2933 ardentibus

643 2982 834 3031 semper
854 2963 1139 3013 terrebatur.

715 3046 767 3094 6.
796 3040 1114 3092 Athamante.
1140 3038 1265 3088 AEoli
1292 3037 1423 3088 filius
1449 3040 1573 3091 fnit:
1602 3041 1667 3089 ad

646 3124 699 3173 td
730 3139 841 3173 enm
865 3120 1078 3172 Junonis
1109 3120 1176 3167 irs
1204 3118 1425 3185 impulit,
1452 3130 1513 3169 ut
1538 3117 1667 3169 filios

642 3205 789 3254 morti
805 3203 958 3251 daret.

720 3300 766 3344 7.
807 3282 1020 3330 Primum
1030 3279 1226 3346 facere.
1259 3280 1473 3328 Primum
1503 3279 1663 3327 dimit-

645 3369 745 3408 tere
766 3361 1048 3422 ‚exercitum
1067 3392 1083 3416 ‚
1125 3368 1173 3405 et
1217 3358 1320 3405 sine
1359 3357 1463 3405 ullo
1510 3358 1665 3407 milite

645 3437 950 3502 provinciam
983 3436 1282 3498 relinquere,
1316 3434 1494 3483 deinde
1521 3437 1665 3485 etiam

644 3517 699 3565 in
722 3525 892 3564 seu-tu
917 3512 1157 3562 confiteri.

719 3596 773 3643 8.
823 3591 931 3640 Nisi
972 3606 1069 3637 non
1112 3603 1400 3653 cognoscem
1431 3589 1666 3654 homiues.

646 3673 747 3724 Alii
770 3659 867 3720 n'a'si
885 3669 1048 3717 delent
1068 3658 1198 3732 :ego
1222 3668 1425 3716 omnino
1449 3668 1668 3717 retinen-

650 3752 766 3802 dum
792 3760 947 3814 puto3
986 3758 1045 3795 ut
1071 3748 1133 3794 sit
1165 3746 1506 3811 interpretatio
1534 3748 1670 3798 verbi

631 3831 809 3896 furere
829 3847 847 3878 .-
877 3842 1032 3892 neque
1058 3827 1140 3876 hic
1174 3835 1392 3885 tantum,
1432 3827 1520 3876 sed
1553 3829 1671 3877 alibi

648 3924 847 3974 quoque
867 3908 937 3956 sic
955 3917 1027 3956 est
1052 3907 1226 3957 Cicero
1253 3906 1517 3972 loquutus,
1538 3920 1593 3956 ut
1615 3910 1668 3957 in

648 3988 797 4036 Lelio
825 4003 839 4037 z
888 4009 913 4028 ιι
931 3987 1066 4049 Quid
1103 3997 1175 4035 est
1213 3986 1347 4035 aliud
1364 4022 1380 4045 ,
1428 4003 1541 4036 cum
1573 3986 1668 4036 diis

647 4068 896 4133 gigantum
937 4080 1069 4114 more
1105 4066 1311 4124 bellare,
1348 4065 1443 4113 nisi
1479 4079 1666 4116 naturae

647 4146 944 4210 repugnare?
966 4164 989 4186 ι
1022 4177 1035 4186 .

1824 2822 1876 2870 9.
1919 2807 2179 2855 &vaeneat-e
2203 2824 2375 2873 corpus
2398 2824 2561 2859 suum.
2588 2812 2669 2858 An
2693 2811 2780 2858 ali-

1753 2887 1893 2951 quis,
1919 2887 2109 2948 furere,
2145 2887 2321 2936 dixerit
2356 2904 2493 2947 esse,
2526 2902 2783 2938 cruentare

1754 2980 1933 3029 corpus
1979 2962 2159 3015 suum?
2198 2977 2247 3014 st
2283 2966 2389 3015 hnc
2431 2968 2580 3027 vita,
2608 2969 2778 3025 fasne,

1753 3043 1919 3091 salutis
1937 3060 2036 3092 suae
2054 3047 2213 3107 major
2234 3046 2504 3095 vulneratio
2524 3058 2616 3096 est.
2644 3049 2781 3096 Non·

1751 3123 1876 3170 nulli
1914 3123 2106 3172 addunt
2123 3158 2139 3182 ,
2181 3124 2281 3173 Im
2314 3136 2389 3173 ese
2409 3140 2429 3173 .-
2464 3137 2521 3174 ut
2558 3127 2780 3191 legatur:

1751 3223 1777 3244 u
1797 3213 2051 3250 cruentare
2086 3217 2268 3267 corpus
2303 3220 2444 3252 suum
2486 3205 2592 3253 leve
2635 3215 2713 3253 est
2735 3224 2781 3253 s.

1756 3280 1935 3343 Sensus
1970 3296 2087 3328 vem
2120 3280 2239 3328 mihi
2272 3281 2466 3346 planior
2490 3275 2703 3345 videtur,
2735 3283 2782 3330 si

1753 3359 1825 3406 sic
1855 3358 2127 3423 intelligas:
2158 3360 2291 3421 Quid
2316 3372 2391 3409 est
2415 3359 2543 3409 aliud
2576 3360 2745 3409 furere
2761 3397 2780 3422 ‚

1753 3437 1849 3484 nisi
1893 3453 1996 3484 nou
2037 3453 2332 3501 cognoscere
2375 3439 2589 3488 homines
2608 3475 2624 3500 ,
2671 3456 2784 3489 non

1754 3530 2049 3579 cognoscere
2074 3513 2241 3581 leges?
2272 3533 2378 3568 uon
2404 3529 2644 3576 senatum,
2675 3535 2789 3570 non

1757 3595 2036 3643 civitaten?
2069 3595 2245 3644 deinde
2272 3613 2390 3645 vero
2424 3599 2786 3664 subjungetur:

1754 3673 1836 3721 An
1868 3674 1964 3721 hoc
2001 3686 2073 3723 est
2099 3676 2283 3734 furere,
2317 3689 2570 3726 cruentare
2600 3696 2791 3747 corpus

1756 3768 1894 3799 suum
1906 3753 1929 3798 Ρ
1942 3755 2098 3814 major
2109 3754 2212 3802 hec
2228 3766 2301 3803 est
2319 3756 2453 3816 vite,
2473 3758 2637 3818 same,
2658 3761 2793 3809 salu·

1757 3831 1821 3879 tis
1857 3845 1957 3879 susc
1989 3832 2277 3881 vulneratio.
2317 3836 2430 3884 Fuit
2460 3837 2568 3884 siue
2598 3836 2792 3897 dnbio,

1758 3910 1857 3957 leve
1874 3920 1973 3968 ese,
1999 3912 2230 3974 glossema
2251 3913 2463 3961 hominis
2480 3916 2722 3980 imperiti.

1832 4004 1915 4039 ιο.
1954 3990 2066 4038 Nisi
2087 3992 2162 4038 ad
2185 3991 2341 4055 ipsum
2369 4005 2447 4051 ee,
2486 3995 2789 4059 pertineret.

1755 4069 2018 4132 Tamquam
2045 4069 2108 4117 ad
2140 4070 2298 4118 solum
2332 4069 2593 4122 dominum
2629 4078 2791 4137 σοι-τίς

1754 4145 1838 4193 sed
1857 4162 2009 4210 quum
2030 4147 2251 4197 dimissio
2281 4152 2524 4200 exercitus
2543 4153 2609 4201 sd
2627 4171 2789 4219 ΜΡ.
