2994 4778
635 408 769 479 382
1262 404 1359 471 Μ.
1404 403 1481 469 Τ.
1540 403 2124 475 CICERONIS

631 534 710 589 ut
750 516 969 588 urbes
1027 513 1595 612 depopularetur
1616 570 1635 599 ‚
1698 537 1909 611 agros
1958 531 2302 607 vastaret,
2354 519 2764 597 exhaurioet

625 630 915 716 domos,
947 650 1163 696 ausus
1199 639 1304 695 est
1331 623 1553 721 (quid
1588 625 1782 695 enim
1812 624 1931 696 ille
1971 650 2118 696 non
2157 627 2560 727 auderet?)
2590 656 2633 703 a
2662 658 2764 704 se-

620 755 794 811 natu
835 737 1437 834 supplicationem
1478 758 1611 831 per
1644 734 1883 805 literas
1920 736 2304 832 postulare.

714 851 973 920 XVIII.
1027 850 1091 915 O
1147 843 1247 914 dii
1290 840 1764 914 immortales!
1816 858 1992 915 tune
2029 847 2284 933 etiam,
2312 862 2550 945 atque
2593 850 2760 922 adeo

619 982 778 1048 voe,
828 959 1131 1056 geminae
1177 957 1555 1052 voragines
1582 966 1602 998 ¹
1653 955 2087 1052 scopulique
2137 958 2598 1056 reipublicae,
2639 987 2761 1033 vos

619 1093 850 1147 meam
880 1067 1250 1140 fortunam
1288 1065 1732 1162 deprimitis?
1767 1081 2075 1137 vestram
2107 1067 2510 1140 extollitis?
2536 1095 2756 1167 quum

619 1181 710 1251 de
742 1203 859 1249 me
896 1201 979 1249 ea
1010 1174 1633 1247 senatusconsulta
1667 1172 1966 1247 absente
2002 1174 2189 1247 facta
2229 1180 2424 1265 sint,
2464 1204 2559 1251 eae
2592 1204 2755 1251 con-

623 1292 871 1363 ciones
914 1286 1216 1373 habitae,
1274 1288 1334 1357 is
1375 1299 1620 1356 motus
1660 1283 1882 1356 fuerit
1928 1290 2502 1386 municipiorum
2541 1305 2612 1362 et
2643 1315 2754 1362 00-

626 1402 982 1472 loniarum
1016 1398 1382 1483 omnium,
1414 1420 1499 1467 ea
1537 1395 1821 1467 decreta
1856 1394 2421 1493 publicanorum
2448 1455 2468 1488 ‚
2503 1425 2585 1472 ea
2618 1401 2754 1472 col-

624 1512 978 1608 legiorum
996 1561 1016 1595 ‚
1042 1530 1125 1578 ea
1152 1506 1472 1604 denique
1510 1529 1859 1605 generum
1882 1506 2377 1606 ordinumque
2392 1513 2751 1595 omnium,

627 1642 787 1718 quae
823 1643 956 1717 ego
996 1643 1147 1688 non
1187 1616 1411 1687 modo
1451 1632 1706 1714 optare
1751 1641 2154 1715 numquam
2200 1618 2546 1693 auderem
2570 1675 2590 1708 ,
2637 1620 2751 1691 sed

626 1731 940 1827 cogitare
984 1752 1137 1798 non
1175 1728 1506 1825 possem?
1543 1751 1671 1797 vos
1714 1740 1955 1799 autem
1997 1731 2477 1827 sempiternas
2515 1730 2750 1803 foedis-

625 1842 817 1910 simae
869 1836 1341 1935 turpitudinis
1391 1851 1603 1907 notas
1652 1835 2067 1909 subieritis?
2120 1844 2235 1911 An
2274 1862 2453 1938 eg0‚
2490 1846 2543 1912 si
2575 1856 2644 1910 te
2677 1854 2748 1912 et

626 1944 1014 2018 Gabinium
1034 1957 1065 1990 ²
1126 1948 1321 2018 cruci
1373 1943 1669 2018 suffixos
1713 1945 2031 2019 viderem
2051 2001 2071 2033 ‚
2116 1951 2392 2046 majore
2443 1949 2746 2022 afficerer

625 2059 862 2129 laetitia
898 2082 987 2129 ex
1017 2060 1345 2156 corporis
1376 2058 1592 2127 vestri
1616 2056 2045 2129 laceratione
2064 2112 2086 2145 ‚
2117 2084 2341 2156 quam
2376 2060 2636 2133 afficior
2658 2085 2743 2130 ex

623 2166 825 2240 famae
848 2164 1244 2241 ³?Nullum
1284 2182 1390 2239 est
1428 2166 1865 2264 supplicium
1908 2169 2318 2265 putandum
2340 2226 2361 2259 ‚
2398 2197 2542 2269 quo
2569 2169 2751 2241 affici

626 2302 793 2351 casu
837 2277 1082 2374 aliquo
1119 2281 1332 2350 etiam
1373 2276 1552 2348 boni
1580 2278 1713 2347 viri
1749 2275 2120 2375 fortesque
2160 2297 2498 2377 possunt.
2529 2289 2755 2377 Atque

625 2388 766 2461 hoc
799 2386 1095 2486 quidem
1125 2392 1339 2461 etiam
1366 2389 1482 2460 isti
1513 2388 1620 2459 tui
1657 2386 1956 2459 dicunt‘*
1984 2391 2412 2489 voluptarii,
2448 2388 2714 2466 Graeci⁵
2743 2419 2757 2460 ε

627 2522 814 2597 quos
841 2500 1116 2569 utinam
1146 2500 1243 2569 ita
1272 2499 1598 2584 audires»,
1627 2512 1706 2569 ut
1733 2513 1936 2569 erant
1964 2499 2341 2573 audiendi!
2364 2526 2758 2601 numquam

628 2625 697 2681 te
734 2613 812 2681 in
848 2623 959 2680 tot
995 2609 1253 2705 flagitia
1292 2611 1802 2706 ingurgitasses
1830 2605 1887 2682 6.
1922 2616 2195 2683 Verum
2233 2615 2450 2686 audis
2484 2618 2565 2686 in
2602 2639 2759 2712 prae·

626 2718 963 2816 sepibus;
1005 2717 1211 2789 audis
1245 2722 1322 2788 in
1345 2719 1698 2814 stupris⁷;
1730 2718 1934 2791 audis
1974 2722 2050 2792 in
2095 2721 2262 2795 cibo
2299 2740 2377 2795 et
2407 2727 2606 2796 vino.
2633 2722 2755 2796 Sed

629 2826 885 2899 dicunt
920 2829 1034 2898 isti
1067 2829 1232 2924 ipsi,
1275 2830 1404 2923 qui
1441 2827 1625 2898 mala
1667 2826 1950 2916 dolore,
1992 2830 2186 2903 bona
2227 2834 2613 2933 voluptate
2648 2833 2760 2904 de-

629 2935 932 3024 finiunt,
970 2938 1400 3034 sapientem,
1438 2939 1713 3008 etiamsi
1748 2940 1824 3009 in
1861 2942 2255 3015 Phalaridis
2295 2961 2512 3017 tauro
2550 2945 2758 3017 inclu-

587 3104 593 3111 ’
699 3104 893 3150 XVIII.
931 3120 976 3150 ι.
1008 3102 1223 3151 Gemina·
1245 3103 1524 3170 voragines.
1546 3105 1647 3167 Qui

635 3189 882 3244 tamquam
913 3184 1171 3247 voragines
1205 3182 1489 3249 reipublicae
1518 3184 1648 3232 bona

630 3258 949 3320 exhausistisg
996 3272 1045 3310 et
1093 3265 1147 3312 in
1192 3281 1317 3329 quos
1369 3264 1648 3330 reipublicae

1808 3113 1858 3161 Ι..
1906 3108 2108 3158 Dicunt.
2158 3112 2479 3176 Supplicium
2529 3114 2584 3161 in
2624 3112 2753 3174 culp·

1734 3201 2003 3254 ponentes;
2030 3191 2117 3239 ubi
2144 3208 2264 3239 vero
2307 3194 2463 3260 culpa
2496 3194 2616 3242 absit
2642 3207 2750 3255 sup-

1734 3270 1939 3334 plicium
1958 3287 2060 3319 uon
2086 3280 2334 3334 putantes.

631 3335 770 3381 navis
801 3348 1048 3402 tamquam
1073 3343 1126 3389 in
1166 3346 1400 3408 scopulos
1435 3346 1647 3408 impacta

625 3413 926 3476 mun-agium
946 3434 1082 3491 passa
1102 3431 1189 3468 eet.

697 3506 746 3537 α.
772 3492 826 3537 Si
839 3503 886 3539 te
903 3506 953 3541 et
973 3496 1251 3547 Gabinium.
1270 3502 1500 3549 Ostendit
1518 3520 1650 3552 mor-

630 3581 726 3617 tem
746 3584 846 3616 uon
865 3587 967 3618 esse
986 3574 1307 3636 supplicium,
1330 3579 1373 3624 si
1398 3581 1649 3646 contingat

627 3649 906 3706 innocenti;
937 3659 1082 3712 atque
1114 3652 1238 3700 odeo
1279 3671 1342 3703 ne
1368 3674 1507 3705 suum
1543 3662 1648 3724 qui-

628 3728 738 3775 dem
766 3727 984 3777 exsilium
1004 3729 1182 3780 infame
1193 3733 1343 3782 luisse
1359 3771 1373 3794 ‚
1400 3738 1537 3801 quod
1554 3740 1649 3804 ipsi

626 3818 832 3871 propter
891 3817 1125 3856 servatam
1193 3815 1540 3879 rempublicam
1599 3830 1649 3867 et

624 3900 926 3949 compressos
970 3886 1190 3939 catilin-2
1237 3894 1423 3944 furores
1469 3909 1543 3946 est
1586 3898 1645 3945 il-

696 4044 744 4091 3.
771 4042 1047 4109 Exfamoe.
1076 4048 1159 4096 Al.
1179 4048 1403 4117 infamia.
1422 4056 1640 4105 Suband-

623 4138 682 4172 ex
704 4123 998 4172 laceratione
1022 4125 1176 4177 fsmae.

1805 3350 1855 3396 5.
1891 3350 2070 3398 Groeci.
2110 3353 2379 3417 Epicurei,
2401 3353 2489 3417 qui
2521 3364 2748 3398 smmum

1734 3427 1948 3476 hominis
1999 3429 2183 3478 bonum
2237 3432 2291 3479 iu
2346 3449 2449 3481 um
2499 3430 2749 3493 voluptate

1734 3520 2020 3571 posueruut.
2038 3510 2132 3560 En.

1806 3585 1859 3634 6.
1892 3587 2267 3652 Iugur-girones.
2296 3590 2580 3652 Numquam
2618 3598 2669 3634 te
2708 3584 2764 3632 in

1735 3663 1859 3711 hanc
1878 3665 2046 3713 faecem
2072 3677 2205 3714 tuam
2224 3668 2591 3727 involuta-ses,
2619 3685 2648 3715 e
2674 3683 2767 3732 qua

1735 3758 1865 3791 nuuc
1884 3761 2123 3809 emergere
2137 3761 2242 3793 nou
2259 3758 2426 3809 potes.

1807 3838 1857 3881 7.
1874 3823 2029 3872 Audis
2053 3825 2102 3871 in
2126 3825 2322 3890 stupris.
2346 3828 2401 3874 Si
2429 3827 2555 3891 quid
2577 3827 2770 3875 honesti

1733 3902 1992 3965 proferunt
2017 3915 2067 3952 et
2092 3904 2315 3962 suadent,
2343 3921 2488 3953 aures
2519 3907 2617 3954 tibi
2637 3906 2772 3953 obse·

1732 3996 1839 4042 ras;
1859 3981 1922 4028 ad
1941 3982 1992 4029 id
2010 3999 2163 4030 unum
2184 3984 2420 4044 intentus,
2442 4002 2565 4049 quae
2586 3986 2651 4033 de
2674 4001 2770 4034 cor-

1731 4060 1865 4122 poris
1910 4062 2245 4126 voluptatibus
2285 4065 2596 4129 turpissimis
2627 4082 2769 4130 argu·

1728 4150 2022 4188 menn-ntur.
2046 4141 2135 4189 En.
