2994 4778
549 428 947 495 ORATIO
1000 429 1207 496 PRO
1256 430 1354 495 M.
1408 428 1997 498 MARCELLO.
2202 429 2342 529 559

216 555 304 620 At
357 572 530 619 vero
575 570 800 644 quum
856 544 1128 642 aliquid
1181 546 1592 633 clementer,
1651 562 2056 634 mansuete,
2106 552 2339 645 juste,

214 657 623 744 moderate,
660 658 1023 753 sapienter
1058 654 1322 726 factum
1349 711 1368 743 ,
1406 657 1478 724 in
1515 654 1880 727 iracundia
1916 667 2300 755 praesertim
2323 723 2343 752 ,

215 794 383 865 quae
418 781 529 838 est
574 768 861 837 inimica
904 765 1240 849 consilio,
1294 781 1367 837 et
1406 769 1480 835 in
1528 767 1851 851 victoria,
1897 791 2059 861 quae
2096 789 2347 847 natura

217 876 536 946 insolens
576 891 650 946 et
699 874 1009 971 superba
1052 889 1194 961 est,
1248 890 1371 950 aut
1409 874 1773 962 audimus,
1813 891 1936 945 aut
1993 876 2296 975 legimus
2330 915 2344 955 :

218 1011 375 1082 quo
417 985 656 1056 studio
705 983 1181 1070 incendimur,
1238 1009 1386 1055 non
1444 980 1667 1054 modo
1706 984 1784 1054 in
1822 989 2037 1081 gestis
2090 989 2347 1077 rebuS,

220 1095 350 1166 sed
388 1097 604 1165 etiam
650 1096 724 1163 in
765 1092 989 1180 fictis,
1034 1109 1119 1164 ut
1164 1118 1288 1164 eos
1325 1117 1549 1190 saepe,
1586 1117 1773 1190 quos
1809 1119 2205 1192 numquam
2246 1103 2345 1170 vi-

223 1205 466 1275 dimus
489 1259 508 1287 ,
548 1203 923 1299 diligamus
947 1204 975 1273 Ρ

319 1318 420 1384 Te
458 1337 668 1398 vem,
727 1336 943 1409 quem
999 1325 1422 1409 praesentem
1463 1315 1858 1397 intuemur,
1910 1315 2113 1406 cujus
2146 1342 2347 1389 men-

227 1438 373 1494 tem
431 1445 824 1518 sensusque
873 1430 1080 1492 eos¹⁰
1133 1421 1537 1508 cernimus,
1593 1437 1708 1509 ut,
1766 1421 2120 1518 quidquid
2178 1426 2348 1499 belli

225 1533 524 1604 fortuna
575 1532 935 1628 reliquum
989 1530 1401 1627 reipublicae
1445 1529 1728 1619 fecerit,
1764 1531 1837 1601 id
1885 1557 2037 1603 esse
2081 1536 2350 1609 salvum

224 1642 439 1725 veliS,
475 1639 740 1737 quibus
775 1639 1106 1711 laudibus
1140 1639 1570 1711 efferemus?
1607 1640 1875 1737 quibus
1903 1644 2155 1716 studiis
2184 1672 2354 1745 pro-

229 1750 670 1848 sequemur?
697 1776 841 1846 qua
870 1749 1365 1821 benivolentia
1382 1749 1987 1848 complectemur?
2028 1756 2356 1844 Parietes,

232 1860 518 1931 medius
544 1857 761 1929 fidius
796 1871 881 1942 ¹¹,
922 1873 1005 1928 ut
1041 1858 1216 1929 mihi
1240 1858 1632 1940 videturw,
1675 1858 1891 1953 hujus
1931 1864 2180 1952 curiae,
2229 1868 2356 1938 tibi

231 1973 497 2067 gratias
529 1994 736 2066 agere
779 1971 1123 2066 gestiunt,
1156 1969 1356 2064 quod
1393 1968 1598 2039 brevi
1640 1983 1963 2064 tempore
1995 1969 2237 2046 futura
2270 1980 2362 2050 sit

236 2079 357 2151 illa
424 2077 892 2150 auctoritas¹³
956 2081 1030 2148 in
1100 2077 1210 2148 his
1280 2080 1633 2173 majorum
1700 2102 1997 2148 suorum
2076 2098 2149 2152 et
2215 2091 2363 2161 suis

237 2189 552 2262 sedibus.

238 2415 307 2460 ita
345 2423 401 2460 ut
430 2427 536 2459 vera
564 2420 611 2457 et
637 2410 820 2458 sincera
847 2409 1069 2473 voluptas
1103 2410 1249 2457 sensi·

240 2492 337 2539 bue
353 2490 486 2538 illabi
502 2506 601 2537 non
622 2489 791 2553 possit.

321 2586 400 2618 ro.
421 2569 565 2632 Vulg.
585 2580 633 2616 ee
652 2585 707 2615 os
722 2584 743 2623 ,-
766 2568 851 2615 sed
880 2567 1122 2631 eleganter
1151 2582 1258 2614 cor·

239 2649 370 2698 rexit
391 2652 615 2695 Faernus.

324 2744 345 2773 1
361 2744 408 2775 ι.
445 2726 685 2778 Parietes.
726 2724 908 2771 medius
932 2723 1110 2789 fidius.
1146 2723 1261 2772 Nou

241 2815 437 2873 poterat
455 2805 700 2853 audaciori
718 2820 774 2851 ac
788 2803 967 2851 veriori
984 2802 1138 2867 figura
1157 2818 1263 2850 ora-

246 2886 372 2936 toria
436 2884 638 2947 exprimi
695 2884 910 2940 animus,
960 2882 1044 2945 qui
1092 2881 1261 2929 vivido

248 2965 415 3013 omnia
428 2979 591 3011 aecum
611 2962 843 3010 trahentis
860 2961 1147 3024 eloquentie
1176 2961 1263 3007 im·

249 3054 372 3107 petu
397 3038 655 3106 abreptus,
682 3040 733 3087 iu
770 3055 970 3088 auorum
1003 3040 1263 3086 affectuum

251 3132 437 3186 partem
466 3121 625 3167 omnia
659 3120 897 3175 advocat3
925 3129 1058 3165 muta
1086 3118 1189 3181 ipsa
1216 3127 1264 3165 et

250 3202 464 3249 inanima
509 3201 688 3263 apirare
731 3211 780 3246 et
824 3200 985 3245 vivere
1029 3197 1264 3259 quodam·

250 3281 408 3329 modo
424 3280 564 3340 jubet
582 3295 598 3339 ς
623 3290 670 3328 et
690 3278 753 3326 ad
777 3278 905 3325 illam
925 3275 1267 3324 sublimitatem

252 3360 486 3423 assurgit,
508 3359 665 3422 poetia
687 3373 745 3404 ac
774 3354 1045 3404 oratoribus
1071 3369 1268 3402 concea-

253 3456 356 3487 aam
369 3474 384 3497 ‚
402 3438 798 3502 quotiescumque
817 3434 1065 3483 estuantia
1086 3433 1270 3494 ingenii

258 3518 334 3564 via
364 3532 421 3565 ac
451 3516 583 3564 calor
621 3514 792 3562 solitos
827 3512 948 3560 fines
989 3522 1269 3575 praetergre-

257 3595 412 3645 ditur.
431 3594 607 3642 lisdem
624 3590 923 3640 afficiebatur
938 3590 1155 3638 sensibus
1174 3591 1271 3636 nn-

259 3674 442 3731 cinius,
461 3689 562 3721 uon
593 3669 821 3719 sordidus
854 3669 937 3715 ille
967 3678 1152 3715 naturae
1184 3684 1270 3716 ve·

260 3753 399 3815 rique
434 3751 616 3811 judex,
640 3765 803 3813 quum,
828 3746 1078 3795 Phaedram
1115 3747 1272 3794 excla-

260 3842 471 3879 mantem
504 3829 755 3877 induceret
783 3841 795 3874 :
834 3849 859 3868 α
889 3825 932 3874 11
975 3841 1051 3872 me
1095 3825 1277 3873 semble,

263 3910 373 3971 deja
401 3926 496 3974 que
531 3925 611 3957 cea
645 3924 805 3964 mura,
838 3922 933 3969 que
969 3920 1047 3952 cea
1079 3901 1276 3960 voutes,

263 3991 402 4038 Vont
437 3988 642 4051 prendre
677 3987 721 4035 la
762 3987 956 4049 parole,
990 3994 1038 4031 et
1077 3983 1208 4048 prets
1249 3982 1277 4030 ὁ

1343 2405 1592 2466 Wolfiua,
1633 2408 1751 2455 dum
1795 2409 1930 2456 omni
1981 2426 2162 2460 vacuus
2212 2417 2362 2465 animi

1345 2496 1510 2544 motu,
1559 2490 1721 2534 omnia
1759 2487 1904 2534 verba
1950 2488 2207 2553 diligenter
2245 2511 2361 2558 per-

1347 2565 1517 2631 pendit
1542 2576 1591 2614 et
1627 2565 1826 2614 excutit.
1855 2566 2073 2631 Liceret,
2113 2582 2168 2618 ut
2206 2573 2362 2635 ipsum

1347 2645 1627 2692 omittamus
1666 2644 1769 2693 Cic.
1808 2660 1900 2708 pro
1937 2645 2099 2695 Plane.
2130 2649 2190 2709 ὃς
2236 2653 2365 2703 Sext.

1353 2724 1451 2779 533
1484 2724 1607 2771 Coel.
1633 2732 1728 2780 24,
1755 2722 2001 2771 Platonem
2022 2727 2244 2790 recitare,
2264 2731 2365 2795 ipsa

1348 2802 1438 2851 bac
1479 2803 1632 2849 forma
1675 2803 1725 2849 in
1756 2802 2093 2868 Euthydemo,
2133 2809 2232 2858 vol.
2259 2814 2369 2868 111,

1350 2882 1548 2944 Bipout.
1586 2896 1695 2945 pag.
1732 2882 1832 2941 705
1855 2916 1871 2941 ,
1909 2893 2157 2945 utentem,
2205 2887 2370 2938 liceret

1350 2961 1789 3023 praeatantiaaimam
1812 2962 2035 3010 feminam
2057 2966 2291 3015 Madame
2308 2969 2371 3016 de

1350 3040 1486 3087 Seae'l
1507 3039 1749 3104 appellare
1773 3041 1834 3088 de
1858 3042 2036 3105 Anglia
2060 3043 2368 3110 loquentem;

1352 3134 1520 3165 verum
1547 3119 1697 3179 tristis
1723 3130 1797 3166 est
1828 3131 1878 3168 et
1906 3121 2195 3184 ineptiarum
2227 3125 2365 3177 labor

1354 3208 1523 3245 contra
1557 3197 1832 3260 pervicaces
1858 3215 2088 3263 pugnare.

1433 3291 1513 3324 ια.
1553 3276 1634 3324 ΔΙ.
1672 3276 1861 3325 addunt
1911 3277 1962 3324 C.
2013 3278 2203 3342 Caesar,
2239 3285 2376 3346 quod

1356 3353 1554 3403 Lallem.
1581 3356 1807 3402 servavit.
1840 3354 1938 3402 Alii
1954 3390 1969 3413 ,
1999 3355 2245 3412 videntur.

1437 3429 1514 3483 13.
1569 3433 1874 3484 Auctoritas.
1933 3434 2034 3482 Alii
2096 3437 2372 3504 intelligunt

1358 3513 1610 3576 pristinam
1634 3512 1764 3560 illam
1788 3515 2125 3563 auctoritatem
2148 3532 2343 3568 uenatus
2358 3558 2374 3582 ,

1357 3606 1468 3654 quae
1496 3608 1648 3656 penes
1683 3591 1889 3640 victores
1932 3592 2094 3641 adhuc
2140 3610 2371 3648 versatur.

1357 3670 1453 3719 Sed
1472 3688 1500 3718 e
1521 3670 1833 3734 sequentibus
1853 3682 1985 3735 patet
2013 3672 2119 3721 boec
2145 3675 2207 3722 ad
2242 3678 2376 3723 Mar-

1359 3750 1537 3798 cellum
1569 3751 1726 3813 ipsum
1765 3750 1948 3809 referri,
1988 3767 2161 3815 nempe
2194 3769 2379 3817 magnae

1361 3828 1662 3875 auctoritatis
1680 3831 1852 3876 virum.
1874 3830 1929 3877 B.
1948 3829 2135 3878 Weiak.
2159 3830 2381 3881 lacunam

1363 3905 1653 3968 auspicatur,
1687 3922 1743 3953 ac
1782 3905 1891 3953 talia
1927 3907 2147 3969 quaedam
2184 3910 2382 3959 interci-

1366 3983 1525 4041 disse:
1559 3987 1752 4047 «Agere
1793 3986 2033 4048 gestiunt,
2066 3988 2199 4050 quod
2228 3993 2383 4037 maxi-

263 4069 547 4126 m’accnaer,
568 4065 830 4115 Attendent
844 4081 962 4113 mou
977 4064 1141 4129 epona
1154 4078 1280 4126 pour
1368 4077 1491 4109 mam
1514 4063 1854 4112 auctoritatem
1872 4063 2124 4113 laudande
2140 4068 2385 4131 sapientie

268 4149 315 4195 le
352 4147 608 4195 deaabuaer
622 4168 665 4194 n.
695 4148 838 4201 Haec,
873 4144 910 4189 ai
941 4143 1086 4197 velit,
1115 4153 1282 4204 carpat
1371 4152 1467 4189 ωε
1515 4139 1811 4189 desiderant.
1861 4143 1964 4187 Vos
1988 4175 2001 4198 ‚
2053 4153 2214 4206 patres
2257 4160 2380 4192 con-
