2994 4778
667 376 757 447 32
1301 376 1398 442 M.
1450 377 1530 443 T.
1582 376 2157 452 CICERONIS

662 497 916 568 luctus.
964 495 1200 583 Quem
1234 494 1425 563 enim
1462 492 2060 590 deprecarentur,
2102 518 2331 590 quum
2373 518 2627 567 omnes
2670 522 2784 569 es-

662 619 820 676 sent
862 601 1246 675 sordidati?
1300 626 1673 698 quumque
1722 602 1862 673 hoc
1905 607 2074 673 satis
2123 619 2307 674 esset
2357 606 2578 701 signi,
2626 632 2786 678 esse

658 711 1111 810 improbum,
1160 710 1286 807 qui
1327 724 1597 780 mutata
1645 724 1838 781 veste
1883 736 2033 782 non
2077 712 2312 783 esset?
2359 718 2503 784 Hac
2539 731 2784 786 muta-

661 825 854 894 tione
906 820 1121 892 vestis
1171 816 1355 888 facta
1381 871 1400 905 ,
1449 831 1656 889 tanto
1707 820 1780 887 in
1832 819 2032 889 luctu
2087 822 2429 906 civitam,
2478 825 2783 910 omitte,

660 930 836 1028 quid
878 929 998 1000 ille
1039 925 1407 1016 tribunus,
1444 928 1770 997 omnium
1812 952 2055 998 rerum
2093 926 2493 998 divinarum
2523 930 2782 1002 huma-

659 1061 1085 1134 narumque.
1119 1035 1405 1132 praedo,
1459 1034 1748 1123 fecerit3
1795 1037 1926 1131 qui
1967 1035 2251 1107 adesse²
2298 1037 2782 1111 nobilissimos

657 1148 1178 1232 adolescente5‚
1214 1145 1752 1217 honestissimos
1792 1148 2076 1241 equites
2106 1170 2475 1235 romanos,
2523 1147 2783 1247 depre-

656 1273 932 1330 catores
981 1254 1226 1325 salutis
1278 1279 1454 1325 meae
1499 1254 1834 1348 jusserit,
1882 1279 2151 1350 eosque
2188 1280 2566 1353 operarum
2613 1263 2806 1329 sua?

656 1390 816 1436 rum
869 1362 1119 1460 gladiis
1173 1376 1243 1432 et
1297 1360 1703 1460 lapidibus-’⁸
1762 1363 2161 1457 objecerit:
2223 1364 2314 1434 de
2358 1366 2784 1438 consulibus

653 1476 941 1570 loquor,
995 1496 1309 1568 quorum
1364 1470 1507 1544 fide
1557 1471 1961 1570 respublica
2013 1476 2145 1543 niti
2199 1474 2469 1546 debuit.
2517 1478 2782 1546 Exani-

654 1597 887 1654 matus
924 1582 1158 1654 evolat
1188 1607 1277 1652 ex
1303 1596 1590 1670 senatu,
1622 1606 1773 1652 non
1803 1583 2040 1654 minus
2076 1583 2497 1680 perturbato
2533 1586 2778 1655 auimo

657 1708 878 1789 atque
920 1693 1167 1778 vulta,
1216 1714 1434 1791 quam
1485 1693 1543 1762 si
1596 1693 1838 1788 paucis
1881 1705 2046 1762 ante
2099 1694 2302 1763 annis
2354 1696 2426 1761 in
2465 1692 2780 1764 credito-

652 1827 814 1873 rum
856 1804 1341 1872 conventum‘*
1379 1800 1778 1888 incidisset3
1813 1801 2112 1872 advocat
2146 1802 2604 1883 concionem;
2653 1802 2783 1874 ha-

654 1910 781 1982 bet
824 1911 1224 1981 orationem
1272 1909 1483 1980 talem
1527 1910 1821 1997 consul,
1863 1909 2148 2006 qualem
2194 1936 2586 2007 numquam
2636 1916 2780 1983 Ca-

653 2020 853 2092 tilina
887 2021 1115 2090 victor
1151 2018 1515 2090 habuisset
1545 2047 1560 2087 :
1596 2024 1852 2090 Errare
1886 2019 2250 2107 homines,
2281 2021 2338 2090 si
2368 2020 2580 2090 etiam
2614 2035 2779 2090 tum

653 2145 983 2201 senatum
1042 2128 1311 2225 aliquid
1373 2130 1449 2199 in
1507 2129 1875 2228 republica
1942 2154 2153 2227 posse
2209 2129 2779 2218 arbitrarentur;

655 2241 934 2335 equites
1002 2263 1173 2309 vcro
1236 2264 1574 2312 romanos
1637 2240 1952 2312 daturos¹
1991 2241 2179 2311 illius
2228 2238 2422 2312 diei⁵
2471 2265 2725 2338 poenas
2751 2295 2776 2327 ‚

655 2372 802 2445 quo
828 2402 847 2436 ‚
900 2372 1018 2420 me
1067 2349 1401 2436 consule,
1447 2374 1616 2423 cum
1667 2350 1914 2448 gladiis
1957 2350 2034 2421 in
2079 2347 2318 2422 clivo⁶
2360 2350 2779 2449 Capito-lino

716 2592 775 2637 a.
816 2586 1015 2634 Adesse.
1057 2586 1221 2646 Quum
1257 2585 1411 2650 legem
1454 2557 1674 2651 perferre.

655 2667 832 2715 vellent
866 2680 880 2714 ε
920 2676 1020 2712 erat
1051 2668 1177 2713 enim
1211 2664 1544 2725 consuetudo,
1575 2675 1663 2726 ut,

652 2756 765 2792 ante
783 2761 924 2807 quam
944 2744 1143 2791 ferretur
1159 2742 1239 2790 lex
1252 2776 1266 2798 ,
1287 2744 1564 2804 prodirent,
1580 2743 1666 2805 qui

651 2824 855 2879 vellent,
892 2821 955 2869 ad
995 2820 1321 2877 suadendum,
1360 2831 1446 2867 sut
1484 2819 1667 2867 dissua-

653 2901 897 2949 dendum:
927 2899 988 2946 de
1011 2914 1111 2962 qno
1137 2898 1250 2945 satis
1275 2898 1428 2945 multa
1457 2898 1668 2946 diximus

652 2983 706 3028 in
722 2979 807 3027 lib.
832 2979 890 3025 de
908 2978 1130 3025 comitiis.

723 3061 772 3108 3.
801 3055 993 3105 Gladiis
1011 3065 1057 3102 ee
1072 3053 1333 3119 lapidibus.
1361 3056 1466 3102 Hac
1486 3055 1589 3118 ipsa
1606 3054 1668 3102 de

654 3154 705 3187 re
727 3139 783 3186 in
807 3135 1026 3184 oratione
1048 3148 1139 3198 pro
1162 3135 1323 3181 Domo
1346 3149 1432 3181 sua
1456 3133 1534 3181 his
1555 3150 1667 3181 ver·

658 3219 732 3265 bis
760 3233 772 3265 :
817 3235 838 3258 ι
862 3219 1025 3277 Quum
1062 3228 1146 3261 eos
1161 3247 1176 3271 ,
1209 3214 1293 3275 qni
1332 3214 1385 3260 in
1423 3225 1669 3262 conventu

653 3296 867 3342 virorum
885 3292 1127 3339 bonorum
1146 3291 1292 3337 verba
1312 3291 1373 3338 de
1390 3292 1544 3339 salute
1564 3309 1666 3339 mes

654 3373 864 3420 fecerant
879 3402 894 3426 ,
935 3367 1099 3415 adesse
1142 3367 1355 3425 iussisti,
1404 3383 1667 3432 eorumque

654 3449 1020 3498 advocationem
1039 3444 1260 3491 manibus
1273 3477 1287 3502 ,
1309 3445 1438 3492 ferro
1452 3481 1468 3504 ‚
1493 3446 1668 3510 lapidi-

654 3529 746 3577 bus
782 3524 1046 3574 discussisti
1063 3558 1078 3581 ,
1113 3534 1216 3570 tum
1251 3524 1473 3586 profecto
1506 3536 1667 3572 osten·

657 3607 796 3663 disti,
819 3606 915 3651 vim
935 3602 1023 3650 tibi
1042 3601 1247 3647 maxime
1267 3600 1521 3664 displicere
1544 3624 1585 3650 a.

726 3692 775 3739 4.
809 3686 866 3730 In
892 3680 1177 3728 creditorum
1206 3691 1507 3728 conventum.
1546 3680 1669 3728 AEris

653 3762 796 3809 alieni
829 3759 1088 3824 plurimum
1122 3756 1344 3805 habuisse
1377 3757 1635 3806 Gabinium
1651 3792 1666 3818 ,

652 3855 795 3903 supra
817 3838 1043 3886 diximus.

724 3919 772 3966 5.
799 3917 924 3965 Diei.
953 3916 1037 3965 Al.
1059 3916 1190 3971 dies,
1219 3927 1277 3963 ut
1301 3916 1420 3965 citat
1444 3916 1660 3975 Gellius,

651 3998 759 4056 IX,
790 4005 879 4051 14,
911 3994 1045 4057 qnod
1070 3995 1133 4040 its
1158 3994 1389 4058 scriptum
1415 3997 1467 4042 in
1496 3996 1666 4044 veteri-

651 4075 742 4122 bus
760 4072 895 4120 libris
909 4081 1124 4120 testatur.
1139 4074 1214 4120 De
1225 4072 1300 4120 his
1315 4073 1538 4137 genitivis
1555 4074 1664 4122 vide

1753 2589 1903 2634 Henr.
1929 2585 2155 2649 stephan.
2177 2586 2230 2633 in
2253 2586 2535 2635 Pseudocic.
2564 2602 2614 2649 p.
2642 2586 2776 2633 155-

1759 2665 1874 2722 κᾶε,
1893 2676 1940 2712 et
1963 2667 2183 2715 Coi-tium
2203 2664 2265 2713 sd
2287 2666 2405 2713 san.
2428 2667 2544 2729 Jug.
2570 2667 2684 2723 LII,
2719 2665 2777 2713 3.

1751 2747 1801 2792 J.
1823 2747 1885 2791 V.
1914 2747 1970 2792 1..

1825 2823 1876 2869 6.
1918 2825 1979 2868 1η
2014 2822 2135 2870 clivo
2163 2822 2449 2887 Capitolino.
2484 2823 2619 2871 Circe
2646 2833 2774 2869 tem-

1753 2901 1890 2965 plum
1911 2900 2197 2948 Concordia!
2211 2935 2226 2959 ,
2246 2901 2299 2947 in
2316 2902 2445 2948 clivo
2465 2901 2776 2966 Capitolino,

1754 2995 1902 3042 quum
1921 2979 1972 3026 in
1987 2996 2045 3027 eo
2058 2980 2240 3045 templo
2255 2981 2314 3028 de
2325 2983 2584 3041 conjuratis
2597 2982 2777 3028 consul

1755 3057 1926 3106 Cicero
1949 3059 2019 3104 ad
2056 3070 2269 3106 senatum
2305 3060 2570 3116 retulisset,
2599 3062 2776 3106 armati

1754 3137 1938 3199 equites
1958 3151 2085 3184 rom.
2103 3137 2317 3201 presidii
2337 3153 2476 3185 causa
2499 3140 2780 3185 circumste-

1755 3225 1911 3264 terant
1945 3235 1956 3261 t
1998 3215 2058 3263 de
2095 3211 2269 3277 quibus
2309 3218 2361 3262 in
2402 3217 2619 3263 oratione
2639 3218 2676 3280 ἐΙ
2713 3215 2777 3264 iu

1757 3293 2009 3341 Catilinam
2032 3305 2044 3339 ε
2069 3312 2092 3335 ι
2112 3293 2215 3350 nli,
2234 3294 2392 3357 inquit
2405 3329 2421 3354 ‚
2440 3295 2624 3357 equites
2647 3308 2775 3341 rom.

1755 3371 2073 3419 honestissimi
2096 3383 2239 3435 etque
2258 3373 2429 3436 optimi
2450 3373 2542 3421 viri
2563 3407 2578 3432 ‚
2603 3372 2777 3420 ceteri-

1754 3465 1849 3512 que
1878 3449 2125 3496 fortissimi
2158 3450 2309 3505 cives,
2346 3452 2431 3514 qui
2460 3452 2777 3500 circumstant

1752 3536 1968 3574 senatum
1987 3562 2000 3585 ,
2033 3542 2241 3590 quornm
2279 3538 2331 3575 tu
2373 3539 2419 3575 et
2455 3530 2777 3593 frequentiam

1751 3604 1917 3653 videre
1936 3641 1950 3663 ,
1975 3617 2023 3653 et
2049 3604 2214 3664 studia]
2230 3607 2528 3671 perspicere,
2552 3618 2600 3654 et
2627 3624 2777 3655 voces

1754 3684 1919 3746 paullo
1934 3695 2045 3731 ante
2062 3685 2289 3732 exaudire
2309 3684 2509 3747 potuisti
2525 3716 2539 3739 ‚
2558 3699 2775 3746 quornm

1755 3775 1846 3824 ego
1872 3763 1955 3808 vix
1979 3761 2064 3810 abs
2095 3773 2142 3809 te
2172 3762 2358 3822 jamdiu
2385 3776 2551 3809 manus
2587 3776 2645 3808 ac
2675 3763 2773 3812 tela

1754 3839 1980 3888 contineo
2000 3874 2015 3900 ,
2039 3841 2232 3888 eosdem
2258 3841 2398 3888 facile
2421 3839 2659 3887 adducam
2674 3876 2689 3900 ,
2712 3854 2773 3890 ut

1754 3929 1802 3965 te
1818 3918 1921 3965 haec
1932 3952 1947 3977 ‚
1967 3934 2075 3982 quae
2086 3918 2372 3983 jampridem
2389 3927 2570 3965 vastare
2587 3919 2771 3977 studes,

1753 3997 2097 4060 relinquentem
2125 4013 2278 4060 nsque
2302 3995 2364 4043 sd
2393 4006 2561 4060 portas
2593 4012 2768 4062 prose·

1752 4086 1963 4136 quantur
1982 4097 2028 4124 n.
