2994 4778
643 417 783 514 278
1288 418 1384 484 M.
1436 417 1514 483 T.
1568 417 2154 485 clcssssoms

642 541 885 609 omnia
916 537 1052 608 alia
1092 558 1245 607 esse
1284 534 1500 607 nobis
1526 560 1750 607 vacua
1785 534 1877 606 ah
1914 538 2116 606 omni
2151 537 2473 633 periculo
2495 591 2515 624 ‚
2560 554 2785 635 atque

641 651 854 720 etiam
902 646 993 718 ab
1044 646 1243 717 omni
1292 647 1700 744 suspicione
1751 644 1967 717 belli?
2011 643 2294 716 Jamdiu
2346 671 2544 717 mare
2584 649 2784 721 vide·

640 770 891 830 mus.¹⁰
941 757 1116 829 illud
1165 758 1640 839 immensum,
1688 757 1895 851 cujus
1942 754 2305 826 fervore¹¹
2352 782 2508 827 non
2542 759 2783 830 solum

641 868 981 940 maritimi
1012 891 1300 950 cursuS,
1338 864 1464 936 sed
1497 864 1715 936 urbes
1748 868 1961 935 etiam
1999 881 2069 936 et
2096 867 2226 935 viae
2257 867 2605 996 miliaeres
2634 871 2782 964 jam

640 973 1111 1066 tenebantur,
1169 978 1432 1047 virtute
1488 977 1997 1073 Cn.„Pompeii
2060 977 2160 1047 sic
2219 1001 2260 1047 a
2323 979 2606 1075 populo
2670 1006 2781 1051 ro-

642 1113 897 1177 man0‚
956 1086 1047 1158 ab
1099 1090 1389 1158 Oceano
1430 1111 1664 1182 usque
1704 1085 1794 1157 ad
1840 1086 2174 1158 ultimum
2214 1092 2566 1175 Pontum,
2607 1105 2780 1160 tam-

640 1224 859 1296 quam
905 1222 1132 1269 unum
1173 1198 1486 1295 aliquem
1523 1211 1856 1296 portum,
1898 1212 2142 1268 tutum
2184 1212 2256 1269 et
2302 1198 2626 1270 clausum
2674 1216 2777 1272 te·

642 1311 834 1395 neri;
887 1309 1215 1379 nationes
1255 1317 1479 1394 eas¹²‚
1517 1332 1679 1404 quae
1717 1332 2024 1378 numero
2062 1307 2447 1379 hominum
2483 1335 2566 1381 ac
2598 1312 2777 1383 mul·

644 1418 953 1491 titudine
997 1419 1151 1516 ipsa
1206 1432 1544 1515 poterant
1603 1418 1676 1487 in
1734 1419 2135 1515 provincias
2191 1433 2477 1490 nostras
2517 1419 2777 1491 redun-

640 1527 856 1617 dare,
930 1530 1027 1599 ita
1096 1525 1187 1598 ab
1263 1525 1518 1598 eodem
1597 1552 1749 1598 esse
1825 1529 2084 1624 partim
2152 1529 2451 1614 recisas,
2517 1532 2772 1626 partim

640 1661 1042 1736 repressaS‚
1106 1651 1187 1707 ut
1248 1638 1445 1722 Asia,
1503 1662 1663 1734 quae
1727 1639 2109 1735 imperium
2174 1652 2384 1709 antea
2442 1655 2771 1711 nostrum

641 1747 1112 1834 terminabat,
1160 1772 1356 1818 nunc
1406 1746 1638 1819 tribus
1683 1749 1889 1817 novis
1925 1748 2312 1843 provinciis
2354 1747 2600 1845 ipsa¹³
2639 1755 2773 1821 cin-

643 1873 873 1957 gatur.
936 1862 1239 1929 Possum
1295 1855 1386 1928 de
1444 1859 1642 1928 omni
1689 1859 2018 1954 regione,
2065 1856 2156 1928 de
2206 1862 2408 1928 omni
2456 1859 2771 1931 hostium

643 1992 905 2066 genere
959 1967 1194 2038 dicere
1232 1993 1249 2037 :
1298 1966 1495 2037 nulla
1541 1991 1717 2063 gens
1766 1982 1911 2054 est,
1957 1993 2117 2065 quae
2159 1993 2312 2038 non
2357 1983 2484 2039 aut
2530 1971 2626 2039 ita
2662 1994 2776 2040 su·

641 2077 835 2149 blata
857 2080 919 2129 ¹4
952 2080 1075 2161 sit,
1113 2091 1192 2147 ut
1223 2080 1339 2146 vix
1380 2091 1639 2165 exstet3
1673 2094 1799 2149 aut
1830 2080 1926 2149 ita
1954 2078 2266 2164 domita,
2301 2095 2386 2150 ut
2410 2084 2772 2177 quiescat3

639 2203 764 2260 aut
802 2189 899 2259 ita
932 2202 1213 2286 pacata,
1260 2202 1341 2257 ut
1375 2190 1670 2259 victoria
1706 2203 1952 2260 nostra
1983 2190 2438 2286 imperioque
2467 2190 2764 2260 laetetur.

732 2303 921 2369 XIII.
961 2299 1236 2369 Bellum
1282 2297 1709 2383 Gallicum¹,
1753 2313 1989 2398 patres
2045 2302 2470 2399 conscripti,
2514 2304 2592 2370 C.
2623 2305 2776 2372 Cae-

713 2497 793 2531 10.
835 2479 1034 2527 Iamdiu
1070 2496 1206 2527 mare
1234 2479 1473 2527 videmus.
1501 2480 1661 2529 Medi-

640 2576 937 2617 terraneum,
974 2561 1110 2624 quod
1139 2562 1265 2608 iuter
1293 2562 1540 2608 Oceanum
1565 2563 1661 2609 Ga·

640 2642 855 2691 ditanum
908 2639 972 2687 ad
1013 2643 1225 2688 Pontum
1277 2639 1523 2685 Euxinum
1572 2656 1663 2704 per

639 2722 797 2769 varios
821 2723 955 2768 sinus
980 2732 1028 2767 et
1046 2720 1290 2767 anfractus
1309 2718 1604 2765 extenditur.

713 2816 790 2847 11.
830 2800 973 2863 Cujus
992 2797 1211 2863 fervore.
1249 2794 1399 2859 Quod
1432 2812 1563 2843 mare
1597 2797 1659 2844 ita

635 2880 898 2943 piratarum
923 2876 1190 2924 latrociniis
1214 2877 1439 2923 infestum
1460 2886 1583 2933 erat,
1607 2888 1660 2925 ut

636 2978 737 3009 non
775 2958 933 3008 solum
972 2955 1198 3003 maritimi
1238 2972 1404 3003 cursus
1446 2970 1662 3018 occupa-

636 3052 817 3096 rentur,
842 3037 928 3084 sed
949 3035 1093 3083 etiam
1118 3035 1289 3099 pirata!
1312 3033 1449 3099 quasi
1472 3034 1660 3081 fervore

634 3119 849 3185 quodam
895 3114 1249 3172 redundantes,
1294 3115 1345 3161 in
1389 3125 1563 3161 terram
1609 3131 1659 3162 se

635 3197 970 3253 effunderent,
996 3193 1141 3242 urbes
1165 3202 1423 3258 caperent,
1449 3192 1551 3240 vias
1575 3209 1662 3257 pu·

637 3276 787 3324 blicas
820 3275 1028 3323 militum
1071 3289 1216 3338 opera
1254 3283 1424 3320 stratas
1465 3272 1658 3320 obside-

636 3366 758 3401 rent.
784 3357 835 3402 si
861 3354 1085 3417 quidem,
1111 3362 1165 3399 ut
1187 3364 1363 3399 auctor
1384 3363 1457 3399 est
1479 3351 1660 3399 Plutar-

633 3433 753 3482 chus
780 3433 830 3479 iu
860 3433 1122 3494 Pompeio,
1150 3430 1431 3495 mare-mille
1453 3429 1658 3477 navibus

632 3510 939 3569 infestabant,
949 3509 1109 3554 omnia
1121 3507 1477 3571 propemodum
1491 3508 1654 3555 littora

636 3589 849 3640 turribus
872 3599 918 3634 et
946 3586 1328 3652 propugnaculis
1351 3578 1625 3635 munierant
1640 3623 1655 3646 ,

634 3682 863 3737 praetores
891 3666 1016 3714 duos
1043 3664 1295 3711 Sextilium
1327 3674 1373 3710 et
1404 3663 1650 3725 Belinum,

633 3753 747 3800 item
784 3746 934 3794 liliam
977 3743 1179 3792 Antonii
1219 3745 1307 3789 viri
1349 3743 1653 3807 triumphalis

628 3830 871 3894 captivam
908 3825 1244 3883 abduxerant,
1293 3824 1466 3884 etjam
1511 3825 1655 3874 urbes

636 3907 955 3975 quadraginta
979 3905 1285 3953 obtinebant.

701 4004 777 4036 ta.
802 3986 1030 4033 Nationes
1051 4001 1153 4032 eus.
1188 3987 1434 4042 Ponticos,
1456 3986 1648 4043 Cilicas,

621 4067 936 4133 Cappadocas
956 4101 971 4124 ,
1026 4065 1358 4128 Paphlagonas
1379 4100 1393 4124 ‚
1456 4067 1609 4127 Syros
1629 4099 1646 4125 ,

622 4151 862 4197 Armenes
879 4183 892 4208 ,
920 4143 1148 4204 hulmus,
1188 4143 1407 4193 Albanos
1425 4180 1439 4204 ‚
1477 4144 1647 4194 Iberos

1747 2493 1794 2528 et
1833 2482 1947 2529 alias
1983 2483 2263 2543 hujusmodi
2286 2518 2301 2538 ‚
2341 2500 2553 2546 quarum
2591 2484 2698 2534 alin¹
2729 2487 2777 2534 iu

1745 2559 1892 2608 fidem
1912 2578 2054 2625 aequo
2074 2561 2257 2610 foedere
2276 2575 2485 2627 receptae
2504 2576 2648 2624 suut,
2674 2565 2779 2613 alia

1748 2640 2003 2704 vectigales
2036 2652 2084 2689 et
2112 2641 2439 2706 stipendiariae
2467 2645 2613 2693 facta
2630 2682 2645 2706 ,
2673 2646 2777 2692 alia

1748 2718 1959 2766 reducta!
1992 2721 2043 2767 in
2072 2722 2397 2783 provinciam.
2441 2724 2541 2771 Pro
2567 2725 2774 2772 Sextio:

1752 2819 1773 2841 ι
1797 2799 2006 2846 Externa
2034 2798 2160 2847 bella
2190 2818 2384 2865 regum,
2413 2805 2663 2866 gentium,
2692 2820 2780 2851 ua·

1749 2877 1936 2924 tionum
1959 2878 2246 2943 jampridem
2275 2881 2339 2928 ita
2368 2883 2613 2932 exstincta
2634 2893 2780 2943 sunt,

1748 2966 1800 3003 ut
1845 2958 2074 3021 praeclare
2116 2977 2229 3007 cum
2277 2961 2337 3007 iis
2383 2978 2617 3026 agamus,
2651 2979 2781 3027 quos

1747 3047 1944 3098 pacatos
1959 3054 2062 3085 esse
2084 3041 2323 3103 patiamur
2341 3063 2380 3087 ι.
2682 3054 2692 3063 “

1826 3131 1844 3161 1
1858 3117 1904 3163 3.
1938 3117 2100 3163 Tribus
2125 3119 2259 3166 novis
2267 3118 2538 3183 provinciis
2555 3119 2652 3185 ipsa
2671 3120 2782 3167 cisa-

1742 3207 1911 3261 gatur.
1991 3197 2218 3262 Bithynia
2244 3232 2261 3257 ,
2328 3200 2492 3247 Ponto
2520 3234 2536 3258 ,
2594 3199 2778 3263 Syria,

1746 3291 1866 3338 quas
1919 3278 2179 3341 Pompeius
2236 3276 2370 3325 bello
2434 3276 2786 3327 Mithridatico

1745 3353 2037 3418 subjugarat.

1821 3442 1904 3490 14.
1939 3434 2158 3485 Sublata.
2202 3438 2273 3483 Ita
2302 3452 2566 3501 oppressa,
2607 3446 2664 3483 ut
2694 3436 2791 3484 vix

1744 3514 1957 3562 nationis
1992 3531 2172 3562 nomen
2212 3527 2258 3563 et
2298 3517 2510 3565 formam
2551 3519 2792 3567 retineat.

1745 3594 1935 3641 Frustra
1998 3594 2116 3643 olim
2167 3597 2411 3657 subacta,
2473 3598 2612 3662 quod
2680 3603 2799 3647 aine

1742 3673 1791 3719 vi
1821 3683 1910 3720 est.

1812 3753 1954 3799 xm.
2011 3767 2055 3800 1.
2101 3753 2288 3801 Bellum
2341 3754 2610 3803 Gallicum.
2669 3757 2805 3806 Nou

1739 3829 1904 3877 eadem
1934 3842 2004 3878 est
2031 3833 2153 3880 ratio
2177 3832 2456 3891 Gallorum,
2481 3845 2530 3881 et
2553 3837 2808 3897 gentium

1738 3919 2018 3959 ceterarum.
2066 3912 2188 3958 Nam
2218 3922 2401 3958 ceteras
2436 3924 2606 3975 gentes
2647 3915 2806 3965 beno

1736 3988 2078 4038 lacessiverunt
2105 3992 2339 4050 Romani,
2374 4003 2423 4038 et
2463 3978 2661 4041 virtute
2702 3995 2809 4042 do·

1735 4081 1997 4131 muerunt3
2050 4080 2100 4118 at
2150 4081 2259 4118 ante
2323 4071 2559 4121 casam
2627 4089 2807 4123 nemo

1733 4149 2063 4222 Romanorum
2106 4149 2452 4212 imperatorum
2494 4166 2658 4200 ausus
2718 4165 2807 4201 est
