2994 4778
593 382 683 457 56
1234 382 1335 452 Μ.
1382 380 1459 448 Τ.
1513 378 2066 465 CICERONIS

589 510 759 569 sunt
811 492 1226 567 consulibus
1269 491 1406 562 illis
1428 543 1448 577 ,
1500 487 1906 561 tacentibus
1956 487 2231 560 dicam?
2287 490 2509 559 immo
2547 493 2733 562 vero

590 599 1158 701 approbantibus
1191 601 1404 671 etiam
1435 625 1450 666 :
1493 614 1578 669 ut
1615 599 1940 670 censoria
1981 601 2189 669 notio
2207 594 2260 685 ³,
2296 614 2367 669 et
2402 601 2737 696 gravissi-

518 702 523 705 *
593 737 791 784 mum
826 711 1178 807 judicium
1227 709 1655 779 sanctissimi
1708 709 2160 805 magistratus
2212 707 2303 780 de
2349 708 2738 806 republica

589 820 1006 907 tolleretur;
1062 833 1147 888 ut
1196 817 1492 914 collegia
1553 843 1704 888 non
1759 817 1976 888 modo
2023 818 2144 889 illa
2182 832 2424 890 vetera
2469 834 2770 902 contra„

591 927 1290 1002 senatusconsultum
1338 931 1918 1016 restituerentur,
1954 926 2078 1000 sed
2121 928 2213 1000 ab
2255 954 2406 1000 uno
2455 930 2735 1027 gladia-

590 1057 750 1112 tore
791 1035 1340 1111 innumerabilia
1372 1038 1512 1119 ‚alia
1549 1063 1734 1109 nova
1764 1037 2428 1123 conscriberentur;
2463 1055 2574 1126 ut,
2606 1064 2732 1110 re-

596 1152 828 1222 missis
878 1146 1292 1219 semissibus
1340 1164 1415 1219 et
1455 1147 1843 1219 trientibus
1864 1153 1920 1236 ⁴,
1976 1151 2225 1245 quinta
2280 1173 2514 1248 prope
2557 1173 2738 1247 pars

595 1259 1043 1355 vectigalium
1105 1258 1523 1346 tolleretur3
1566 1273 1649 1329 ut
1688 1257 2039 1345 Gabinio,
2085 1282 2218 1356 pro
2272 1258 2392 1329 illa
2434 1284 2563 1330 sua
2606 1260 2738 1330 Ci-

595 1370 791 1455 licia,
835 1386 1053 1466 quam
1090 1367 1265 1454 sibi,
1305 1370 1367 1438 si
1407 1367 1927 1467 rempublicam
1964 1367 2439 1466 prodidisset,
2471 1384 2738 1468 pactus

597 1494 784 1567 erat,
820 1479 1018 1574 Syria
1076 1476 1406 1565 daretur3
1456 1494 1542 1549 ut
1589 1479 1719 1549 uni
1764 1474 2137 1548 helluoni⁵
2176 1475 2290 1547 bis
2333 1475 2427 1549 de
2473 1476 2736 1549 eadem

596 1614 675 1659 re
713 1585 1198 1674 deliberandi,
1238 1602 1344 1675 et,
1393 1602 1640 1685 rogata
1689 1587 1883 1684 lege,
1921 1600 2248 1685 ‘potestas
2299 1584 2506 1658 fieret
2554 1611 2737 1685 pro-

599 1702 851 1768 vinciae
888 1695 1439 1767 commutandae.

693 1811 949 1880 XXVI.
991 1809 1203 1876 Mitto
1246 1831 1400 1875 eam
1445 1805 1678 1902 legem
1705 1818 1758 1893 ¹,
1798 1831 1958 1903 quae
1990 1808 2230 1877 omnia
2264 1806 2426 1900 jura
2459 1804 2742 1902 religio-

600 1941 777 1988 num
799 1928 854 2002 2,
908 1916 1431 2012 auspiciorum,
1471 1929 1908 2012 potestatum
1933 1970 1952 2004 ,
1995 1941 2248 1987 omnes
2297 1916 2522 2013 legeS,
2567 1939 2737 2011 quae

604 2040 774 2098 sunt
815 2024 904 2096 de
953 2025 1161 2119 jure,
1206 2040 1278 2095 et
1329 2024 1420 2097 de
1478 2023 1854 2124 tempore3
1911 2025 2151 2123 legum
2202 2024 2741 2123 rogandarum,

606 2160 751 2206 una
788 2138 1160 2231 rogatione
1197 2133 1503 2223 delevit3
1540 2138 1749 2207 mitto
1787 2159 2078 2207 omnem
2123 2135 2583 2207 domesticam
2627 2135 2737 2204 la·
2775 2186 2780 2190 -

605 2245 818 2316 bem:
869 2246 1082 2315 etiam
1128 2259 1405 2316 exteras
1445 2246 1775 2316 nationes
1819 2244 2008 2315 illius
2057 2246 2223 2315 anni
2269 2243 2515 2315 furore
2554 2267 2742 2314 con-

610 2369 972 2453 quassatas
1023 2353 1463 2426 videbamus
1522 2356 1711 2454 Lege
1756 2354 2129 2427 tribunitia
2165 2357 2411 2427 Matris
2453 2358 2740 2450 Magnae

609 2466 1102 2539 Pessinuntius
1151 2465 1268 2537 ille
1324 2465 1653 2539 sacerdos
1699 2467 2078 2564 expulsus,
2122 2480 2195 2539 et
2241 2465 2590 2563 spoliatus
2625 2489 2742 2535 sa-

1716 2681 1950 2732 deuncem
1973 2697 2058 2730 seu
2079 2681 2357 2730 dauntem
2383 2678 2743 2745 significarent,

1715 2776 1908 2809 necesse
1937 2772 2038 2808 ent
2069 2771 2126 2808 ut
2157 2761 2400 2808 semissem
2425 2770 2477 2808 et
2509 2760 2742 2809 trientem

612 2683 886 2748 petebatur,
914 2681 990 2729 vel
1024 2683 1136 2744 quin
1168 2681 1370 2731 Clodius
1385 2715 1400 2741 ,
1429 2693 1629 2746 accepts

612 2762 817 2826 pecunia
830 2796 845 2820 ,
863 2760 1022 2808 soedus
1037 2759 1309 2823 frangebat,
1323 2771 1373 2808 et
1391 2773 1481 2824 per
1495 2775 1629 2808 sum·

614 2855 741 2888 mam
761 2836 1042 2902 perfidiam,
1069 2847 1127 2884 ut
1151 2849 1493 2897 consueverat,
1522 2853 1631 2885 sen-

615 2917 812 2966 tentiam
837 2914 1067 2963 mutabat.

685 2998 732 3045 3.
757 2991 984 3044 Censor-ia
1001 2992 1152 3041 notio.
1172 2994 1384 3041 Noscere
1397 3004 1444 3041 et
1462 3004 1631 3044 nom-e

615 3091 865 3127 censorum
905 3083 1020 3121 erat.
1060 3071 1203 3121 Unde
1237 3071 1359 3120 nihil
1391 3082 1465 3120 est
1493 3073 1632 3137 quod

614 3173 725 3205 eum
739 3153 986 3203 nonnullis
1004 3155 1210 3217 repones
1226 3152 1435 3214 notatio,
1456 3151 1631 3202 adver-

611 3233 831 3282 santibus
852 3234 1023 3281 mstis.

683 3321 733 3368 4.
762 3311 985 3359 Remissis
1000 3309 1272 3357 semissibus
1293 3320 1342 3356 ee
1360 3310 1630 3360 trientibus.

615 3390 824 3440 Gracchi
858 3390 964 3453 lege
1001 3389 1293 3434 frumentum
1333 3387 1521 3451 populo
1555 3405 1633 3436 ω-

615 3473 758 3519 misse
811 3480 859 3517 et
895 3468 1097 3526 triente,
1122 3466 1220 3514 hoe
1245 3475 1341 3525 est,
1380 3467 1628 3528 dextante,

614 3549 864 3608 veniebam
895 3546 978 3594 illa
1002 3545 1229 3609 abrogata
1251 3545 1397 3605 jussit
1417 3544 1631 3609 populns

612 3632 665 3677 in
699 3638 947 3692 posterum
989 3623 1109 3671 nibil
1146 3624 1356 3688 persolvi
1388 3623 1630 3694 gratisque

614 3710 904 3756 frumentum
956 3703 1089 3768 plebi
1137 3702 1379 3752 distribui.
1427 3704 1632 3753 Semina

614 3796 772 3835 antem
799 3796 849 3833 et
881 3784 1054 3831 triente
1081 3781 1192 3830 ideo
1227 3782 1453 3831 utebatur
1479 3784 1630 3831 Gne-

614 3866 732 3913 cbns
747 3897 761 3921 ‚
787 3862 923 3927 quod
948 3863 1113 3909 ἴοι-ωε
1138 3877 1449 3910 nummorum
1471 3879 1630 3912 ωηο·

614 3959 721 3993 rnm
740 3941 884 3989 bouis
911 3939 1210 4002 temporibus
1228 3974 1242 3996 ,
1270 3941 1415 3989 nullae
1434 3943 1634 3991 fuerunt

613 4024 706 4071 nisi
746 4019 1000 4084 dipondii‚
1028 4016 1335 4079 sesquiassis,
1374 4023 1518 4080 θυῖε,
1558 4037 1633 4067 ⁸0.

542 4129 545 4134 <
614 4102 804 4165 missis,
833 4099 1045 4158 trientis,
1074 4096 1380 4160 quadi-tutin
1411 4099 1540 4146 nude
1571 4110 1629 4147 ut

1716 2839 2005 2901 conjunctos
2023 2850 2437 2902 represent-rent.

1790 2914 1837 2966 5.
1871 2918 1967 2964 Um·
1987 2916 2215 2967 Ιιοὶἶιιοιιὶ.
2243 2916 2412 2965 Eidem
2441 2916 2675 2967 Gabinio.

1787 2998 1979 3045 xxvl.
2012 3012 2057 3044 1.
2084 2997 2213 3042 Eam
2241 2996 2415 3059 Iegem.
2439 2997 2564 3058 Qun
2583 2996 2741 3060 legem

1719 3073 1889 3122 AEliam
1906 3084 1957 3123 et
1971 3072 2156 3122 Fufiam
2172 3074 2395 3122 everterit
2415 3089 2429 3122 :
2448 3073 2560 3122 vide
2577 3091 2745 3138 supra.

1789 3169 1817 3200 a
1827 3188 1841 3202 .
1862 3151 2179 3219 Religionum.
2198 3151 2395 3200 Nullam
2408 3153 2537 3200 euim
2550 3153 2746 3216 religio·

1719 3248 1828 3279 nem
1840 3266 1854 3291 ,
1872 3220 2030 3296 quum
2048 3232 2130 3279 lex
2146 3231 2366 3289 ferretur,
2389 3230 2745 3295 impedimento

1717 3327 1819 3358 esse
1862 3310 2017 3358 voluit
2055 3325 2070 3358 :
2115 3310 2281 3373 posuit
2322 3320 2483 3357 sutem
2525 3312 2743 3375 primum

1687 3441 1698 3455 ·
1717 3404 1895 3453 genus,
1939 3388 2114 3437 deinde
2151 3389 2361 3453 speciem
2400 3403 2414 3437 :
2457 3405 2570 3436 mm
2614 3390 2748 3438 iuter

1718 3467 1975 3531 religiones
1996 3478 2109 3516 sunt
2132 3468 2362 3531 auspicis.

1791 3548 1839 3594 3.
1864 3547 1940 3595 De
1953 3545 2092 3606 jure,
2116 3562 2166 3594 ec
2181 3547 2245 3595 de
2264 3559 2492 3611 tempore.
2517 3548 2741 3609 Dejure,

1718 3625 1813 3673 hoc
1834 3638 1933 3683 est,
1967 3626 2029 3674 de
2054 3626 2312 3690 auspiciis,
2333 3629 2448 3674 *erat
2483 3625 2606 3673 AElin
2627 3641 2643 3673 t
2681 3627 2748 3676 de

1719 3716 1957 3771 tempore,
1984 3705 2134 3755 Fufia.
2155 3707 2357 3754 Clodius
2376 3716 2627 3769 utramque
2653 3723 2745 3756 eun

1716 3784 1820 3847 lege
1851 3784 2032 3832 delevit
2061 3799 2075 3834 τ
2120 3785 2231 3833 tulit
2256 3785 2386 3832 enim
2405 3817 2421 3843 ,
2447 3796 2506 3832 ut
2537 3800 2599 3831 ne
2630 3787 2743 3849 quis

1718 3880 1808 3927 per
1832 3879 1916 3911 eos
1942 3863 2044 3911 dies
2062 3897 2077 3922 ,
2106 3864 2284 3928 quibus
2311 3863 2639 3927 cum‘populo
2666 3867 2745 3930 agi

1719 3942 1882 3989 liceret
1897 3975 1910 4000 ,
1940 3941 2002 3990 de
2024 3943 2144 3991 celo
2166 3955 2377 3992 servaret
2398 3959 2412 3994 t
2440 3955 2488 3992 et
2511 3955 2567 3992 ut
2586 3947 2746 3992 omni-

1720 4020 1811 4067 bus
1843 4020 2015 4067 diebus
2049 4022 2185 4069 fastis
2216 4022 2369 4086 legem
2418 4022 2530 4071 ferri
2556 4023 2740 4070 liceret.

1723 4099 1850 4147 Vide
1873 4114 2032 4164 supra.
