2994 4778
660 421 1045 488 ORATIO
1093 422 1193 489 IN
1239 424 1319 489 L.
1356 424 1434 489 C.
1482 421 1966 489 PISONEM.
2232 423 2359 503 [ραι

250 542 443 628 haec,
480 565 641 636 quae
674 540 1069 628 excellunt,
1106 565 1225 613 me
1263 564 1479 612 nosse
1514 538 1792 625 videas,
1830 564 1982 610 non
2017 542 2375 612 existimes

249 650 561 721 mediam
602 649 792 720 illam
831 665 1111 747 partem
1132 703 1151 733 ‚
1185 664 1258 721 et
1297 648 1585 721 turbam
1619 648 2050 745 flagitiorum
2082 663 2370 720 tuorum

247 763 419 832 mihi
450 786 601 833 esse
632 760 1046 831 inauditam.
1082 760 1276 831 Nihil
1304 776 1411 832 est
1431 814 1450 848 ,
1477 758 1678 857 quod
1709 784 1823 829 me
1844 758 2167 846 hortere3
2195 758 2371 828 nihil

245 887 394 960 est,
454 871 655 969 quod
699 872 1005 943 invites:
1059 869 1433 941 admoneri
1473 895 1591 940 me
1627 872 1800 940 satis
1839 883 1966 941 est.
2013 867 2374 939 Admone-

244 983 353 1052 bit
376 992 619 1052 autem
649 1005 867 1051 nemo
902 980 1116 1068 alius,
1145 982 1281 1051 nisi
1300 979 1710 1076 reipublicae
1739 994 2026 1075 tempus
2047 988 2144 1065 ¹²3
2176 978 2373 1074 quod

243 1091 428 1162 mihi
454 1090 751 1188 quidem
784 1092 1002 1187 magis
1028 1089 1310 1162 videtur
1330 1087 1416 1177 ¹³,
1451 1114 1670 1187 quam
1698 1104 1780 1160 tu
1811 1108 2158 1184 umquam
2192 1086 2372 1157 arbi-

246 1216 478 1272 tratus
514 1225 626 1285 es,
670 1205 1279 1298 appropinquare.

341 1314 664 1381 XXXIX.
714 1309 991 1406 Ecquid
1049 1309 1321 1397 vides¹,
1366 1308 1629 1407 ecquid
1675 1311 1929 1394 sentis,
1983 1308 2137 1404 lege
2176 1304 2369 1399 judi-

247 1421 464 1492 ciaria
500 1420 672 1505 lata,
708 1442 895 1516 quos
923 1418 1223 1517 posthac
1257 1419 1539 1515 judices
1570 1423 1791 1490 simus
1826 1417 2190 1487 habituri?
2221 1440 2369 1485 non

245 1556 455 1626 aeque
494 1530 800 1627 legetur,
848 1532 1178 1627 quisquis
1222 1530 1616 1616 voluerit²;
1660 1553 1826 1616 nec,
1872 1526 2200 1625 quisquis
2237 1551 2369 1595 no-

245 1639 497 1727 luerit,
534 1664 686 1710 non
725 1639 1025 1736 legetur.
1082 1640 1277 1712 Nulli
1311 1641 1792 1735 conjicientur·
1821 1640 1895 1707 in
1932 1636 2134 1707 illum
2173 1635 2371 1705 ordi-

246 1775 415 1821 nem
437 1805 457 1839 ,
493 1750 679 1821 nulli
708 1754 1151 1839 eximentur3
1181 1775 1333 1821 non
1367 1749 1666 1821 ambitio
1695 1748 1782 1820 ad
1811 1743 2152 1844 gratiam³
2171 1800 2192 1831 ‚
2221 1769 2369 1815 non

245 1860 589 1955 iniquitas
629 1858 718 1929 ad
765 1859 1296 1931 simulationem
1348 1861 1791 1955 conjicietur.
1845 1857 2134 1929 Judices
2175 1854 2371 1951 judi-

246 1966 520 2040 cabunt
556 1970 645 2055 ii,
693 1993 878 2064 quos
923 1967 1037 2039 lex
1072 1971 1263 2068 ipsa,
1306 1995 1457 2040 non
1503 1995 1687 2067 quos
1725 1968 2105 2038 hominum
2143 1964 2370 2035 libido

247 2076 613 2173 delegerit.
673 2076 894 2168 Quod
925 2102 1156 2175 quum
1202 2080 1302 2150 ita
1343 2082 1463 2167 sit,
1503 2079 1677 2148 mihi
1713 2079 1966 2164 crede,
2005 2077 2365 2146 neminem

248 2187 547 2258 invitus⁴
587 2186 920 2258 invitabis
951 2211 1113 2259 :res
1145 2189 1321 2286 ipsa,
1338 2205 1410 2261 et
1442 2188 1857 2288 reipublicae
1896 2202 2218 2283 tempus»,
2249 2197 2372 2254 aut

251 2322 364 2368 me
398 2299 680 2396 ipsum,
715 2299 916 2396 quod
970 2300 1194 2396 nolim
1217 2295 1272 2386 ⁵,
1318 2315 1441 2370 aut
1490 2300 1708 2370 alium
1763 2300 2211 2396 quempiam,
2246 2309 2371 2365 aut.

250 2409 580 2479 invitabit
603 2463 624 2496 ,
666 2424 789 2479 aut
826 2408 1327 2481 dehortabitur
1345 2405 1399 2480 6.

320 2540 401 2571 aa.
429 2524 733 2573 Admonebit
756 2538 915 2573 autem
943 2543 1082 2574 nemo
1107 2525 1257 2582 alius,

247 2602 341 2650 nisi
364 2603 640 2669 reipublicae
665 2616 865 2669 tempus.
900 2605 1015 2654 Nou
1046 2619 1118 2654 est
1144 2606 1262 2655 mihi

245 2699 370 2749 opus
415 2683 515 2731 alio
546 2686 817 2743 monitore3
857 2685 974 2732 satis
1013 2686 1142 2733 enim
1185 2703 1262 2733 me

1425 2544 1475 2577 2.
1504 2529 1616 2574 Non
1644 2542 1782 2591 oeque
1806 2527 2008 2591 legetur,
2038 2521 2250 2587 quisquis
2275 2536 2370 2566 νο-

1350 2604 1513 2656 luerit.
1569 2609 1660 2655 Per
1712 2605 2058 2670 expolifioncm
2109 2599 2367 2649 oratoriam

1343 2687 1644 2748 judiciorum
1680 2685 2001 2748 integritatem
2031 2681 2294 2744 explanat;
2320 2688 2369 2723 et

243 2762 405 2827 ipsum
439 2763 656 2812 monebo
700 2764 763 2812 ad
792 2764 1137 2812 intendendam
1171 2765 1261 2813 tibi

240 2841 394 2902 litem,
408 2859 559 2906 quum
572 2842 624 2890 id
643 2859 743 2891 esse
756 2842 925 2892 videro
945 2861 970 2891 e
988 2844 1258 2908 republica:

242 2937 376 2968 nunc
402 2932 562 2969 autem
579 2922 726 2970 video
753 2923 807 2971 id
828 2922 1106 2987 reipublicae
1133 2939 1263 2972 non·

243 3000 369 3048 dum
414 3000 667 3065 expedit-123
713 3001 828 3066 quia
868 3000 975 3049 hoec
1022 3003 1263 3050 accusatio

243 3079 430 3129 caari
469 3083 654 3143 magnis
694 3097 788 3144 pro
832 3080 1077 3144 republica
1122 3080 1264 3128 bellis

244 3158 471 3206 districto
488 3157 669 3223 aliquid
693 3158 925 3207 molestiae
952 3169 1001 3208 et
1025 3158 1265 3207 sollicitu-

246 3237 375 3284 dinis
400 3237 665 3285 exhiberet.

320 3317 401 3364 13.
429 3316 574 3379 Quod
594 3313 717 3363 mihi
735 3313 927 3380 quidem
953 3313 1108 3380 magis
1124 3312 1265 3362 vide·

246 3407 344 3441 tur.
366 3427 381 3439 .
403 3430 419 3443 .
446 3394 859 3458 appropinquare.
892 3393 949 3440 m
985 3393 1262 3457 subjungit,

248 3484 301 3520 ut
322 3474 477 3537 tnagis
501 3483 737 3521 exterreat
763 3489 794 3522 a
821 3473 1052 3521 brevitate
1074 3485 1264 3536 tempo·

249 3553 344 3610 ὡς
390 3551 558 3601 nescio
604 3552 732 3600 enim
775 3567 876 3616 quo
923 3552 1072 3600 modo
1115 3551 1264 3615 magis

249 3642 489 3679 exterrent
512 3647 621 3694 quae
644 3632 844 3696 propius
862 3630 1088 3678 videntur
1110 3631 1263 3677 immi-

252 3725 380 3758 nere.
418 3712 587 3757 Terret
630 3709 759 3757 enim
798 3710 1002 3774 periculi
1041 3709 1265 3757 vicinitas

252 3801 299 3837 et
329 3790 630 3853 magnitudo.

321 3869 570 3916 xxxlx.
617 3885 661 3916 1.
708 3868 898 3932 Ecquid
942 3867 1096 3915 vides.
1153 3867 1265 3915 Non

254 3945 407 3994 solum
434 3947 637 4009 periculi
663 3946 883 3994 vicinitas
913 3956 1122 3993 exterret
1141 3978 1156 4003 ‚
1182 3942 1265 3991 sed

257 4026 397 4074 etiam
454 4026 571 4073 mali
618 4026 900 4088 magnitudo
920 4042 935 4083 3
986 4041 1136 4088 quare
1190 4023 1268 4069 bic

259 4104 470 4154 ostendit
498 4121 732 4154 summam
752 4105 928 4167 judicii
956 4105 1105 4153 futuri
1132 4118 1267 4150 seve-

262 4183 463 4232 nitatem.

1348 2783 1376 2814 a
1402 2766 1669 2813 remotione
1695 2762 2117 2827 incommodorum
2136 2772 2245 2823 quae
2262 2749 2370 2803 'Au-

1348 2846 1496 2894 relius
1523 2846 1665 2894 Cotta
1700 2860 1800 2891 non
1834 2841 2162 2908 praevideram
2196 2836 2369 2885 tulerat

1350 2927 1478 2974 enim
1499 2925 1664 2982 Cotta,
1685 2935 1741 2971 ut
1754 2922 1944 2984 iudices
1962 2937 2023 2968 ex
2042 2918 2368 2976 senatoribus,

1350 3002 1620 3068 equitibus,
1645 3013 1694 3049 et
1716 3001 1924 3049 tribunis
1951 2997 2127 3047 aerariis
2153 2999 2369 3061 legeren-

1352 3092 1468 3130 tur:
1504 3092 1554 3129 at
1587 3081 1843 3143 Pompeius
1880 3077 2095 3126 fraudem
2134 3076 2228 3139 legi
2263 3074 2366 3123 fieri

1351 3160 1606 3209 advertens
1633 3157 1774 3218 tulit,
1798 3167 1855 3204 ut
1876 3154 2066 3216 judices
2092 3170 2152 3201 ex
2177 3154 2236 3200 iis
2261 3153 2370 3217 qui-

1353 3238 1463 3286 dem
1497 3236 1751 3285 ordinibus
1769 3269 1786 3294 ,
1815 3234 1900 3282 sed
1936 3244 2095 3280 tamen
2129 3250 2191 3288 ¹ex
2222 3248 2367 3279 censu

1349 3318 1650 3384 legerentur;
1678 3314 1800 3362 adeo
1831 3323 1887 3360 ut
1920 3327 2063 3359 nemo
2088 3322 2253 3376 posset
2286 3323 2370 3359 aut

1351 3414 1402 3445 se
1421 3396 1631 3444 eximere
1649 3411 1675 3442 a
1692 3392 1904 3454 judicic,
1926 3408 2017 3440 nec
2032 3408 2121 3455 per
2136 3391 2370 3460 fraudem,

1350 3486 1436 3525 aut
1453 3474 1652 3538 gratiam
1672 3489 1722 3520 se
1739 3470 1998 3519 intrudere.

1425 3555 1471 3603 3.
1514 3553 1628 3601 Non
1656 3549 1856 3600 ambitio
1889 3549 1963 3598 ad
1983 3548 2217 3615 gratiam.
2255 3548 2370 3596 Non

1350 3633 1594 3682 ambitiosi
1607 3630 1909 3694 judiciariam
1928 3639 2214 3693 potestatem
2239 3643 2370 3691 quae-

1352 3724 1483 3770 rent,
1497 3711 1560 3759 ad
1578 3726 1771 3758 reorum
1791 3709 1990 3773 gratiam
2004 3706 2342 3772 colligendam.

1426 3800 1478 3848 4.
1507 3789 1637 3837 Male
1653 3791 1837 3836 Ernest.
1860 3798 1973 3850 post
1992 3784 2255 3834 nonnullos
2272 3799 2372 3830 ma·

1352 3870 1445 3917 luit
1471 3867 1687 3915 invitum.
1715 3867 1764 3913 J.
1789 3867 1851 3912 V.
1874 3869 1928 3913 1..
2327 3881 2330 3882 ⁷

1429 3947 1475 3995 5.
1525 3945 1671 4007 Quod
1694 3943 1859 3993 nolim.
1902 3946 2106 4006 Propter
2140 3943 2372 3990 Caesarem

1357 4041 1577 4075 socerum
1607 4034 1771 4079 tuum,
1799 4024 1916 4069 mihi
1936 4023 2290 4069 amicissimum.

1428 4098 1479 4144 6.
1492 4093 1850 4143 Debet-cabitur.
1869 4098 2086 4142 Fortasse
2099 4090 2378 4156 reipublicae

1362 4190 1579 4241 tempora
1600 4172 1964 4221 dissuadebant.
