2994 4778
555 426 937 494 ORATIO
986 426 1186 497 PRO
1234 431 1329 497 M.
1378 429 1960 509 MARCELLO.
2175 437 2302 517 561

292 549 382 614 Et
433 560 709 616 ceteros
756 545 1061 643 quidem·
1101 570 1353 621 omnes
1393 555 1699 625 victores
1744 556 2100 635 bellorum
2145 573 2315 641 civi-

189 654 378 726 lium
419 657 567 750 jam
605 671 771 727 ante
807 658 1141 753 aequitate
1178 675 1248 731 et
1286 663 1766 737 misericordia
1807 672 2074 744 viceras
2124 704 2140 746 :
2180 678 2317 751 ho-

189 763 459 857 dierno
496 790 668 836 vero
714 765 831 836 die
884 780 954 837 te
1008 767 1243 864 ipsum
1296 772 1593 842 vicisti7.
1641 779 1944 867 Vereor,
1997 797 2078 852 ut
2131 785 2313 874 hoc,

188 874 403 972 quod
425 873 655 949 dicam
678 928 696 962 ,
729 874 1028 972 perinde
1051 877 1349 976 intelligi
1374 881 1625 954 auditu
1644 892 1867 982 possit
1884 943 1904 975 ‚
1928 905 2144 988 atque
2162 900 2317 996 ipse

189 988 521 1082 cogitans
549 988 819 1056 sentio:
851 987 1074 1083 ipsam
1099 988 1469 1060 victoriam
1497 996 1743 1066 vicisse
1771 998 2063 1088 videri5‚
2089 990 2319 1100 quum

190 1119 319 1180 ea,
361 1118 519 1190 quae
555 1092 678 1163 illa
723 1109 873 1165 erat
909 1094 1199 1192 adepta,
1236 1099 1439 1171 victis
1480 1104 1831 1175 remisisti.
1870 1111 2051 1180 Nam
2088 1138 2316 1209 quum

190 1204 423 1299 ipsius
454 1203 767 1272 victoriae
791 1203 1206 1275 conditione
1226 1200 1257 1251 3
1281 1208 1445 1301 jure
1478 1234 1732 1285 omnes
1755 1216 1922 1287 victi
1949 1221 2320 1297 occidisse-

192 1335 395 1396 mm,
432 1309 822 1381 clementiae
865 1326 1004 1383 tuae
1040 1313 1317 1406 judicio
1358 1326 1753 1393 conservati
1791 1349 2060 1401 sumus.
2103 1337 2320 1407 Recte

188 1423 416 1517 igitur
456 1443 638 1491 unus
690 1422 993 1493 invictus
1043 1449 1153 1511 e5‚
1202 1449 1242 1496 a
1294 1451 1444 1523 quo
1484 1435 1697 1501 etiam
1734 1433 1957 1531 ipsius
2008 1441 2320 1514 victoriae

190 1529 521 1602 conditio
556 1532 810 1627 visque
847 1530 1122 1605 devicta
1161 1550 1290 1607 est.
2059 1620 2070 1625 ,

289 1646 379 1710 V.
433 1644 667 1737 Atque
723 1640 864 1713 hoc
917 1647 995 1713 C.
1058 1647 1346 1716 Caesaris
1395 1646 1786 1742 judicium,
1853 1670 2089 1751 patres
2147 1683 2323 1731 con-

189 1750 486 1846 scripti,
538 1774 757 1849 quam
810 1750 952 1822 late
997 1767 1279 1850 pateat,
1331 1756 1678 1829 attendite
1728 1788 1744 1830 ε
1792 1786 2042 1837 omnes
2090 1771 2317 1859 enim,

189 1860 325 1956 qui
361 1859 452 1929 ad
499 1859 618 1930 illa
659 1885 853 1931 arma
900 1859 1048 1933 fato
1081 1874 1101 1906 ¹
1144 1888 1394 1937 sumus
1427 1870 1673 1939 nescio
1719 1895 1868 1966 quo
1912 1859 2324 1974 reipublicae

184 1971 462 2040 misero
522 1968 957 2067 funestoque
1004 1974 1392 2070 compulsi,
1433 1980 1565 2048 etsi
1602 1977 1838 2074 aliqua
1873 1984 2084 2081 culpa
2120 2003 2321 2061 tene-

186 2104 364 2149 mur
407 2080 668 2150 erroris
711 2079 1043 2167 humani,
1094 2107 1136 2155 a
1179 2084 1446 2157 scelere
1488 2101 1682 2158 certe
1721 2088 2000 2163 liberati
2052 2121 2319 2171 sumus.

186 2192 377 2260 Nam
408 2212 637 2283 quum
660 2193 773 2258 M.
814 2191 1269 2279 Marcellum,
1309 2193 1865 2292 deprecantibus
1899 2202 2136 2293 vobis,
2180 2213 2324 2281 rei-

186 2296 500 2395 publicae
555 2301 788 2368 Caesar
845 2303 1331 2389 conservavit3
1395 2298 1663 2376 memet
1713 2307 1923 2399 mihi,
1981 2328 2054 2385 et
2101 2317 2319 2389 item²

180 2407 641 2506 reipublicae,
682 2409 884 2480 nullo
924 2405 1441 2509 deprecante33
1483 2414 1801 2512 reliquos
1843 2424 2318 2520 amplissimos

181 2519 385 2588 viros
427 2534 500 2590 et
544 2517 683 2590 sibi
724 2520 928 2616 ipsis,
960 2535 1032 2591 et
1067 2523 1307 2618 patriae
1340 2523 1687 2615 reddidit,
1725 2554 2038 2625 quorum
2069 2551 2139 2605 et
2170 2536 2316 2610 fre-

184 2632 605 2726 quentiam,
642 2643 712 2699 et
762 2627 1178 2725 dignitatem
1222 2630 1363 2704 hoc
1401 2634 1562 2730 ipso
1608 2637 1684 2706 in
1734 2662 2073 2712 consessu
2124 2646 2315 2718 vide-

265 2828 316 2873 7.
348 2811 412 2858 Te
441 2809 594 2874 ipsum
626 2807 802 2857 vicisti.
828 2809 990 2869 Maior
1023 2820 1071 2857 te
1105 2810 1211 2874 ipse

183 2889 476 2954 apparuisti.
499 2891 758 2951 Ignoverat
784 2887 972 2944 multis,
1001 2887 1087 2935 sed
1107 2904 1210 2935 non

1297 2812 1456 2860 civilia
1474 2814 1768 2874 referebant,
1786 2819 1924 2881 quod
1949 2831 2131 2871 tantum
2155 2827 2312 2876 scelus

1297 2891 1349 2939 in
1367 2891 1619 2940 hominum
1638 2908 1844 2944 mentem
1862 2900 2032 2948 cadere
2050 2918 2152 2951 non
2168 2922 2310 2970 posse

182 2965 257 3017 ita
276 2967 475 3015 infensis
490 2984 503 3026 ;
519 2965 668 3014 hodie
684 2966 966 3013 acerrimum
985 2965 1211 3015 adversa-

182 3048 318 3096 rium
343 3063 452 3093 cum
473 3061 644 3109 magna
670 3045 797 3092 illius
816 3045 1051 3108 dignitate
1069 3047 1207 3093 resti-

181 3127 303 3175 tuit.
326 3153 389 3162 —
416 3121 600 3172 Vereor
622 3135 694 3172 ut.
724 3128 912 3171 Auctor
945 3135 1209 3189 postquam

183 3203 443 3253 cumulum
464 3203 605 3252 dictis
622 3203 721 3250 suis
744 3199 920 3250 addere
947 3204 1050 3251 vult
1069 3238 1085 3262 ,
1113 3220 1211 3251 me-

185 3288 331 3332 tuere
351 3300 401 3330 se
424 3283 566 3346 fingit
600 3299 662 3330 ne
683 3277 847 3330 verbis
870 3279 1016 3329 :mimi
1041 3298 1207 3330 sensus

181 3363 398 3427 exprimi
418 3378 518 3409 non
546 3361 766 3425 possint,
789 3373 837 3410 et
865 3361 1078 3409 eamdem
1104 3361 1207 3409 Cae-

181 3443 310 3489 saris
337 3441 633 3488 clementiam
666 3441 843 3504 insigni
880 3440 1086 3504 quadam
1126 3457 1205 3487 ra·

181 3521 325 3568 tione
363 3519 582 3578 extollit,
620 3531 674 3569 ut
715 3520 876 3568 verbis
912 3535 966 3567 ea
1009 3520 1206 3569 accedat

182 3598 263 3646 vis
287 3614 433 3661 quam
459 3597 555 3646 illis
580 3599 859 3663 impressam
884 3600 1040 3663 cupit.

260 3674 314 3723 8.
352 3675 543 3725 Weisk.
574 3678 866 3741 interposuit
902 3688 949 3726 et
964 3710 981 3736 ,
1024 3677 1206 3727 scilicet

180 3765 241 3802 nt
284 3764 575 3818 temperaret
623 3755 871 3803 duriorem
906 3758 1206 3804 sententiam.

257 3830 324 3880 V.
365 3849 407 3879 1.
445 3834 587 3882 Fato.
616 3835 795 3883 Civiles
817 3834 1081 3883 discordias
1105 3851 1203 3883 non

176 3907 286 3956 suis
310 3910 554 3973 consiliis,
581 3910 668 3959 sed
688 3912 789 3960 fato
811 3914 1096 3977 plerumque
1119 3914 1206 3960 tri-

174 3986 419 4036 buebant.
442 3989 521 4036 Sic
547 3990 719 4038 Horat.
742 3991 901 4054 Epod.
928 4009 953 4053 7
968 4006 981 4040 :
996 3991 1205 4039 «acerba

180 4065 283 4112 fata
314 4066 566 4115 Romanos
591 4080 793 4132 agunt».
825 4072 950 4133 Quia
976 4072 1205 4120 nimirum

177 4145 260 4193 vel
288 4146 341 4193 in
369 4148 461 4195 fata
481 4183 495 4206 ,
519 4147 597 4195 vel
620 4148 673 4195 in
696 4148 773 4196 dei
797 4149 1058 4199 vindictam
1081 4150 1205 4201 bella

339 4237 425 4302 xl.
482 4251 572 4298 Cie-
595 4266 705 4311 μανι·
738 4252 950 4300 sectanda.

1296 2970 1648 3020 existimabant.
1675 2975 1736 3021 Et
1749 2977 1869 3023 sacri
1889 2989 2105 3028 oratores
2119 2985 2317 3034 Bou-uec

1297 3059 1348 3096 et
1372 3047 1589 3097 Flechier
1613 3053 1826 3100 eamdem
1862 3057 2136 3107 cantionem
2174 3064 2306 3112 adhi-

1296 3126 1471 3186 buere,
1490 3144 1640 3190 quum
1669 3130 1737 3177 eis
1763 3131 1822 3179 de
1846 3134 2077 3183 Turennii
2103 3155 2159 3186 ac
2177 3142 2309 3191 Con.

1296 3204 1388 3252 daei
1434 3205 1657 3254 civilibus
1703 3208 1957 3258 discordiis
2005 3214 2100 3262 snit
2161 3219 2310 3269 disse-

1294 3282 1520 3331 rendum.

1363 3378 1415 3410 a.
1441 3364 1582 3410 Item.
1605 3365 1794 3414 Ernest.
1819 3381 1846 3413 e
1866 3368 1956 3416 MS
1975 3371 2078 3419 Erf.
2112 3374 2307 3428 Graevio

1293 3440 1442 3503 duce,
1469 3441 1656 3490 iterum.

1364 3517 1414 3569 3.
1452 3521 1602 3573 Nullo
1640 3520 1950 3586 deprecante.
1997 3529 2186 3598 Nempe
2225 3536 2308 3585 de-

1294 3610 1429 3647 creto
1445 3598 1668 3647 Marcelli
1687 3600 1847 3650 reditu
1859 3636 1876 3662 ,
1903 3605 2064 3655 Caesar
2082 3613 2307 3662 ostende-

1293 3677 1377 3726 bat
1402 3695 1452 3727 se
1477 3679 1539 3727 de
1568 3680 1873 3744 Pompeianis
1897 3685 2070 3735 melius
2096 3691 2303 3751 sentire,

1295 3767 1342 3805 et
1367 3757 1537 3807 Cicero
1557 3775 1613 3806 ac
1639 3762 1785 3806 ceteri
1810 3777 1994 3811 novum
2016 3769 2230 3816 animum
2251 3784 2306 3820 et

1294 3846 1470 3883 certam
1510 3835 1788 3899 dignitatem
1823 3843 1953 3889 nacti
1985 3843 2302 3906 videbantur,

1292 3912 1384 3959 sihi
1419 3925 1467 3961 et
1505 3914 1624 3978 reip.
1669 3926 1805 3963 erant
1842 3918 2045 3980 redditi,
2086 3928 2307 3987 quamvis

1293 4008 1434 4039 nemo
1464 3991 1560 4039 hoc
1598 3994 1677 4042 die
1716 4012 1810 4059 pro
1847 3998 1942 4046 illis
1976 4014 2100 4051 esset
2132 4004 2304 4070 depre-

1293 4081 1455 4130 catus,
1476 4082 1526 4119 et
1548 4072 1703 4120 caesar
1724 4077 1884 4124 omnia
1914 4094 1974 4127 ne
2002 4083 2304 4145 sperantibus

1295 4143 1492 4213 quidem
1521 4151 1857 4230 cpndonasset.

1933 4241 2022 4310 36
