2994 4778
656 444 1041 513 ORATIO
1090 440 1197 510 IN
1244 441 1324 508 L.
1363 442 1440 510 C.
1494 439 1984 510 PISONEM.
2234 438 2378 514 383

243 595 371 641 sus
396 622 415 654 ‚
462 565 824 638 succensis
870 561 1160 662 ignibus
1218 574 1616 646 torreatur,
1669 558 2031 631 dicturum
2091 577 2331 636 tamen
2354 620 2373 650 ‚

237 702 458 751 suave
494 676 672 747 illud
715 698 865 746 esse
889 728 908 759 ‚
954 696 1178 769 seque
1215 697 1307 742 ne
1333 669 1696 741 tantulum
1725 670 2019 767 quidem
2061 694 2378 745 commo-

238 794 418 861 veri.
477 793 780 858 Tantam
834 784 1115 854 virtutis
1179 805 1331 853 esse
1389 781 1532 850 vim
1594 779 2019 865 voluerunt,
2089 795 2173 851 ut
2229 807 2380 855 non

241 913 491 1000 posset
533 919 883 994 umquam
928 916 1084 965 esse
1122 896 1232 962 vir
1277 890 1518 962 bonus
1555 915 1705 960 non
1747 888 2021 961 beatus.
2056 893 2232 981 Quae
2276 908 2384 964 est

243 1011 462 1107 igitur
515 1004 782 1106 poena?
834 1003 1035 1102 quod
1086 999 1568 1100 supplicium?
1609 999 1731 1084 Id,
1777 1024 1938 1072 mea
1988 1004 2382 1093 sententia,

245 1118 448 1218 quod
500 1114 823 1189 accidere
866 1117 1139 1186 nemini
1182 1125 1457 1210 potest,
1501 1112 1640 1182 nisi
1680 1114 2007 1198 nocenti,
2051 1126 2384 1212 suscepta

246 1224 510 1317 fraus⁸‚
562 1226 906 1325 impedita
957 1239 1028 1295 et
1083 1245 1427 1320 oppressa
1468 1245 1680 1293 mens
1720 1223 2195 1310 conscientia,
2248 1224 2388 1296 bo-

246 1364 516 1411 norum
567 1342 895 1409 omnium
935 1334 1184 1407 odium
1209 1386 1230 1422 ,
1264 1348 1437 1404 nota
1470 1334 1644 1428 justi
1679 1347 1968 1405 senatus
1987 1344 2054 1419 9,
2099 1337 2385 1407 amissio

248 1448 639 1546 dignitatis.

345 1562 538 1630 XIX.
592 1560 743 1629 Nec
782 1555 965 1626 mihi
1002 1553 1122 1624 ille
1166 1556 1266 1622 M.
1315 1551 1707 1648 Regulus¹‚
1747 1573 1966 1647 quem
2017 1552 2389 1651 Carthagi-

252 1671 577 1755 niensem,
615 1668 906 1738 resectis
949 1662 1313 1761 palpebris
1337 1717 1357 1750 ‚
1398 1662 1745 1760 illigatum
1786 1660 1857 1732 in
1897 1661 2390 1751 machina‚vi-

251 1780 546 1880 gilando
595 1788 1071 1860 necaverunt,
1126 1773 1488 1870 supplicio
1524 1770 1813 1843 videtur
1849 1768 2191 1859 affectum
2250 1794 2390 1846 nec

253 1896 327 1963 C.
371 1891 690 1973 Μανίας,
728 1908 945 1983 quem
999 1884 1201 1954 Italia
1244 1894 1558 1955 servata²
1615 1882 1710 1953 ab
1762 1882 1931 1968 illo,
1973 1880 2385 1955 demersum

254 2005 324 2071 in
376 1999 996 2071 Minturnensium
1043 1991 1464 2092 paludibus,
1512 1991 1744 2063 Africa
1784 1990 2062 2063 devicta
2111 1991 2203 2063 ab
2259 2019 2387 2065 eo-

255 2110 458 2194 dem,
500 2106 880 2205 expulsum
940 2118 1012 2174 et
1065 2101 1492 2199 naufragum
1549 2101 1751 2172 vidit.
1800 2107 2135 2173 Fortunae
2190 2106 2404 2181 enim,

252 2223 381 2292 ista
413 2219 559 2290 tela
583 2230 752 2288 sunt
770 2270 789 2303 ‚
826 2238 981 2286 non
1006 2212 1273 2310 cuipae3
1302 2212 1739 2309 supplicium
1764 2224 2008 2280 autem
2042 2224 2150 2281 est
2170 2236 2388 2310 poena

204 2337 217 2349 ’
257 2330 549 2430 peccati.
578 2329 836 2423 Neque
867 2346 1041 2396 vero
1077 2344 1247 2418 ege,
1283 2321 1347 2393 si
1385 2343 1734 2418 umquam
1773 2318 1983 2391 vobis
2013 2321 2199 2394 mala
2233 2346 2388 2420 pre-

256 2465 478 2528 carer,
515 2437 716 2536 quod
768 2459 952 2533 saepe
983 2427 1313 2525 feci³(in
1365 2457 1517 2530 quo
1568 2431 1670 2502 dii
1720 2432 2162 2504 immortales
2194 2458 2389 2505 meas

259 2576 511 2649 preces
545 2547 1066 2636 audiverunt),
1101 2541 1443 2614 morbum
1463 2598 1482 2630 ‚
1522 2557 1646 2613 aut
1689 2556 2033 2630 mortem,
2065 2558 2191 2613 aut
2221 2529 2400 2613 cru-⁶

259 2663 524 2734 ciatum
558 2681 910 2757 precarer.
938 2654 1289 2751 Thyestea
1321 2653 1453 2723 ista
1481 2652 1874 2724 exsecratio
1908 2664 2049 2736 est,
2087 2664 2319 2747 poetae
2332 2653 2388 2739 4,

259 2771 452 2870 vulgi
492 2770 810 2854 animos,
847 2790 999 2835 non
1038 2768 1484 2860 sapientum,
1541 2763 1899 2833 moventis
1932 2788 1948 2831 ε

455 2932 539 2988 Ut
569 2942 632 2986 tu
659 2923 958 3002 naufragio
985 2901 1286 3001 expulsuS,
1313 2923 1538 3002 uspiam
1564 2922 1713 2979 saxis
1740 2923 1888 2979 fixus
1917 2919 2134 2998 asperis
2152 2962 2168 2990 ,

461 3025 821 3084 Evisceratus
850 3021 1028 3079 latere
1056 3017 1342 3097 penderes
1365 3016 1453 3097 (ut
1470 3019 1551 3076 ait
1571 3017 1720 3097 ille),
1742 3037 1881 3076 saxa
1906 3033 2183 3094 spargens
2206 3012 2365 3086 tabo,

456 3117 652 3187 Sanie,
680 3114 956 3193 sanguine
980 3125 1109 3169 atro
1121 3148 2220 3169 ............................

330 3283 382 3330 8.
398 3276 809 3343 Suscepeafraus.
827 3277 923 3323 Pro
941 3277 1091 3324 Rosc.
1111 3273 1279 3321 Amet.
1366 3263 1520 3329 Alpes
1555 3263 1740 3326 magnis
1780 3262 1937 3326 copiis
1966 3262 2066 3322 jam
2101 3259 2388 3309 effuderant.

261 3377 380 3410 «ma
417 3374 661 3425 quemque
704 3356 836 3403 fram
873 3364 923 3402 et
963 3369 1080 3401 suus
1125 3363 1282 3400 terror
1444 3345 1494 3391 3.
1523 3341 1670 3408 Quod
1679 3337 1937 3405 soepefeel'.
1953 3338 2305 3388 Adnotnndum
2322 3352 2395 3388 est

262 3441 467 3488 maxime
488 3447 633 3486 vexat
651 3458 693 3483 ιι.
988 3451 990 3454 ·
1368 3423 1473 3482 hic,
1502 3424 1751 3478 Romanos
1795 3420 2091 3483 Graecosque
2131 3435 2395 3484 numquam

327 3537 379 3584 9.
408 3524 581 3567 ᾖσι-ιι.
612 3515 745 3575 conj.
780 3512 944 3560 inusta
965 3527 999 3557 a
1020 3520 1212 3558 senatu.
1376 3501 1654 3561 erubuisse,
1685 3500 1726 3547 si
1757 3498 1926 3547 odium
1951 3496 2284 3561 vindictaeque
2315 3515 2397 3546 cu·

326 3600 475 3647 nx.
512 3614 560 3645 ι.
594 3597 667 3642 Μ.
699 3591 930 3656 Regulus.
967 3591 1045 3636 Ex
1080 3586 1285 3635 historia
1376 3581 1595 3647 pidinem
1615 3578 1773 3644 palam
1798 3577 2087 3642 proferrent.
2111 3578 2293 3625 Vernus
2318 3594 2397 3625 ω-

262 3691 450 3738 ntum,
468 3675 602 3724 undo
627 3684 788 3722 ortum
817 3671 1153 3730 uittamgrave
1172 3667 1288 3716 Car·
1378 3673 1612 3727 quentes,
1643 3670 1690 3707 et
1729 3656 1880 3705 multa
1923 3656 2040 3717 alia,
2076 3672 2185 3719 quae
2224 3658 2398 3705 Cicero

261 3755 640 3822 thnginiensium
699 3752 751 3798 in
802 3748 1043 3811 Regulum
1092 3745 1290 3805 odium;
1377 3741 1459 3788 hic
1487 3739 1738 3804 profatur,
1772 3736 1827 3782 in
1870 3735 2159 3783 Tusculanis
2203 3750 2401 3798 quoque

261 3838 430 3887 cicero
453 3847 699 3897 nusquam
732 3829 860 3878 illud
894 3828 1079 3875 factum
1114 3827 1165 3873 in
1194 3824 1291 3871 du·
1380 3828 1649 3866 vereantur.
1688 3818 1868 3862 Versus
1909 3815 2007 3864 alio
2044 3813 2195 3862 modo
2230 3813 2400 3878 scripti

260 3917 395 3965 bium
421 3913 655 3969 udducit‚
687 3907 910 3973 quamvis
948 3907 1009 3954 de
1041 3920 1104 3953 eo
1141 3918 1287 3951 num·
1380 3905 1642 3959 apparent,
1671 3907 1829 3955 neque
1864 3904 2056 3942 constat
2091 3908 2187 3955 qua
2217 3894 2402 3941 ratione

260 4012 409 4060 quam
434 3991 675 4057 Polybius
700 3988 995 4037 mentionem
1022 3984 1213 4033 fecerit.
1382 3975 1481 4023 siut
1511 3971 1824 4037 disponendi.

334 4091 390 4123 α.
417 4070 570 4120 ltalia
606 4078 799 4117 servata
839 4065 901 4114 ab
941 4064 1044 4112 illo.
1076 4059 1297 4110 Devictis
1453 4062 1505 4110 4.
1542 4055 1722 4100 Poeta.
1764 4050 1907 4098 Ennii
1921 4087 1937 4113 ‚
1983 4050 2071 4113 qui
2105 4049 2396 4115 Thyesteam

263 4152 474 4202 Cimbris
515 4162 563 4198 et
608 4146 939 4202 renuentibus,
984 4144 1072 4207 qui
1117 4157 1169 4188 ae
1210 4154 1297 4203 per
1390 4131 1603 4181 fabulam
1627 4128 1928 4178 condiderat.
