2994 4778
273 498 1008 522 “mmmmm
1014 501 1192 522 m
1198 498 2389 526 mmmmm-Q·

751 727 1904 835 ARGUMENTUM.

257 975 309 1030 Ρ.
331 973 607 1035 Vatinius
633 994 789 1035 auno
821 976 968 1038 Urb.
1005 979 1124 1057 690
1140 1020 1157 1049 ,
1200 977 1480 1041 Cicerone
1526 992 1586 1039 et
1632 978 1887 1040 Antonio
1934 996 2082 1037 coss.
2127 992 2377 1057 quustor

326 1071 459 1130 fuit.
492 1077 563 1130 In
607 1087 901 1151 questura
936 1076 991 1135 ei
1033 1076 1241 1156 obtigit
1287 1077 1588 1156 provincia
1611 1076 1897 1155 Aquaria,
1945 1094 2048 1135 seu
2086 1076 2382 1137 Ostiensis.

322 1174 505 1227 Anno
528 1169 682 1229 Urb.
704 1171 814 1248 691
846 1172 1066 1250 legatus
1092 1174 1202 1233 fuit
1228 1177 1293 1234 C.
1322 1173 1623 1245 Cosconii,
1661 1172 1860 1251 quiex
1887 1183 2139 1251 praetura
2169 1173 2381 1251 Hispa-

321 1265 486 1323 niam
536 1267 873 1327 ulteriorem
918 1289 1030 1347 pro
1074 1271 1312 1330 consule
1352 1270 1664 1348 regendam
1707 1269 1977 1329 obtinuit.
2024 1273 2201 1328 Anno
2230 1269 2381 1331 Urb.

321 1361 481 1438 694,
510 1366 577 1422 C.
603 1368 639 1422 J
643 1363 762 1422 ulio
787 1367 1010 1424 Caesare
1035 1378 1094 1425 et
1121 1371 1205 1425 Μ.
1229 1367 1548 1446 Calpurnio
1587 1365 1795 1425 Bibulo
1823 1385 1968 1425 coss.
2000 1364 2268 1423 tribunus
2299 1365 2379 1444 pl.

323 1458 476 1531 fuit,
508 1459 572 1517 in
601 1480 790 1539 eoque
816 1461 1116 1523 tribunatu
1146 1464 1327 1523 multa
1351 1485 1460 1544 per
1483 1465 1602 1523 vim
1623 1476 1684 1522 et
1711 1475 1915 1522 contra
1942 1481 2163 1521 morem
2190 1462 2380 1540 majo-

320 1575 459 1613 rum
482 1557 683 1634 gessit.
713 1561 781 1615 In
813 1559 1016 1636 primis
1043 1560 1256 1619 Caesari
1293 1559 1516 1618 consuli
1552 1560 1614 1617 in
1649 1557 1975 1618 actionibus
1998 1556 2382 1637 popularibus

325 1652 769 1730 antesignanum
800 1674 861 1713 se
899 1654 1184 1733 praehuit3
1225 1668 1285 1714 et
1329 1655 1600 1716 Bibulum
1637 1656 1881 1715 alterum
1918 1656 2212 1713 consulem
2253 1655 2381 1714 col-

325 1746 470 1825 legae
517 1747 920 1809 adversantem
946 1751 1022 1809 ¹vi
1062 1772 1096 1810 e
1144 1750 1308 1825 foro,
1352 1752 1550 1823 curia,
1571 1751 1829 1829 locisque
1855 1750 2102 1831 publicis
2129 1751 2380 1829 expulit,

324 1862 583 1921 eumque
609 1843 769 1903 domi
799 1846 1082 1921 inclusum
1102 1845 1277 1905 misso‘
1301 1846 1524 1905 viatore
1550 1846 1876 1919 extrahere,
1908 1860 1968 1905 et
1995 1847 2057 1905 in
2090 1866 2378 1905 carcerem

324 1939 547 1999 ducere
570 1960 745 2000 ausus
778 1954 883 2001 est.
913 1942 1076 2002 Idem
1102 1943 1285 2021 legem
1317 1943 1469 2015 tulit,
1483 1964 1602 2022 qua
1628 1944 1870 2016 Caesari,
1887 1943 1982 2002 cui
2000 1943 2121 2021 jam
2151 1956 2380 2003 senatus

327 2037 583 2095 Galliam
612 2038 952 2097 ulteriorem
978 2037 1354 2112 attribuerat,
1394 2039 1632 2099 citerior
1653 2059 1887 2117 quoque
1913 2059 2029 2099 una
2061 2059 2193 2097 cum
2233 2040 2381 2117 llly-

326 2134 450 2194 tico
472 2148 535 2194 et
564 2133 752 2195 tribus
776 2135 1100 2215 legionibus
1122 2136 1185 2194 in
1215 2137 1675 2215 quinquennium
1698 2136 1833 2196 data
1858 2149 1964 2199 est.
1987 2136 2167 2195 Aliam
2193 2136 2377 2215 legem

332 2231 462 2290 tulit
486 2230 564 2289 de
588 2230 956 2309 repetundis,
988 2251 1090 2291 seu
1119 2231 1194 2291 de
1226 2232 1460 2292 alternis
1490 2233 1745 2292 consiliis
1777 2231 1838 2290 in
1858 2231 2081 2310 judicio
2109 2246 2381 2312 repetun-

337 2324 535 2385 darum
580 2328 939 2406 rejiciendis3
984 2328 1103 2407 qua'
1142 2341 1378 2388 cautum
1416 2341 1531 2399 est,
1579 2342 1644 2388 ut
1682 2341 1743 2387 et
1782 2348 1948 2402 reus,
1980 2341 2038 2388 et
2076 2342 2377 2389 accusator

343 2442 525 2483 omnes
549 2439 788 2504 possent
804 2445 827 2503 J
836 2425 1030 2485 udices
1054 2428 1227 2486 semel
1252 2426 1522 2505 rejicere,
1544 2446 1691 2504 quos
1711 2441 1926 2506 praetor
1946 2427 2190 2485 sortitus
2205 2438 2374 2486 esset.

345 2521 554 2579 Deinde
579 2521 841 2580 Vettium
880 2521 1130 2581 indicem
1175 2523 1322 2581 ficta
1367 2523 1785 2600 conjurationis
1831 2523 1892 2580 in
1936 2524 2276 2601 Pompeium
2314 2523 2374 2580 in

341 2618 554 2677 Rostris
582 2619 921 2691 collocavit,
950 2640 1197 2698 eumque
1226 2640 1261 2678 a
1286 2639 1347 2679 se
1379 2632 1647 2698 rogatum
1675 2619 1867 2678 dicere
1894 2619 2094 2696 jussit,
2117 2637 2265 2697 quos
2290 2621 2376 2678 vi-

336 2734 427 2773 ros
453 2728 727 2775 auctores
760 2729 820 2775 et
846 2717 1034 2776 socios
1062 2716 1235 2795 hujus
1265 2717 1496 2776 sceleris
1527 2715 1851 2788 hahuisset;
1874 2714 1945 2774 ad
1972 2718 2095 2773 Att.
2118 2718 2196 2788 11,
2211 2715 2376 2793 epist.

335 2821 425 2880 ²4·
458 2817 634 2872 Anno
655 2812 802 2873 Urb.
832 2815 969 2890 697,
1004 2833 1184 2892 quum
1214 2818 1278 2872 Ρ.
1302 2815 1533 2875 Sextius
1556 2827 1706 2874 esset
1740 2833 1773 2872 a
1811 2817 1894 2872 M.
1920 2811 2114 2872 Tullio
2141 2810 2373 2871 Albino·

335 2927 483 2966 vano
507 2908 631 2987 lege
654 2909 887 2969 Lutatia
927 2909 1001 2970 de
1041 2910 1102 2968 vi
1144 2911 1501 2989 postulatus,
1538 2910 1936 2979 testimonium,
1963 2909 2022 2967 in
2058 2929 2190 2967 eum
2230 2908 2375 2968 dixit

331 3004 612 3063 Vatinius.
642 3010 848 3083 ltaque
881 3006 1083 3064 Cicero
1122 3006 1304 3067 Sextii
1343 3006 1615 3065 defensor
1650 3025 1782 3065 eum
1823 3018 2106 3084 perpetua
2132 3005 2376 3064 interro-

336 3099 563 3177 gatione
584 3103 892 3161 accusavit.
921 3106 1010 3163 De
1040 3123 1109 3161 ea
1137 3102 1261 3181 ipse
1294 3104 1503 3161 Cicero
1541 3101 1617 3160 ad
1648 3109 1719 3176 Q.
1746 3105 2035 3173 Fratrem,
2077 3101 2264 3180 Epist.
2286 3103 2375 3169 11,

336 3204 403 3269 4,
425 3197 504 3255 ita
525 3198 765 3257 scribit:
794 3199 1130 3259 «Vatinium
1165 3219 1201 3257 a
1232 3218 1352 3278 quo
1397 3200 1589 3278 palam
1630 3195 2078 3276 oppugnabatur
2107 3195 2376 3275 (Sextius)

330 3292 611 3352 arbitratu
637 3308 841 3354 nostro
871 3295 1254 3368 concidimus,
1283 3294 1395 3354 diis
1429 3292 1879 3371 hominibusque
1899 3291 2373 3370 plaudentibus...

332 3388 485 3462 Quid
511 3391 759 3468 quaeris?
784 3390 961 3449 homo
990 3391 1256 3470 petulans
1283 3403 1341 3450 et
1368 3389 1562 3449 audax
1572 3389 1839 3448 Vatinius
1865 3386 2035 3446 valde
2065 3388 2375 3468 perturba-

334 3498 420 3545 tus
445 3487 900 3566 debilitatusque
921 3485 1179 3549 discessit
1197 3514 1242 3546 »-
1268 3492 1342 3547 Et
1369 3489 1427 3547 in
1458 3488 1625 3566 epist.
1654 3485 1728 3545 ad
1749 3485 2057 3545 Lentulum
2076 3528 2094 3557 ,
2144 3485 2217 3544 ad
2240 3487 2370 3545 Div.

334 3586 391 3653 1,
416 3605 486 3660 9:
518 3611 543 3637 ι
558 3588 684 3663 Ego
708 3584 946 3643 sedente
966 3588 1071 3645 Cn.
1093 3584 1391 3663 Pompeio,
1404 3604 1605 3663 quum,
1634 3595 1701 3642 ut
1722 3582 1988 3641 laudaret
2010 3587 2071 3641 Ρ.
2093 3583 2372 3656 Sextium,

336 3677 619 3740 introisset
644 3682 706 3738 in
729 3680 933 3740 urbem
954 3723 973 3752 ,
1012 3680 1364 3758 dixissetque
1399 3681 1556 3740 testis
1576 3680 1874 3751 Vatinius,
1917 3698 2009 3737 me
2044 3678 2275 3737 fortuna
2316 3692 2377 3738 et

345 3775 602 3838 felicitate
641 3780 706 3837 C.
734 3778 974 3837 Caesaris
995 3791 1373 3851 commotum,
1402 3778 1487 3837 illi
1520 3777 1765 3835 amicum
1800 3795 1924 3835 esse
1945 3776 2185 3853 coepisse
2207 3821 2224 3848 ,
2251 3775 2378 3834 dixi

350 3890 457 3944 me,
488 3894 615 3932 eam
647 3871 843 3932 Bibuli
881 3874 1380 3952 fortunam,quam
1411 3874 1508 3931 ille
1538 3872 1805 3930 afflictam
1830 3883 2091 3950 putaret,
2121 3873 2380 3931 omnium

351 3968 638 4049 triumphis
667 3970 1043 4048 victoriisque
1069 3969 1386 4039 anteferre3
1416 3967 1654 4045 dixique
1676 3966 1877 4027 eodem
1899 3980 2069 4040 teste,
2092 3969 2207 4027 alio
2230 3970 2383 4040 loco,

346 4064 564 4125 eosdem
588 4087 746 4138 esse,
776 4067 879 4145 qui
898 4065 1165 4125 Bibulum
1183 4065 1360 4124 domo
1387 4064 1546 4124 exire
1571 4063 2035 4142 prohibuissent,
2066 4078 2126 4123 et
2157 4065 2261 4143 qui
2289 4083 2382 4123 me

349 4163 666 4241 coegissent.
701 4169 851 4223 Tota
881 4183 1023 4222 vero
1053 4162 1428 4241 interrogatio
1455 4181 1583 4221 mea
1610 4161 1750 4222 nihil
1774 4159 2008 4231 habuit,
2040 4161 2148 4218 nisi
2175 4177 2382 4237 reprc-
