2994 4778
664 422 801 495 550
1103 456 1108 461 ¹
1341 364 2091 499 ARGUMENTUM.

735 545 846 604 illis
872 572 896 598 υ
918 588 936 617 ,
960 546 1158 606 statuit
1183 545 1265 605 ibi
1298 547 1561 607 dolorem
1595 569 1631 607 a
1662 548 1893 628 republ.
1924 563 2154 628 captum
2177 548 2411 608 liberali
2440 551 2567 609 otio
2596 562 2659 609 et
2686 550 2777 609 in-

738 641 1082 701 tentioribus
1108 643 1312 702 studiis
1338 644 1640 702 consolari.
1666 650 1815 704 Nam
1840 645 1942 703 diu
1961 659 2095 704 ante
2120 644 2333 704 bellum
2360 645 2525 704 haud
2552 648 2780 705 infimus

738 739 850 817 ipsi
893 740 1050 797 locus
1089 738 1519 823 concedebatur
1560 745 1758 800 Romae
1789 742 1851 800 in
1892 743 2149 801 oratoria
2183 756 2331 815 arte,
2361 763 2543 821 quam
2585 744 2647 801 in
2685 744 2778 802 illa

734 835 1050 896 litterarum
1078 835 1206 895 luce
1231 857 1401 896 nemo
1428 858 1696 897 exercere
1721 839 1915 918 potuit
1945 840 2067 898 sine
2093 840 2369 918 elegantia
2394 839 2703 898 doctrinae.

813 933 946 990 Fuit
972 931 1107 990 huic
1146 933 1427 991 Marcello
1461 946 1740 1012 patruus,
1769 938 1833 992 C.
1871 935 2211 1003 Marcellus,
2241 935 2533 993 Ciceronis
2575 936 2641 993 in
2678 954 2779 992 au-

736 1038 942 1107 guratu
974 1029 1228 1106 collega3
1262 1043 1382 1088 tum
1422 1030 1601 1088 frater
1625 1030 1939 1108 patruelis,
1978 1030 2152 1108 hujus
2179 1030 2363 1102 filius,
2389 1030 2597 1089 eodem
2634 1051 2780 1109 prae-

736 1125 969 1183 nomine
985 1168 1002 1197 ,
1019 1126 1206 1184 Marci
1233 1127 1292 1185 in
1321 1128 1626 1186 consulatu
1651 1147 1964 1199 successor,
1986 1147 2160 1205 quem
2189 1126 2393 1186 eadem
2418 1127 2478 1184 in
2503 1131 2778 1186 Caesarem

738 1222 1039 1280 tentavisse
1062 1222 1302 1300 legimus
1331 1244 1346 1278 ε
1377 1222 1478 1281 sed
1510 1221 1594 1293 is,
1628 1236 1834 1281 exorto
1861 1222 2050 1294 bello,
2082 1222 2340 1282 timidius
2374 1226 2434 1280 in
2465 1224 2632 1281 Italia
2659 1242 2778 1281 ma-

742 1338 883 1378 nens
900 1359 916 1387 ,
939 1318 1191 1377 medium
1224 1337 1284 1376 se
1314 1318 1503 1396 gessit.
1533 1319 1634 1376 Cic
1667 1317 1739 1377 ad
1760 1319 1888 1377 Div.
1916 1323 2046 1389 XV,
2079 1339 2134 1391 7,
2163 1339 2321 1396 seqq.
2350 1317 2424 1376 ad
2455 1323 2574 1377 Att.
2602 1323 2690 1389 X,
2711 1319 2777 1376 13

740 1427 800 1472 et
828 1416 925 1487 ¹53
946 1416 1104 1474 Suet.
1134 1424 1322 1491 c.'a9;
1345 1416 1600 1493 Appian.
1621 1436 1675 1473 c.
1701 1418 1803 1487 26,
1827 1435 1948 1493 seq.
1971 1415 2133 1473 Alius
2153 1419 2220 1474 C.
2244 1415 2556 1474 Marcellus
2583 1428 2778 1474 nostro

743 1511 852 1568 fuit
878 1513 1057 1570 stater
1083 1531 1385 1590 germanus
1402 1555 1419 1584 ,
1441 1532 1560 1590 quo
1589 1514 1823 1571 consule
1850 1532 1982 1570 ann.
2000 1511 2146 1571 Urb.
2177 1511 2291 1585 705
2318 1512 2533 1570 exarsit
2552 1511 2779 1583 bellum,

742 1608 802 1665 in
836 1627 954 1685 quo
987 1629 1100 1667 una
1132 1628 1262 1667 cum
1293 1611 1546 1668 Lentulo
1577 1611 1794 1688 collega
1829 1611 2115 1669 fortunam
2151 1610 2412 1687 Pompeii
2456 1608 2534 1667 ad
2572 1609 2778 1667 exitum

749 1723 931 1781 usque
968 1707 1099 1762 vitae
1136 1718 1451 1783 sequutus,
1480 1706 1676 1784 periit.
1700 1706 1851 1764 Birt.
1881 1711 1943 1767 B.
1971 1712 2041 1765 G.
2072 1710 2241 1774 vm,
2273 1706 2373 1778 503
2415 1706 2536 1764 Cic.
2567 1706 2638 1763 ad
2663 1711 2778 1763 Δη-

741 1803 863 1872 ΙΧ,
887 1802 957 1872 6;
982 1802 1224 1879 Appian.
1244 1806 1303 1860 11
1324 1845 1342 1874 ,
1364 1804 1468 1875 33,
1490 1804 1583 1875 37.
1604 1808 1693 1862 De
1717 1803 1953 1880 reliquis
1979 1803 2350 1881 propinquis,
2377 1821 2528 1880 quos
2547 1820 2780 1860 numero

745 1896 940 1974 plures
985 1898 1159 1956 fuisse
1190 1899 1292 1956 vix
1321 1898 1563 1958 dubium
1601 1912 1686 1958 est
1706 1943 1724 1971 ,
1768 1900 1936 1958 silent
1965 1900 2310 1977 scriptores,
2340 1919 2450 1957 nec
2487 1900 2779 1976 quisquam

746 1992 977 2050 illorum
1024 1995 1365 2053 nominatim
1413 2008 1764 2053 memoratur
1807 1995 1867 2052 in
1921 1996 2213 2073 epistolis,
2266 1994 2423 2052 unde
2485 2008 2669 2052 tamen
2713 2013 2781 2051 ex

746 2088 940 2149 verbis
972 2090 1316 2168 quibusdam
1348 2091 1599 2169 suspicio
1624 2096 1839 2163 oritur,
1874 2112 1974 2151 eos
2013 2097 2096 2151 M.
2128 2091 2390 2151 Marcelli
2422 2111 2630 2169 parum
2661 2103 2781 2149 stu-

748 2183 974 2258 diosos,
1001 2206 1109 2244 nec
1127 2186 1352 2265 de‘ejus
1372 2186 1564 2244 reditu
1590 2187 1866 2245 sollicitos
1895 2188 2086 2246 fuisse.
2118 2192 2318 2245 Frater
2343 2186 2625 2264 patruelis
2653 2205 2781 2244 vero

748 2293 807 2336 et
840 2281 1007 2339 multi
1046 2283 1215 2341 amici
1255 2303 1321 2341 ac
1366 2283 1708 2354 familiares,
1739 2282 1799 2340 in
1839 2283 2022 2361 iisque
2051 2283 2253 2342 Cicero
2285 2282 2596 2361 imprimis,
2636 2283 2780 2339 omni

673 2411 681 2416 ·
747 2376 924 2436 modo
952 2377 1325 2453 laborabant,
1351 2394 1419 2439 ut
1442 2381 1865 2441 contumaciam
1888 2381 2000 2439 viri
2026 2382 2382 2460 frangerent,
2410 2381 2606 2459 primo
2633 2400 2782 2459 spem

748 2474 1128 2552 impetrabilis
1153 2477 1333 2535 veniae
1351 2497 1386 2535 a
1405 2482 1623 2536 casare
1642 2477 2027 2547 ostendentes,
2039 2496 2194 2549 mox,
2215 2459 2523 2555 postquam
2544 2489 2782 2536 senatus-

748 2573 1012 2630 consulto
1051 2572 1357 2650 impetrata
1397 2587 1549 2645 erat,
1581 2574 1827 2633 amicum
1860 2573 1932 2631 ad
1962 2572 2367 2632 maturandum
2396 2573 2651 2632 reditum
2682 2594 2780 2632 ex-

749 2667 1061 2728 hortantes.

829 2770 1011 2837 Nam,
1057 2785 1236 2843 quum
1257 2769 1448 2825 Caesar
1484 2779 1733 2826 exeunte
1775 2768 1956 2839 mai0,
1994 2788 2125 2826 ann.
2160 2765 2308 2827 Urb.
2344 2766 2495 2840 708,
2535 2786 2609 2824 ex
2640 2765 2782 2824 bello

748 2861 1022 2919 Africano
1049 2862 1412 2933 revertisset,
1433 2864 1635 2940 paucis
1666 2864 1779 2921 illis
1806 2864 2095 2922 mensibus
2112 2907 2130 2937 ,
2162 2883 2308 2942 quos
2336 2876 2470 2921 ante
2489 2905 2507 2935 ,
2534 2883 2707 2941 quam
2729 2863 2783 2919 in

749 2958 1088 3037 Hispaniam
1132 2959 1633 3038 proficisceretur,
1666 2961 1723 3019 in
1773 2960 1920 3020 urbe
1959 2963 2266 3040 transegit,
2320 2961 2396 3019 ad
2440 2962 2784 3019 mentionem

749 3057 1048 3128 Marcelli,
1101 3077 1135 3116 a
1174 3058 1394 3116 Pisone
1430 3058 1488 3115 iu
1539 3070 1739 3116 senatu
1785 3059 2022 3130 factam,
2066 3059 2407 3136 suppliciter
2445 3056 2784 3136 deprecante

752 3156 1012 3230 patruele
1059 3169 1118 3214 et
1154 3155 1426 3213 universo
1456 3167 1686 3227 senatu,
1732 3167 1970 3232 repente
2002 3153 2299 3213 decretum
2338 3168 2425 3212 est
2462 3153 2538 3212 de
2576 3154 2700 3231 ejus
2731 3155 2781 3211 in

751 3252 1053 3325 pristinum
1097 3253 1287 3312 locum
1314 3253 1698 3312 restitutione.
1729 3257 1920 3311 Caesar
1952 3252 2104 3310 enim
2126 3294 2143 3323 ,
2183 3273 2302 3309 non
2334 3252 2640 3310 immemor
2667 3251 2780 3329 qui-

753 3345 885 3404 dem
938 3351 1151 3408 veteris
1200 3349 1547 3422 inimicitiae,
1592 3363 1650 3408 et
1696 3348 1997 3406 consulatu
2048 3349 2310 3406 Marcelli
2362 3349 2780 3427 comparatione

747 3448 867 3500 Ser.
892 3446 1130 3523 Sulpicii
1158 3446 1370 3504 acriter
1390 3458 1593 3503 notato
1611 3488 1628 3517 ,
1654 3458 1842 3503 tamen
1871 3443 2117 3523 publicis
2139 3444 2439 3503 desideriis
2472 3444 2782 3503 cedendum

748 3536 941 3611 duxit,
978 3541 1146 3597 simul
1192 3541 1475 3615 singulos,
1528 3541 1692 3616 quasi
1735 3540 1808 3599 de
1851 3563 1917 3600 re
1946 3540 2150 3611 dubia,
2185 3541 2497 3599 sententias
2531 3541 2785 3617 rogavit;

745 3634 865 3692 sive
888 3647 949 3690 ut
976 3635 1198 3691 senatui
1224 3635 1474 3711 antiquae
1496 3634 1777 3694 libertatis
1794 3638 2160 3696 simulacrum
2184 3636 2486 3714 praeberet,
2513 3657 2617 3695 seu
2637 3635 2783 3714 quod

745 3731 1083 3790 Marce-llum
1109 3730 1351 3808 putabat
1376 3730 1489 3789 hoc
1518 3729 1801 3791 beneficio
1819 3732 2100 3791 libentius
2124 3752 2361 3792 usurum
2379 3777 2395 3802 ,
2426 3734 2474 3791 si
2507 3754 2538 3791 a
2569 3732 2788 3811 republ.

740 3828 934 3906 potius
961 3846 1133 3904 quam
1163 3848 1194 3884 a
1220 3828 1503 3887 dictatore
1529 3828 1728 3888 datum
1754 3843 1927 3903 esset,
1948 3850 2044 3889 seu
2074 3849 2192 3907 quo
2212 3829 2455 3902 certius,
2485 3829 2628 3907 quid
2656 3849 2791 3887 non-

743 3926 882 3984 nulli
914 3925 1220 3996 sentirent,
1240 3926 1561 4004 intelligere
1593 3940 1802 4005 posset.
1836 3928 2021 4005 Igitur
2044 3928 2382 3986 sententiam
2404 3925 2680 3984 dixerunt
2705 3947 2788 3984 se-

743 4034 974 4081 natores
995 4066 1011 4094 ,
1039 4034 1101 4079 et
1123 4034 1312 4099 grates
1335 4042 1454 4080 una
1483 4023 1696 4081 Caesari
1733 4025 2166 4100 persolverunt;
2209 4024 2359 4081 inter
2376 4042 2524 4100 quos
2547 4023 2789 4080 maxime

721 4120 986 4178 *eminuit
1037 4119 1259 4178 Cicero,
1308 4117 1420 4178 Sed
1460 4117 1785 4194 jucundius·
1818 4119 1951 4189 erit,
1982 4138 2104 4177 rem
2158 4131 2335 4178 totam
2389 4119 2570 4196 ipsius
2605 4117 2790 4176 verbis
