2994 4778
689 427 1075 496 ORATIO
1126 429 1320 497 PRO
1369 432 1464 498 Μ.
1516 429 1908 498 cosmo.
2211 452 2344 523 217

238 549 680 635 convivium,
715 571 953 619 sermo
976 564 1085 621 est
1109 572 1309 647 paene
1336 547 1787 619 familiarium
1804 560 1864 591 ²¹
1893 547 2343 622 deserendus.

241 661 419 747 Quae
458 682 576 728 res
625 656 894 728 in·hoc
941 682 1202 755 genere
1238 657 1570 729 homines
1604 683 1643 727 a
1686 656 1930 728 labore
1968 657 2349 755 studioque

244 765 525 867 dicendi
561 764 877 836 deterret
908 792 924 834 :
970 791 1117 836 non
1154 791 1300 863 quo
1337 782 1463 837 aut
1496 768 1797 863 ingenia·
1821 764 2150 836 deficiant
2173 820 2191 851 ,
2227 782 2348 837 aut

243 873 568 946 doctrina
612 875 927 970 puerilis.
976 880 1082 947 An
1132 876 1285 964 hic,
1337 878 1395 946 si
1447 900 1598 947 sese
1641 876 1757 946 isti
1802 875 1959 944 vitae
2004 873 2347 960 dedisset,

240 983 695 1054 consularem
741 982 1101 1056 hominem
1129 996 1192 1027 ²²
1246 983 1631 1056 admodum
1681 983 2090 1054 adolescens
2125 985 2197 1052 in
2235 985 2351 1079 ju-

233 1089 506 1161 dicium
564 1093 998 1163 vocavisset?
1051 1092 1210 1181 hic,
1264 1093 1324 1163 si
1372 1092 1690 1164 laborem
1746 1091 2067 1189 fugeret,
2119 1094 2177 1162 si
2220 1092 2350 1163 ob-

233 1204 533 1270 strictus
564 1199 1051 1297 voluptatibus
1081 1216 1463 1290 teneretur,
1492 1204 1568 1272 in
1599 1202 1735 1273 hac
1766 1200 1995 1273 acie²³
2029 1202 2349 1305 quotidie

236 1310 696 1379 versaretur?
747 1324 1115 1407 appeteret
1170 1312 1614 1382 inimicitias?
1657 1312 1732 1380 in
1762 1308 2107 1404 judicium
2149 1334 2353 1380 voca·

234 1419 405 1487 ret?
470 1415 749 1488 subiret
811 1419 1206 1516 periculum
1265 1423 1513 1521 capitis
1532 1421 1641 1489 ²⁴?
1700 1421 1859 1516 ipso
1916 1419 2356 1516 inspectante

239 1525 528 1622 populo
550 1522 619 1567 ²⁵
656 1550 996 1616 romano,
1052 1543 1161 1600 tot
1207 1553 1488 1601 menses
1519 1544 1667 1601 'aut
1721 1527 1810 1599 de
1860 1529 2085 1601 salute
2101 1526 2192 1617 ²⁶,
2234 1543 2358 1599 aut

238 1631 337 1703 de
378 1633 609 1730 gloria
651 1633 1066 1710 dimicaret?

241 1929 414 1965 votum
443 1916 587 1975 fecit,
622 1917 665 1964 si
691 1917 756 1965 ad
798 1918 1122 1983 eloquentiam
1159 1938 1265 1987 per-

240 1996 495 2045 venisset?
523 2006 622 2044 ete.
651 2016 673 2037 ι

310 2091 340 2122 a
353 2091 400 2122 1.
443 2074 781 2123 Fam'lae'an‘uns
819 2075 1130 2126 deserendus.
1169 2079 1265 2126 No·

245 2163 345 2201 tnui
389 2164 465 2200 est
510 2152 634 2216 quid
670 2153 952 2202 Plutarchus
987 2156 1048 2204 de
1089 2158 1266 2211 Demo-

247 2231 413 2278 sthene
437 2230 719 2295 prodiderit
744 2245 758 2279 :
783 2253 809 2273 ι
828 2235 1009 2280 Locum
1033 2234 1125 2281 sibi
1152 2234 1266 2281 sub·

249 2319 518 2358 terram
548 2310 664 2358 fecit
688 2309 752 2358 ad
776 2311 1141 2359 exercitationes
1174 2312 1267 2359 ob·

255 2389 436 2437 eumd-s
452 2425 468 2446 ,
541 2392 595 2436 in
650 2406 763 2438 eum
828 2391 1030 2454 siugulis
1096 2389 1266 2455 diebus

253 2467 524 2530 ingrediens
559 2467 778 2532 fingebat
820 2485 954 2517 suam
992 2469 1262 2528 actionem,

252 2556 305 2594 et
343 2562 508 2594 vocem
542 2547 814 2605 formabat,
839 2549 1116 2612 frequenter
1141 2547 1266 2595 duos

253 2635 413 2673 tresve
431 2642 615 2674 menses
660 2628 761 2674 sine
796 2627 1148 2674 intermissione
1170 2627 1267 2673 Βοο

246 2714 396 2768 pacto
443 2704 739 2767 transigebat
759 2737 775 2762 ,
828 2705 1026 2753 alteram
1091 2703 1267 2767 capitis

244 2795 431 2847 psi-tm
454 2783 637 2831 radens
654 2798 713 2831 eo
741 2783 977 2842 consilio,
1005 2794 1059 2830 ut
1082 2781 1268 2830 etiamsi

242 2862 410 2925 egredi
430 2861 604 2919 vellet,
634 2877 745 2908 eum
766 2860 1084 2909 nihilominus
1110 2859 1270 2923 pudor

244 2941 492 2989 indm
516 2939 786 2987 contineret
801 2961 848 2988 ¹·-

313 3035 408 3067 22.
441 3017 746 3065 Comlanm
771 3016 1033 3065 hominem.
1077 3018 1134 3066 C.
1161 3020 1267 3065 An·

239 3099 447 3147 sossium
488 3096 731 3144 OEcerouis
771 3095 1005 3160 collegam
1049 3096 1102 3146 in
1145 3110 1267 3143 con·

234 3177 428 3224 solato.

312 3255 409 3303 23.
436 3255 503 3300 1ae
525 3250 619 3299 leae
638 3251 762 3302 acie.
799 3252 984 3318 Soepius
1009 3268 1164 3300 causae
1190 3252 1269 3299 so-

239 3348 414 3381 reuse·
458 3347 624 3395 pugn·
675 3342 725 3380 et
764 3332 891 3379 acies
935 3331 1264 3379 nominantur.

238 3412 515 3460 Eumenius
531 3419 655 3458 orat.
673 3425 765 3474 pro
792 3410 1116 3458 restaurandis
1133 3410 1270 3458 scho-

239 3489 336 3540 list
378 3492 563 3537 «Inter
586 3489 714 3537 hanc
737 3491 888 3538 aciem
914 3489 1009 3536 sori
1035 3497 1267 3537 etnmtra

241 3570 328 3617 illa
355 3579 546 3625 secreta
568 3567 845 3616 studiorum
864 3567 1092 3615 exercitia
1111 3567 1269 3614 diver·

241 3649 363 3697 sitas
380 3664 396 3696 :
429 3646 501 3695 ibi
523 3656 770 3694 armantur
791 3646 1012 3709 ingenia,
1033 3645 1114 3694 hic
1142 3657 1266 3710 prae-

244 3726 464 3782 thatun-3
523 3724 594 3772 ibi
655 3724 887 3789 proelusio
906 3759 921 3783 ,
978 3724 1061 3772 hic
1106 3739 1264 3788 pugna

243 3804 610 3864 conmittitur3
663 3802 747 3850 hic
800 3802 1079 3866 plerumque
1137 3802 1268 3851 velut

238 3884 455 3933 uadibus
498 3891 548 3930 et
595 3881 758 3938 saxis,
802 3880 903 3928 illic
940 3897 1126 3945 semper
1160 3880 1269 3928 telis

235 3959 624 4027 splendentibus
640 3958 949 4006 dimicatur».
967 3959 1116 4007 ovid.
1143 3961 1266 4006 Fast-

233 4044 315 4090 111
341 4059 357 4089 ς
399 4060 422 4081 ι
443 4041 506 4087 Et
533 4037 638 4085 fora
665 4047 818 4085 marte
842 4053 930 4085 suo
949 4037 1159 4102 litigiosa
1188 4053 1268 4083 va·

234 4129 364 4168 cent
383 4139 429 4165 ι.
453 4115 708 4173 Valerius,
741 4114 829 4164 lib.
852 4116 995 4174 vm,
1044 4131 1150 4180 cap.
1193 4117 1263 4163 5:

1345 1944 1372 1964 α
1391 1921 1524 1985 Quid
1542 1922 1618 1970 M.
1640 1921 1813 1970 Cicero
1839 1921 2020 1968 sorensi
2041 1919 2207 1967 militia
2228 1937 2355 1968 sum·

1344 2016 1452 2048 mos
1480 2000 1696 2049 bonores
1728 1999 2167 2064 amplissimumque
2203 1999 2357 2062 digni-

1346 2080 1455 2127 tatis
1478 2079 1645 2127 locum
1663 2079 1895 2142 adeptus,
1931 2094 2094 2127 nonne
2129 2078 2181 2124 in
2206 2078 2358 2142 ipsius

1345 2158 1635 2222 eloquentia
1685 2174 1783 2205 suae
1838 2156 2003 2205 castris
2048 2156 2182 2205 testis
2227 2156 2359 2217 obje-

1345 2246 1453 2284 ctus
1472 2245 1545 2283 est
1558 2238 1580 2283 Ρ
1602 2257 1624 2278 ι

1418 2322 1502 2369 24.
1525 2313 1711 2361 Subit-et
1720 2312 1989 2376 periculum
2005 2311 2186 2377 capitis.
2209 2312 2355 2361 Caius

1344 2395 1409 2440 D.
1443 2394 1504 2441 de
1537 2393 1727 2454 injuriis
1764 2403 1812 2440 et
1839 2393 2007 2439 fames.
2034 2392 2125 2439 lib.
2159 2395 2213 2449 1,
2249 2393 2310 2439 33
2337 2402 2352 2436 ε

1346 2494 1372 2516 0
1394 2474 1492 2535 Qui
1529 2473 1812 2536 injuriarum
1851 2472 2088 2520 actionem
2115 2487 2204 2534 per
2230 2471 2361 2518 calu·

1347 2552 1525 2598 niniam
1565 2550 1797 2608 instituit,
1832 2561 1965 2597 extra
2004 2550 2224 2597 ordinem
2276 2548 2360 2595 da-

1346 2640 1563 2689 mnetur,
1598 2629 1649 2677 id
1685 2640 1786 2687 est,
1826 2628 2046 2676 exsilium
2071 2638 2156 2675 aut
2190 2626 2363 2690 relega·

1347 2708 1554 2767 tionem,
1598 2720 1681 2756 aut
1720 2707 1905 2756 ordinis
1951 2706 2243 2753 amotionem
2279 2721 2363 2770 pa-

1347 2787 1495 2834 tiatur
1512 2809 1553 2834 a.
1573 2786 1835 2847 Martialis,
1858 2786 1945 2833 lib.
1963 2785 2025 2833 de
2044 2784 2360 2848 Spectaculis,

1348 2865 1502 2929 epigr.
1530 2874 1599 2921 4.
1640 2867 1745 2914 «Bt
1781 2864 1967 2912 delator
2005 2862 2182 2920 habet,
2223 2862 2359 2927 quod

1349 2942 1493 2990 dabat
1519 2944 1777 2991 exsilium
1784 2943 2032 2992 ,Tiberius
2055 2941 2188 3005 apud
2210 2941 2359 2989 Dion.

1347 3021 1435 3068 lib.
1479 3023 1682 3069 LVIII.
1720 3021 2046 3085 «Praecipuos
2081 3036 2248 3067 eorum
2277 3020 2362 3083 qui

1350 3114 1435 3162 per
1462 3099 1750 3148 calumniam
1784 3099 2112 3146 accusationes
2144 3096 2359 3145 intende·

1347 3186 1484 3232 rent,
1524 3192 1625 3224 uno
1661 3176 1740 3224 die
1772 3178 1915 3236 jussit
1946 3174 2155 3223 interfici
2173 3197 2215 3225 υ.
2244 3177 2363 3223 Jure

1348 3254 1589 3301 canonico
1616 3269 1760 3319 poena
1787 3251 1981 3301 talionis
2012 3253 2362 3301 calumniatori-

1348 3333 1440 3381 bus
1468 3331 1718 3396 infligitur.
1738 3332 2027 3380 Timendum
2061 3332 2210 3395 igitur
2233 3344 2332 3381 crat
2349 3370 2365 3396 ‚

1347 3429 1410 3460 ne
1435 3412 1477 3459 si
1503 3428 1612 3459 reus
1636 3412 1994 3468 absolveretur,
2024 3423 2278 3473 accusator
2296 3411 2361 3460 ad

1348 3491 1546 3539 tali0nis
1576 3506 1767 3555 poenam
1794 3489 2113 3538 damnaretur.

1419 3571 1502 3619 25.
1536 3570 1838 3633 Inspectum«
1864 3569 2069 3634 populo.
2104 3569 2227 3616 Nam
2272 3585 2362 3632 pu-

1345 3646 1471 3695 blica
1491 3647 1677 3708 judicia
1713 3648 1768 3695 iu
1793 3648 1905 3695 foro
1942 3645 2125 3696 flebant
2141 3680 2157 3705 ,
2204 3657 2254 3695 et
2277 3662 2362 3711 po-

1346 3725 1491 3789 pulus
1531 3725 1757 3788 frequens
1790 3725 1983 3783 aderat,
2011 3726 2273 3790 prasertim
2309 3726 2361 3770 in

1348 3804 1537 3867 maguis
1561 3805 1733 3851 causis.

1421 3883 1509 3930 26.
1541 3883 1584 3927 T
1578 3893 1631 3928 ot
1648 3897 1833 3929 menses
1860 3892 1949 3928 atet
1970 3882 2032 3928 de
2060 3880 2218 3929 salute
2236 3913 2252 3937 ,
2273 3890 2366 3927 atae

1349 3961 1414 4007 de
1443 3957 1610 4023 gloria
1643 3957 1935 4007 ditnicaret?
1978 3961 2143 4022 Quum
2186 3959 2238 4005 in
2286 3974 2363 4005 ac-

1354 4036 1603 4086 cusatione
1620 4046 1897 4099 superatus,
1924 4037 2192 4102 periculum
2214 4045 2335 4084 essct
2352 4069 2367 4091 ,

1355 4132 1415 4163 ne
1438 4116 1540 4179 ipse
1567 4115 1886 4166 damnaretur.
