2994 4778
692 351 1071 419 ORATIO
1119 351 1321 418 PRO
1372 353 1449 418 P.
1497 349 1905 419 SEXTIO.

2265 314 2404 442 7¹⁴

248 500 339 547 ex
371 471 782 570 reipublicae
821 469 1266 569 dissensione
1303 483 1665 564 susceptas
1702 491 1849 538 esse
1881 466 2199 555 dixisset,
2238 495 2356 540 eas

251 609 327 655 se
372 581 699 679 patribus
746 580 1206 675 conscriptis,
1260 578 1479 663 dixit,
1525 592 1597 649 et
1639 576 2077 674 temporibus
2111 581 2352 677 reipu-

248 691 436 762 blioeae
474 690 1021 787 permissurum.

329 802 661 871 XXXIV.
680 802 862 868 Tum
884 798 1213 895 princeps
1231 808 1250 840 ¹
1273 811 1565 894 rogatus
1584 795 2010 867 seutentiam
2025 801 2101 867 L.
2121 802 2353 886 Cotta,

236 1000 659 1048 inimicitiascum
692 998 928 1047 Cicerone
959 998 1262 1058 exercuisset,

237 1079 316 1144 qui
341 1082 494 1127 etiam
523 1078 752 1126 tribunus
792 1076 861 1140 pl.
896 1076 1144 1123 consulatu
1175 1076 1261 1124 ab·

232 1170 425 1207 euntem
465 1157 728 1206 concionis
762 1155 992 1203 habenda
1024 1166 1261 1220 potestate

236 1239 482 1301 privaret:
522 1246 714 1293 tamen,
753 1234 956 1282 Lentulo
991 1233 1221 1281 referente
1243 1265 1259 1293 ‚

237 1315 577 1363 moderatione
603 1313 810 1377 qusdsm
834 1328 950 1359 usus
964 1345 978 1369 ‚
996 1328 1096 1358 sese
1113 1312 1263 1359 conti·

192 1390 199 1395 ⁴
234 1396 335 1441 nuit
350 1429 365 1451 ,
390 1393 671 1441 inimicitiis
693 1390 973 1454 reipublicae
993 1389 1213 1438 remissis.

297 1475 552 1520 xxxlv.
592 1487 638 1520 r.
674 1472 794 1516 Tum
813 1469 1041 1533 princeps
1067 1480 1261 1533 rogatus

236 1551 524 1598 sententiam
581 1551 639 1595 L.
687 1549 841 1596 Cotta.
893 1550 1013 1610 Qnae
1048 1547 1108 1594 sb
1157 1548 1261 1594 aliis

238 1630 359 1677 dieta
387 1639 535 1687 sunt,
562 1628 767 1675 referam
794 1626 1014 1681 fideliter,
1040 1635 1086 1673 et
1117 1625 1262 1673 refel-

235 1708 354 1766 lam,
402 1720 457 1756 ut
507 1718 676 1773 pateat
695 1741 711 1764 ,
761 1709 954 1769 quinam
994 1716 1261 1754 servaretur

239 1787 353 1835 ordo
382 1803 411 1834 a
450 1785 841 1850 magistratibus,
868 1800 1015 1847 quum
1043 1794 1259 1831 senatum

236 1878 474 1930 rogarent.
500 1868 606 1915 Cm·
625 1865 755 1913 enim
766 1866 993 1928 princeps
1009 1865 1060 1911 1..
1076 1866 1218 1917 Cotta
1234 1866 1257 1911 Ρ

235 1966 259 1986 ι
273 1946 386 1993 Non
408 1945 553 2008 quod
575 1955 701 1992 essct
725 1961 753 1989 e
778 1942 1110 1991 consularibus
1132 1944 1255 1991 anti-

237 2025 523 2088 quissimus,
577 2023 740 2085 inquit
806 2023 1079 2078 Manutius,
1143 2038 1254 2070 nam

239 2104 440 2150 triennio
458 2114 575 2149 ante
597 2102 735 2148 illum
758 2102 812 2148 Ρ.
832 2099 1063 2147 Servilius
1085 2102 1254 2151 consul

238 2181 416 2229 fuerat:
437 2180 528 2229 sed
550 2178 914 2242 antiquissimus
941 2193 1106 2226 eornm
1123 2212 1139 2236 ,
1168 2180 1253 2241 qui

241 2267 337 2305 tum
371 2270 508 2307 erant
558 2259 609 2305 iu
646 2268 851 2315 senatn3
888 2256 1094 2304 abfuisse
1132 2268 1252 2322 puto

244 2338 479 2385 Servilium
496 2360 541 2383 -.
565 2336 823 2384 Abramins
839 2346 1022 2393 nutem,
1044 2355 1065 2377 ι
1084 2334 1252 2394 Cotta,

245 2417 393 2478 inquit
409 2451 424 2475 ‚
465 2419 551 2481 qui
603 2417 834 2480 proximo
879 2414 1032 2461 lustro
1082 2431 1252 2462 censor

244 2495 421 2555 fuerat,
444 2509 491 2544 et
515 2507 634 2543 tnnc
665 2504 764 2541 erat
789 2495 1013 2556 princeps
1036 2505 1250 2552 senatus,

244 2584 432 2635 rogatus
448 2585 518 2622 est
537 2574 701 2637 primo
720 2572 832 2619 loco
852 2591 894 2619 n.
922 2571 988 2618 Ex
1009 2572 1082 2618 his
1104 2572 1251 2619 multa

240 2663 367 2710 sunt,
384 2669 490 2716 qnae
508 2653 598 2698 viri
616 2651 796 2699 cruditi
815 2649 1081 2712 repudient.
1108 2646 1159 2696 ι’
1179 2651 1250 2696 De

237 2730 291 2776 1..
315 2730 513 2777 Aurelio
553 2731 695 2777 Com
727 2727 970 2775 notandus
1001 2738 1073 2774 est
1101 2729 1251 2775 Asco-

235 2808 342 2855 nius
364 2808 420 2855 sd
452 2809 627 2871 fragm.
656 2823 751 2870 pro
773 2805 966 2854 Cornel.
994 2826 1017 2846 ι·
1044 2810 1251 2853 Fuerunt

234 2897 329 2933 tres
355 2888 541 2942 Cottae,
565 2886 668 2933 duo
689 2885 769 2942 hi,
797 2885 941 2932 Caius
964 2894 1011 2931 et
1033 2885 1249 2944 Marcus,

234 2967 401 3012 tertius
430 2965 641 3021 Lucius,
680 2964 765 3026 qui
801 2963 906 3026 lege
948 2979 1031 3010 sua
1065 2963 1249 3023 judicia

225 3044 358 3090 ‘inter
385 3053 484 3090 tres
516 3042 707 3089 ordines
737 3042 1138 3098 communicavit,
1170 3059 1248 3090 se-

233 3132 431 3169 natores
450 3155 466 3177 ‚
506 3121 686 3182 equites
702 3157 718 3180 ,
767 3121 986 3167 tribunos
1027 3123 1247 3181 aerarios,

230 3201 496 3265 adeptique
533 3210 642 3247 sunt
677 3216 843 3247 omnes
885 3198 1188 3246 consulatum
1200 3221 1246 3248 a.

231 3281 453 3342 Quorum
499 3279 648 3327 Caius
685 3278 1003 3342 quadriennio
1045 3289 1157 3341 post
1193 3279 1246 3326 P.

231 3359 483 3405 Servilium
499 3358 671 3404 consul
700 3357 790 3404 snit
813 3373 921 3403 cum
947 3358 999 3405 1..
1024 3356 1246 3416 Octavio,

230 3452 356 3484 anno
373 3437 599 3500 sequenti
617 3438 808 3484 Marcus
826 3451 934 3482 eum
953 3440 1007 3483 1..
1028 3437 1245 3496 Lucullo,

232 3516 594 3577 quatuordecim
638 3527 751 3578 post
796 3514 1050 3562 Servilium
1091 3533 1243 3564 annos

232 3595 404 3643 Lucius
427 3611 538 3642 cum
557 3597 828 3657 Torquato.
857 3596 1083 3643 Praeterea
1103 3597 1247 3644 Cuius

238 3674 424 3734 quidem
449 3674 613 3720 ststim
652 3674 749 3719 fero
778 3684 890 3736 post
917 3672 1242 3734 consulatum,

241 3764 377 3812 quum
406 3770 455 3800 se
481 3752 546 3799 ad
584 3751 883 3814 triumphum
912 3763 1208 3814 compararet
1226 3788 1241 3813 ,

242 3844 303 3874 cx
324 3831 505 3879 vnlnere
531 3842 759 3878 mortuus
780 3840 878 3887 est,
900 3838 955 3876 ut
970 3829 1173 3878 habetur
1192 3831 1243 3877 in

237 3905 401 3954 Pison.
418 3911 495 3959 26.
516 3911 591 3957 Dc
610 3910 783 3956 Marco
796 3921 954 3955 autem
971 3918 1079 3972 post
1100 3926 1246 3972 expe-

232 3983 459 4035 ditionem
484 3988 717 4037 adrersus
738 3985 1068 4034 Mithridatem
1084 4003 1242 4035 snsce-

228 4075 359 4127 ptam
407 4067 535 4115 nulla
580 4067 769 4114 mentio
820 4064 949 4128 apud
994 4068 1239 4131 antiquos.

1341 998 1533 1045 Tertius
1571 996 1655 1043 hic
1691 1007 1764 1044 est
1807 995 2017 1056 Lucius,
2060 997 2146 1059 qui
2180 1010 2356 1061 pretor

1344 1078 1576 1142 Pompeio
1611 1088 1659 1125 et
1690 1078 1861 1127 enno
1890 1092 2012 1126 coss.
2044 1077 2198 1140 legem
2224 1077 2356 1137 jndi-

1343 1158 1537 1206 cisrism
1564 1155 1764 1215 tulerat,
1788 1167 1837 1204 et
1855 1156 1897 1203 is
1920 1157 2145 1221 princeps
2164 1167 2359 1219 rogatus
2400 1144 2406 1155 ⁸

1343 1235 1625 1285 sententiam
1663 1233 1858 1284 dicitur.
1926 1234 1982 1283 2⁰
2024 1238 2079 1283 P.
2128 1234 2357 1283 Servilius

1342 1315 1578 1362 Isauricus
1604 1329 1703 1361 non
1732 1323 1831 1361 erat
1855 1313 2212 1377 antiquissimus
2238 1329 2357 1360 con·

1342 1393 1601 1452 sularinm,
1628 1393 1711 1456 qui
1736 1394 1950 1440 viverent
1971 1406 1984 1440 ε
2015 1403 2201 1456 quanto
2226 1393 2354 1440 enim

1343 1471 1587 1535 antiquior
1611 1473 1685 1519 M.
1717 1473 1984 1535 Perperna?
2016 1487 2158 1535 quem
2179 1471 2357 1519 vixisse

1343 1567 1402 1599 eo
1432 1564 1674 1616 tempore,
1701 1560 1747 1597 et
1773 1550 1926 1598 multo
1956 1561 2089 1613 post,
2114 1550 2355 1597 Asconius

1341 1630 1403 1677 sd
1444 1630 1610 1693 fragm.
1639 1644 1729 1693 pro
1769 1631 1977 1685 Scauro,
2003 1639 2051 1676 et
2079 1628 2186 1677 Vsl.
2217 1629 2351 1677 Max.

1342 1711 1490 1767 vm,
1523 1710 1579 1756 13
1603 1742 1618 1766 ,
1655 1719 1905 1756 tentantur.
1947 1702 2001 1755 3⁰
2034 1709 2352 1771 Perscriptum

1341 1790 1471 1838 nulls
1500 1800 1601 1836 erat
1628 1788 1678 1834 in
1704 1787 1837 1850 lege,
1877 1785 1950 1833 vel
1982 1786 2033 1832 in
2059 1801 2189 1833 more
2224 1786 2354 1850 posi-

1341 1879 1464 1926 tum,
1506 1868 1821 1929 institutoque
1855 1866 2116 1925 majorum,
2148 1875 2200 1910 ut
2232 1864 2353 1911 snti-

1338 1948 1532 2011 quiores
1558 1962 1584 1993 e
1606 1943 1938 1992 consularibus
1963 1942 2105 2006 primi
2127 1956 2356 2006 rogaren-

1338 2037 1418 2075 tur
1440 2025 1725 2074 sententism
1746 2041 1758 2071 ε
1783 2033 1893 2087 post
1925 2021 2048 2070 ned.
2079 2022 2128 2068 in
2150 2037 2251 2070 sen.
2287 2035 2349 2083 7:

1338 2128 1362 2147 ιι
1379 2124 1521 2170 quem
1549 2106 1646 2154 kal.
1667 2105 1900 2166 januariis
1929 2103 2068 2150 tertio
2095 2103 2206 2149 loco
2239 2117 2351 2148 sen-

1337 2178 1532 2232 tentiam
1548 2199 1737 2247 rogaras
1757 2198 1803 2231 s:
1826 2198 1972 2244 quum
1988 2180 2181 2244 plurimi
2195 2189 2356 2228 essent

1334 2263 1387 2310 in
1433 2277 1627 2319 senatu,
1669 2266 1724 2309 L.
1775 2262 1947 2308 Pisone
1993 2260 2221 2317 consule,
2263 2259 2352 2322 qui

1336 2342 1635 2389 consulatum
1652 2351 1762 2387 ante
1780 2339 2059 2388 Ciceronem
2083 2349 2325 2403 gesserant
2338 2372 2353 2395 ‚

1334 2422 1493 2486 ipsum
1520 2433 1677 2469 tsmen
1714 2420 1858 2467 tertio
1894 2419 2032 2475 loco,
2067 2428 2178 2481 post
2205 2420 2350 2465 Pom-

1334 2501 1499 2564 peium
1538 2499 1720 2545 scilicet
1760 2507 1807 2544 et
1846 2499 2070 2545 Crassum
2101 2511 2115 2543 :
2142 2506 2191 2542 et
2216 2505 2352 2558 patet

1335 2593 1395 2625 ex
1416 2577 1592 2639 Philip.
1610 2580 1656 2626 X
1673 2608 1687 2632 ‚
1722 2591 1765 2631 ι,
1793 2574 1854 2621 ab
1882 2575 1939 2622 C.
1961 2578 2110 2623 Pansa
2141 2574 2350 2635 primum

1334 2668 1556 2718 rogatum
1584 2655 1727 2702 fuisse
1749 2653 1987 2700 Kalenum
2003 2684 2017 2708 ‚
2043 2650 2217 2697 deinde
2244 2652 2352 2696 Ser-

1333 2736 1508 2782 vilium
1537 2733 1801 2780 Isauricum
1834 2729 2017 2787 fllium,
2045 2744 2193 2792 quum
2223 2739 2356 2777 ntro-

1333 2830 1429 2878 que
1486 2812 1659 2860 Cicero
1712 2820 1834 2857 esset
1892 2808 2047 2856 multo
2105 2808 2350 2870 sntiqqur

1336 2891 1614 2940 consularis.
1648 2890 1988 2952 Magistrum,
2021 2889 2103 2951 qui
2135 2897 2348 2933 senatum

1333 2981 1590 3018 vocaverat
1611 3004 1626 3028 ,
1671 2981 1772 3031 qno
1811 2982 2050 3031 quemque
2092 2967 2203 3014 loco
2247 2966 2351 3029 ipse

1333 3049 1475 3096 vellet
1491 3083 1505 3106 ,
1534 3046 1807 3095 consulares
1831 3033 2181 3107 interrogsbst,
2208 3044 2348 3091 dnm-

1331 3126 1481 3175 modo
1509 3126 1634 3172 nulli
1655 3135 1813 3172 essent
1835 3123 2071 3185 designati
2098 3122 2317 3169 consules
2335 3155 2350 3178 ‚

1333 3205 1417 3268 qui
1448 3218 1637 3266 semper
1666 3211 1776 3249 ante
1812 3216 1979 3248 ornnes
2014 3199 2251 3246 dicebant.
2288 3200 2349 3246 Et

1332 3281 1455 3329 illud
1479 3297 1592 3328 sune
1614 3278 1876 3343 antiquitus
1897 3278 2122 3326 usitatum
2148 3277 2262 3333 suit,
2285 3294 2346 3325 ex

1334 3362 1490 3419 Livio,
1515 3363 1611 3416 111,
1638 3368 1702 3415 4ο
1724 3373 1738 3406 :
1762 3380 1783 3403 ι
1803 3361 1870 3405 Ita
1887 3357 2076 3406 labante
2088 3359 2186 3418 J'am
2206 3374 2345 3405 cansa

1335 3439 1744 3494 decemvirorum,
1788 3440 1840 3484 1..
1889 3435 2140 3487 Cornelius
2182 3436 2343 3484 Mulu-

1330 3519 1540 3584 ginensis
1553 3552 1569 3578 ,
1587 3520 1658 3566 M.
1675 3516 1889 3566 Cornelii
1907 3515 2162 3582 decemviri
2182 3517 2347 3574 frater,

1329 3614 1479 3661 quum
1504 3612 1564 3643 ex
1587 3594 1920 3644 consularibus
1942 3593 2004 3640 ad
2029 3594 2249 3641 ultimum
2271 3593 2346 3641 di·
2419 3595 2426 3602 ¹

1329 3676 1469 3724 cendi
1496 3676 1657 3723 locum
1681 3673 1909 3722 consulto
1933 3684 2148 3723 servatus
2165 3685 2288 3723 esset
2302 3698 2345 3724 n.

1329 3755 1461 3818 Quid
1499 3753 1590 3801 hac
1627 3753 1687 3801 de
1724 3769 1773 3801 re
1805 3751 2108 3800 sentiendum
2145 3755 2344 3803 omnino

1332 3835 1419 3890 sit,
1445 3832 1817 3880 luculentissime
1846 3830 1988 3877 docet
2014 3834 2267 3888 Suetonius
2293 3835 2345 3881 in

1330 3911 1451 3959 Caes.
1477 3927 1505 3957 2
1518 3925 1538 3958 1
1559 3925 1612 3959 :u
1631 3912 1702 3957 Ac
1725 3918 1836 3973 post
1853 3925 2028 3957 novam
2046 3909 2345 3961 adfinitatem

1330 3989 1609 4053 Pompeium
1637 3988 1844 4052 primum
1873 4003 2042 4050 rogare
2065 3993 2346 4037 sententiam
2375 4023 2383 4045 .

1329 4067 1477 4133 coepit
1503 4068 1593 4132 (C.
1614 4067 1772 4116 Caesnr
1798 4068 1968 4130 consul
1991 4069 2029 4133 ),
2048 4084 2197 4131 quum
2217 4069 2356 4115 Cras-
