2994 4778
678 473 803 518 tao
1298 446 1393 511 M.
1445 447 1523 512 T.
1578 444 2141 513 CICERONIS

667 567 985 654 licentia,
1022 579 1221 637 tanta
1251 565 1489 663 legum
1533 564 1979 661 contemptio
2032 586 2250 660 quem
2314 563 2654 637 habitura
2702 568 2783 639 sit

666 681 981 764 exitum-‚⁷
1020 702 1168 748 non
1208 674 1645 773 pertimescit
1672 672 1770 741 ¹²?

754 786 894 860 Sed
929 785 1147 859 habet
1169 783 1622 857 defensiones
1645 780 1899 855 duas¹³
1921 810 1938 853 ε
1963 784 2273 881 primum
2294 838 2314 871 ‚
2339 788 2455 855 Do
2470 838 2490 870 ‚
2518 788 2784 882 inquit,

656 897 1061 985 bestiarios;
1122 897 1237 968 lex
1286 908 1395 965 est
1445 896 1714 990 scripta
1762 890 1853 964 de
1897 891 2424 989 gladiatoribus
2472 894 2779 967 Festive!

658 1009 978 1104 Accipite
997 1002 1268 1102 aliquid
1287 1004 1495 1074 etiam
1518 1004 1819 1074 acutiuS.
1836 1003 2025 1073 Dicit
2047 1026 2122 1075 se
2148 1027 2298 1073 non
2328 1002 2784 1100 gladiatores,

659 1117 783 1189 sed
824 1139 1052 1187 unum
1096 1111 1639 1210 gladiatorem¹⁴
1672 1110 1884 1200 dare,
1920 1125 1994 1183 et
2027 1125 2251 1184 totam
2289 1112 2780 1187 aedilitatem¹⁵

657 1230 734 1299 in
762 1249 1028 1298 munus
1059 1223 1199 1294 hoc
1215 1220 1682 1325 transtulisse.
1705 1219 2044 1293 Praeclara
2060 1221 2372 1295 aedilitas.
2391 1227 2603 1296 Unus
2628 1225 2784 1313 leo;

662 1341 955 1416 ducenti
989 1338 1327 1411 bestiarii.
1345 1343 1620 1409 Verum
1647 1352 1895 1408 utatur
1919 1337 2055 1409 hac
2082 1336 2538 1411 defensione:
2571 1343 2785 1438 cupio

664 1450 830 1524 e'um
865 1472 1010 1521 suae
1047 1472 1276 1520 causae
1310 1445 1698 1519 confidere.
1740 1446 1937 1517 Solet
1964 1448 2157 1518 enim
2191 1447 2526 1522 tribunos
2557 1450 2787 1549 plebis

653 1558 1053 1658 appellare,
1083 1572 1155 1629 et
1191 1561 1255 1628 vi
1292 1555 1645 1653 judicium
1690 1554 2205 1644 disturbare¹⁶‚
2232 1583 2461 1654 quum
2498 1559 2781 1633 diffidit.

666 1674 904 1762 Quem
970 1692 1123 1739 non
1176 1682 1323 1738 tam
1373 1666 1735 1755 admiror,
1774 1666 1975 1764 quod
2007 1692 2238 1739 meam
2270 1668 2499 1767 legem
2539 1688 2787 1746 conte·

660 1792 894 1865 mnat‚
922 1778 1240 1849 hominis
1265 1777 1812 1875 inimici‚quam
1855 1776 2057 1875 quod
2093 1801 2169 1850 se
2208 1781 2456 1851 statuit
2490 1786 2787 1855 omnino

656 1887 1110 1961 consularem
1137 1886 1368 1983 legem
1404 1887 1677 1958 nullam
1715 1900 1990 1984 putare.
2030 1887 2324 1960 Aciliam
2349 1901 2436 1977 ¹⁷,
2473 1891 2787 1973 Didiam,

731 2136 809 2169 ta.
835 2121 990 2183 Quem
1014 2118 1239 2168 habitura
1259 2117 1321 2166 sit
1338 2117 1522 2165 exitum
1538 2153 1554 2180 ,
1575 2132 1673 2164 non

650 2196 951 2264 pertimescit
963 2202 991 2245 θ
1052 2196 1184 2255 Alii,
1230 2218 1255 2238 α
1276 2211 1437 2243 noune
1460 2231 1476 2257 ,
1530 2211 1674 2258 quem

654 2276 876 2325 habitura
926 2276 988 2323 sit
1033 2275 1216 2323 exitum
1233 2308 1248 2333 ,
1296 2274 1597 2338 pertimescit
1626 2295 1670 2323 ι.

657 2359 708 2406 J.
723 2358 788 2404 V.
809 2357 865 2406 1..

733 2436 811 2485 13.
833 2434 992 2482 Habet
1008 2430 1310 2497 defensiones
1330 2432 1473 2482 duas.
1494 2435 1676 2481 Totum

654 2515 751 2564 boc
773 2530 834 2563 eo
852 2513 1085 2579 pertinet,
1113 2525 1167 2561 ut
1185 2513 1412 2562 ostendat
1425 2513 1674 2560 Vatinium

651 2593 841 2659 populo
861 2592 1004 2640 verba
1028 2592 1172 2652 dare,
1203 2593 1290 2656 qui
1309 2592 1559 2639 bestiarios
1580 2592 1677 2655 gla-

652 2673 893 2722 diatorum
909 2673 1105 2720 nomine
1120 2674 1184 2719 sit
1196 2670 1483 2720 inducturus
1499 2684 1514 2718 :
1533 2671 1679 2717 refert

650 2763 813 2800 autem
846 2751 910 2799 ad
943 2751 1131 2799 Vatinii
1167 2750 1492 2797 defensionem
1515 2782 1532 2807 ,
1565 2749 1678 2812 quia

650 2829 785 2894 quod
808 2845 898 2893 per
916 2829 1183 2876 irrisionem
1206 2827 1436 2889 objicitur
1456 2827 1679 2875 adversa·

649 2907 726 2956 rio
743 2943 759 2968 ‚
776 2906 1131 2968 jucunditatem
1148 2908 1279 2972 parit
1293 2942 1310 2967 ,
1332 2921 1492 2970 neque
1519 2916 1680 2954 tamen

656 2985 755 3034 vim
776 2985 976 3033 amittit.

729 3073 809 3122 14.
852 3065 1012 3112 Unum
1034 3062 1389 3130 gladiatorem.
1429 3063 1692 3130 Significat

649 3161 711 3195 ex
731 3145 808 3205 iis,
818 3160 942 3209 quos
961 3143 1184 3192 VatinIus
1207 3143 1495 3208 gladiatores
1515 3146 1670 3193 nomi·

651 3224 820 3278 nabat,
846 3239 995 3271 uuum
1012 3239 1063 3272 re
1082 3239 1192 3270 vera
1212 3218 1673 3286 gladiatorem’esse,

652 3303 866 3365 reliquos
919 3316 1089 3350 omnes
1143 3302 1396 3350 bestiarios
1420 3317 1434 3351 :
1490 3302 1676 3368 duplex

648 3379 799 3442 igitur
821 3389 894 3426 est
914 3378 1128 3428 defensio
1147 3411 1164 3438 ,
1183 3394 1211 3426 a
1229 3383 1402 3442 genere
1419 3381 1674 3428 homiuum

650 3466 699 3503 et
730 3472 758 3503 a
794 3471 1029 3518 numero,
1070 3471 1174 3504 non
1202 3458 1330 3504 enim
1357 3456 1645 3520 gladiatores
1658 3494 1684 3521 ,-

650 3535 735 3583 sed
758 3534 1039 3594 bestiarios3
1064 3550 1165 3582 nou
1189 3536 1384 3599 plures,
1412 3537 1501 3585 sed
1523 3554 1674 3586 unum

650 3612 800 3661 modo
838 3612 1150 3677 gladiatorem
1178 3611 1292 3661 dare
1324 3630 1375 3661 se
1410 3614 1566 3678 dicit,
1596 3616 1676 3666 lex

648 3703 838 3751 autem,
867 3708 1015 3756 quum
1058 3691 1348 3755 gladiatores
1381 3693 1485 3742 dari
1512 3706 1673 3758 vetat,

649 3769 711 3819 de
756 3769 1104 3834 gladiatoribus
1122 3804 1138 3830 ,
1181 3787 1286 3820 nou
1335 3771 1396 3821 de
1438 3772 1676 3824 bestiariis

647 3849 903 3913 iutelligit3
928 3867 1019 3898 nec
1036 3867 1187 3900 unum
1216 3851 1533 3915 gladiatorem
1550 3855 1570 3912 ,⁷
1589 3854 1673 3903 sed

646 3927 810 3993 plures
835 3928 938 3976 dari
963 3940 1110 3979 vetat.

1764 2137 1789 2158 ι
1803 2115 2098 2165 AEdilitatem
2115 2117 2314 2181 petivit:
2333 2119 2514 2168 tribum
2533 2137 2671 2170 suam
2691 2138 2791 2172 nou

1763 2195 1911 2245 tulit:
1938 2195 2201 2245 Palatinam
2231 2196 2448 2262 perdidit
2476 2213 2492 2248 τ
2526 2217 2619 2248 uec
2644 2203 2788 2265 quid·

1763 2290 1907 2338 quam
1941 2273 2036 2321 illis
2077 2276 2320 2334 comitiis,
2362 2277 2501 2340 quod
2537 2278 2662 2327 boni
2702 2282 2791 2328 viri

1763 2353 1944 2403 vellent
1961 2388 1978 2414 ‚
2007 2354 2101 2403 nisi
2128 2355 2392 2420 repulsam,
2419 2357 2532 2407 tulit
2551 2360 2681 2408 ·.Et
2708 2360 2791 2425 qni

1764 2433 1933 2510 leg-erit
1963 2433 2074 2496 illa,
2108 2451 2218 2497 quae
2253 2446 2368 2483 sunt
2401 2435 2452 2485 iu
2488 2438 2715 2486 oratioue
2740 2442 2789 2487 in

1764 2511 1922 2575 ipsum
1945 2524 1958 2559 t
1985 2534 2011 2553 ι
2029 2511 2091 2559 de
2117 2513 2293 2575 quibus
2320 2511 2447 2561 duos
2474 2526 2792 2579 praetextatos

1763 2589 1982 2638 sedentes
2000 2590 2134 2638 vides
2148 2626 2163 2651 ,
2175 2601 2222 2638 te
2237 2590 2485 2640 edilitiam
2500 2606 2789 2658 pretextam

1765 2680 1926 2733 togam
1939 2703 1954 2729 ,
1977 2685 2121 2732 quam
2140 2671 2433 2730 confeceras,
2451 2673 2731 2724 vendidisse
2747 2697 2790 2723 ιι.

1766 2748 1925 2813 Fingit
1964 2749 2112 2812 igitur
2148 2749 2394 2797 Vatinium
2436 2750 2681 2800 dicentem
2699 2786 2715 2811 ‚
2742 2770 2792 2801 se

1765 2843 1891 2890 quos
1929 2825 2101 2888 ludos,
2140 2827 2181 2874 si
2221 2827 2375 2876 aedilis
2416 2841 2606 2878 creatus
2637 2843 2790 2888 esset,

1765 2906 1957 2970 populo
1992 2904 2192 2954 daturus
2227 2919 2359 2967 erat,
2392 2908 2444 2955 id
2478 2924 2625 2957 omne
2658 2926 2793 2957 nunc

1768 2984 1880 3032 dare
1900 3000 1915 3033 ε
1932 2982 2073 3048 fingit
2089 2997 2252 3034 autem
2268 2999 2526 3052 propterea
2538 3022 2554 3048 ,
2573 2999 2629 3036 ut
2645 2990 2796 3052 sigui·

1766 3062 1880 3112 ficet
1899 3099 1913 3122 ,
1965 3081 2111 3128 quam
2164 3081 2263 3114 non
2310 3067 2596 3132 magnifica,
2643 3085 2789 3132 quam

1763 3143 1921 3191 tenuis
1938 3177 1953 3202 ,
1990 3159 2047 3190 ac
2075 3143 2271 3193 sordida
2299 3147 2460 3195 futura
2487 3147 2631 3195 fuerit
2659 3148 2792 3195 illius

1762 3222 1995 3281 aedilitas,
2031 3223 2118 3286 qui
2155 3233 2343 3273 tantum
2379 3242 2534 3274 unum
2564 3225 2757 3275 leonem
2774 3264 2789 3289 ,

1764 3301 2000 3350 ducentos
2016 3301 2272 3351 bestiarios
2295 3303 2410 3352 dare
2426 3305 2691 3369 cogitabat.

1841 3382 1916 3428 ιδ.
1952 3380 2194 3429 Iudice'um
2229 3381 2522 3431 disturbare.
2562 3385 2792 3433 Vatinius

1763 3459 1867 3522 lege
1884 3458 2066 3506 Licinia
2088 3471 2136 3508 et
2152 3460 2287 3508 Julia
2307 3478 2415 3510 reus
2433 3461 2615 3521 factm,
2638 3479 2792 3527 quum

1763 3537 1987 3586 tribunos
2005 3539 2316 3604 appellasset,
2344 3550 2394 3588 et
2418 3540 2619 3605 quidam
2641 3544 2796 3590 inter-

1763 3619 2013 3666 cessissent
2029 3653 2045 3678 ,
2088 3630 2270 3683 prator
2321 3630 2480 3668 autem
2529 3622 2794 3669 Memmius

1762 3696 1897 3759 quod
1918 3714 1974 3746 ea
1997 3698 2258 3763 appellatio
2287 3711 2457 3748 contra
2484 3716 2671 3748 morem
2695 3718 2796 3750 ma·

1757 3775 1921 3835 iorum
1979 3787 2130 3836 esset,
2175 3777 2417 3839 judicium
2468 3777 2794 3829 nihilominus

1763 3866 2034 3913 exerceret,
2060 3857 2110 3903 iu
2142 3858 2247 3918 ejus
2273 3845 2791 3912 tribuualadseeudit·

1761 3933 1985 3982 subsellia
2014 3934 2294 3999 dissipavit,
2327 3953 2474 3985 urnas
2502 3936 2713 4003 dejedt,
2744 3950 2794 3988 et

718 4007 798 4055 15.
846 4010 1011 4054 Tbeam
1035 4006 1339 4059 aedilisaoem.
1374 4011 1672 4061 AEdilitatem
1755 4013 1997 4072 judicium
2013 4016 2065 4062 vi
2082 4015 2291 4064 sustulit.

641 4101 806 4149 gerere
826 4086 1077 4156 Vatinium
1103 4102 1205 4134 non
1234 4088 1553 4147 existimabit,
1586 4093 1670 4153 qui

642 4166 915 4216 meminerit
930 4166 1010 4214 illa
1026 4199 1042 4227 ,
1073 4182 1181 4230 quae
1203 4182 1346 4232 supra
1371 4168 1499 4217 dicta
1524 4180 1634 4217 sunt
1654 4184 1666 4218 :

1836 4108 1914 4153 ¹7·
1955 4095 2108 4157 Lege,
2134 4094 2292 4142 doctis
2325 4094 2440 4141 viris
2478 4097 2790 4154 auctoribus,

1763 4170 2022 4220 Coeciliam.
2053 4176 2100 4222 J.
2126 4176 2189 4220 V.
2215 4174 2269 4220 1..
