2994 4778
630 370 775 454 624
1270 371 1365 437 M.
1415 372 1493 436 T.
1547 372 2125 440 elcssnoms

634 507 705 562 te
740 504 906 586 post
932 513 1214 559 coenam
1240 498 1299 532 ¹¹
1332 488 1515 560 velle
1541 488 1872 576 dixisseS,
1901 493 1977 560 in
2008 490 2344 562 balneum
2377 508 2453 564 te
2489 492 2751 567 ducere

629 614 1031 698 coeperunt.
1084 597 1196 669 Ibi
1250 601 1443 670 enim
1501 614 1705 670 erant
1751 599 2048 671 insidiae.
2091 605 2186 671 At
2221 615 2288 671 te
2324 602 2578 674 eadem
2624 620 2750 675 tua

623 710 918 781 fortuna
969 710 1274 781 servavit
1323 737 1341 778 ε
1393 712 1470 778 in
1517 707 1934 780 cubiculum
1972 724 2044 781 te
2096 713 2200 781 ire
2235 711 2442 783 malle
2485 712 2746 786 dixisti.

625 824 739 891 Dii
783 836 853 891 te
896 819 1338 918 perduint¹²,
1377 817 1709 915 fugitive!
1756 821 1855 890 ita
1883 845 2036 891 non
2070 819 2291 892 modo
2318 847 2636 919 nequam
2677 842 2749 896 et

622 920 1031 1030 improbuS,
1076 930 1200 1001 sed
1243 927 1485 1000 fatuus
1521 944 1596 1001 et
1650 953 1901 1021 amens
1945 955 2041 1000 es·
2092 930 2332 1019 Quid?
2383 932 2494 1002 iue
2540 937 2746 1032 signa

619 1036 897 1114 aenea¹3
935 1044 1011 1112 in
1045 1040 1322 1112 insidiis
1354 1055 1732 1139 posuerat,
1775 1065 1936 1138 quae
1974 1065 2014 1111 e
2051 1039 2314 1113 balneo
2346 1044 2420 1112 in
2448 1043 2748 1117 cubicu-

619 1153 769 1223 ium
799 1151 1165 1224 transferri
1201 1176 1347 1221 non
1380 1153 1715 1248 possent?
1747 1151 1983 1221 Habes
2024 1152 2406 1221 criminum
2451 1155 2745 1225 insidia-

616 1287 801 1332 rum.
847 1261 1041 1334 Nihil
1079 1262 1273 1332 enim
1312 1259 1487 1330 dixit
1517 1259 1844 1357 amplius.
1875 1265 2154 1330 Horum
2176 1313 2196 1347 ,
2231 1262 2504 1356 inquit,
2542 1286 2743 1333 eram

618 1373 968 1443 conscius.
1008 1370 1202 1459 Quid
1247 1385 1401 1440 tum
1425 1360 1537 1439 ¹⁵?
1576 1372 1675 1439 ita
1705 1368 2002 1440 demens
2036 1368 2154 1439 ille
2192 1383 2377 1458 erat,
2425 1385 2512 1440 ut
2540 1397 2737 1459 eum,

616 1505 835 1576 quem
880 1482 1250 1551 conscium
1286 1481 1469 1548 tanti
1512 1478 1796 1550 sceleris
1837 1477 2183 1566 habebat,
2224 1504 2264 1549 a
2306 1504 2384 1550 se
2433 1480 2740 1552 dimitte·

613 1590 768 1661 ret?
818 1594 1115 1660 Romam
1172 1589 1382 1660 etiam
1440 1590 1793 1674 mitteret,
1847 1586 1974 1672 ubi
2038 1604 2111 1659 et
2166 1590 2733 1663 inimicissimum

612 1700 821 1768 sciret
848 1721 999 1767 esse
1036 1711 1377 1793 nepotem
1412 1693 1727 1785 suumffi,
1762 1712 1835 1770 et
1871 1702 2339 1785 Gszarem,
2371 1702 2490 1771 cui
2527 1700 2729 1772 fecis·

609 1820 718 1876 set
743 1803 1072 1875 insidias?
1089 1810 1480 1902 praesertim
1513 1831 1741 1903 quum
1770 1808 1829 1877 is
1857 1832 2048 1878 unus
2072 1814 2483 1907 esset¹⁷,qui
2499 1828 2734 1908 posset

612 1914 703 1985 de
750 1912 1046 1985 absente
1096 1940 1173 1986 se
1224 1913 1673 1988 indicare¹⁸?
1732 1920 1817 1987 Et
1865 1915 2122 1988 fratres
2168 1943 2401 2005 meoS,
2456 1921 2726 2017 inquit,

608 2023 808 2121 quod
851 2040 1055 2095 erant
1097 2030 1397 2112 conscii,
1436 2030 1510 2098 in
1546 2028 1833 2099 vincula
1866 2028 2195 2123 conjecit.
2238 2032 2486 2119 Quum
2516 2032 2729 2126 igitur

605 2159 730 2205 eos
755 2136 1092 2223 vinciret,
1125 2162 1313 2234 quos
1338 2162 1580 2209 secum
1608 2137 1952 2224 habebat,
1983 2153 2056 2209 te
2080 2139 2398 2209 solutum
2428 2145 2727 2211 Romam

603 2244 933 2317 mittebat
957 2256 1045 2330 ¹9,
1083 2250 1210 2344 qui
1249 2248 1500 2320 eadem
1531 2251 1783 2335 scires,
1822 2274 1983 2345 quae
2018 2248 2177 2354 illos
2207 2250 2388 2321 scire
2418 2249 2642 2322 dicis?

1782 2436 1866 2495 14.
1890 2429 2051 2476 Habes
2066 2427 2442 2489 erimina-Iam,
2468 2430 2530 2478 C.
2551 2430 2722 2489 cesar,

1707 2506 1854 2555 habes
1873 2523 1974 2554 rem
1993 2523 2212 2565 omnem;
2231 2509 2418 2555 crimen
2437 2524 2584 2556 omne
2603 2510 2720 2556 imi-

1708 2584 1894 2633 diarum
1916 2588 2188 2649 cognoscis.
2211 2586 2347 2634 Nihil
2367 2589 2498 2635 enim
2523 2604 2718 2636 accun-

679 2442 760 2474 ιι.
793 2428 997 2473 Vomere
1018 2437 1064 2473 ee
1084 2438 1198 2490 pose
1234 2444 1441 2476 coenam.
1470 2428 1620 2490 Quod

600 2505 835 2553 Romanis
882 2506 1116 2552 usitatum
1166 2506 1277 2554 fuit.
1323 2506 1428 2554 Nee
1467 2508 1619 2571 magis

601 2583 776 2630 mirum
792 2618 808 2641 ,
838 2599 980 2646 quam
1023 2583 1066 2630 ei
1108 2583 1323 2633 dicamus
1362 2600 1454 2632 noe
1499 2585 1615 2633 dor·

599 2662 720 2710 mire
738 2698 753 2721 ,
789 2662 865 2709 vel
884 2661 1068 2709 ludere.
1093 2664 1353 2711 Suetonius
1378 2674 1538 2712 tamen
1563 2665 1615 2713 in

598 2740 802 2790 Caesaris
826 2742 948 2801 vita,
983 2757 1091 2804 cap.
1125 2742 1225 2790 55:
1255 2744 1616 2806 «Viniparciv

592 2812 772 2865 'simum
817 2834 879 2865 ne
924 2818 1106 2865 inimici
1125 2804 1136 2813 ⁸
1158 2818 1356 2882 quidem
1403 2837 1614 2885 negave-

598 2907 733 2946 runt.
752 2895 967 2944 Verbum
1003 2899 1074 2945 M.
1102 2899 1301 2955 Catonis
1322 2910 1390 2946 eet
1414 2913 1430 2947 :
1463 2916 1616 2948 unum

595 2991 659 3022 ex
681 2975 906 3022 omnibus
946 2975 1182 3023 Caeearem
1209 2976 1271 3024 ad
1306 2979 1615 3027 evertendam

597 3052 942 3118 rempublicam
967 3089 981 3111 ,
1022 3054 1240 3102 sobrium
1292 3058 1564 3107 necessisse.
1587 3081 1612 3103 2

597 3133 673 3179 De
694 3133 879 3196 Caesare
913 3132 1086 3182 Cicero
1108 3148 1123 3181 z
1165 3156 1185 3175 ι
1205 3136 1393 3183 Unctus
1413 3148 1513 3196 est,
1536 3155 1615 3186 ac·

596 3209 782 3269 cubuit,
809 3201 1023 3277 ἐμιτιὲιήν
1041 3224 1231 3275 egerat3
1254 3215 1418 3279 itaque
1442 3228 1491 3264 et
1512 3217 1615 3267 edit

593 3297 641 3333 et
688 3288 814 3337 bibit
855 3282 1009 3347 ἀδεῶς
1047 3302 1094 3339 et
1127 3292 1372 3353 jucunde3
1415 3296 1614 3361 opipare

593 3375 721 3412 certe
755 3377 805 3417 es
843 3380 1072 3433 appu-ate
1093 3392 1134 3417 ι.
1166 3370 1245 3420 Ad
1278 3374 1433 3423 Attic.
1459 3377 1615 3439 xm,

595 3460 674 3507 ep.
699 3454 854 3506 pontt.

671 3536 751 3570 ια.
770 3520 859 3567 Dii
885 3534 933 3571 ze
960 3524 1205 3587 perduint.
1236 3529 1462 3579 Perdant.
1488 3537 1611 3581 For-

594 3600 721 3647 mula
760 3600 1101 3648 exsecrationis
1135 3604 1268 3666 apud
1303 3608 1528 3657 Plautum
1564 3625 1614 3661 et

594 3679 822 3727 comicos.

670 3760 750 3806 13.
777 3757 934 3823 Signa
960 3773 1115 3809 oenea.
1137 3761 1318 3827 Lepide
1337 3781 1433 3829 pro
1458 3765 1610 3815 homi-

506 3824 509 3829 *
592 3836 737 3884 nibus
763 3838 955 3885 armatis
974 3872 987 3896 ,
1013 3840 1098 3901 qui
1131 3841 1276 3890 fuisse
1300 3844 1530 3895 dicuntur
1554 3849 1605 3895 in

591 3914 779 3962 insidiis
814 3916 1067 3977 collocati,
1103 3935 1191 3967 nec
1228 3925 1410 3972 moveri
1454 3929 1605 3992 magis

587 4009 733 4056 posse
761 3994 1080 4058 videbantur,
1116 4017 1259 4062 quam
1287 4004 1328 4050 si
1347 4005 1458 4053 aerei
1484 4006 1601 4053 suis·

590 4083 713 4122 sent.

1701 2674 1780 2711 tor
1817 2664 1942 2713 dixit
1975 2665 2182 2729 amplius
2202 2698 2219 2724 ,
2252 2681 2400 2728 quam
2439 2667 2578 2730 quod
2617 2667 2720 2715 dixi

1699 2757 1810 2806 ego.

1781 2832 1861 2879 15.
1897 2830 2030 2894 Quid
2048 2842 2150 2878 eum
2163 2838 2192 2880 ι’
2211 2836 2486 2882 Heumann.
2505 2846 2603 2882 eun
2630 2834 2713 2882 de-

1703 2907 1901 2957 lendum
1927 2920 2083 2973 putat.
2107 2913 2141 2960 J
2146 2948 2160 2961 .
2186 2914 2248 2958 V.
2273 2913 2330 2959 1..

1785 2992 1864 3039 16.
1886 2990 2122 3053 Nepotem
2145 3007 2300 3040 suum.
2327 2993 2605 3053 Castorem,
2634 3011 2715 3042 eu-

1695 3069 1779 3129 ius
1804 3085 1924 3117 avus
1945 3078 2064 3117 erat.

1776 3162 1858 3208 17.
1886 3149 2042 3210 Quum
2067 3147 2110 3196 1'5
2139 3165 2261 3197 unns
2283 3161 2418 3197 esset.
2438 3151 2620 3199 Tamne
2637 3151 2714 3199 de-

1699 3242 1836 3274 mens
1852 3238 1954 3275 erat
1971 3228 2245 3291 Deiotarus,
2266 3241 2322 3278 ut
2339 3231 2580 3279 medicum
2597 3233 2711 3281 tanti

1699 3306 1892 3354 eoeleris
1923 3308 2173 3356 conscium
2190 3340 2206 3366 ,
2244 3311 2452 3357 Romam
2476 3311 2705 3369 mitterem

1699 3400 1852 3448 quum
1870 3385 1912 3432 ie
1933 3402 2060 3433 unus
2082 3397 2228 3444 esset,
2248 3389 2334 3450 qui
2355 3401 2526 3452 posset
2542 3389 2705 3437 Cam-i

1702 3462 1763 3510 de
1806 3464 1901 3511 hoc
1945 3464 2145 3512 crimine
2181 3465 2397 3514 indicare
2412 3501 2428 3524 ,
2467 3466 2579 3515 dun
2605 3468 2706 3531 ipae

1699 3542 1872 3605 procul
1892 3538 2095 3591 'distaret
2110 3545 2132 3590 ?

1777 3622 1855 3668 18.
1882 3621 2133 3668 Iudicate.
2156 3621 2301 3685 Vulg.
2327 3621 2597 3672 aindzkare.
2619 3625 2706 3672 Re-

1700 3699 1824 3745 ctius
1845 3715 1960 3745 vero
1998 3700 2155 3747 θην.
2178 3711 2225 3747 et
2252 3700 2445 3748 Lnllem.
2467 3702 2701 3761 indicare,

1691 3777 1791 3836 jam
1813 3788 2040 3825 monente
2061 3777 2309 3826 VietNur.
2328 3780 2443 3829 lect.
2461 3782 2702 3840 XXVIII,

1699 3869 1782 3902 ω.
1803 3856 1854 3902 J.
1873 3856 1935 3903 V.
1954 3857 2008 3903 L.

1770 3951 1846 3996 ¹9·
1868 3935 2106 3982 Mittebat.
2125 3935 2286 3983 Itonia
2310 3935 2551 3985 imbellem
2567 3953 2701 3985 accu-

1691 4012 1864 4060 satoris
1888 4010 2217 4061 defensionem
2239 4012 2498 4079 redarguit.
