2994 4778
666 363 1056 433 ORATIO
1107 366 1220 433 IN
1270 365 1348 431 L.
1387 366 1465 432 C.
1516 365 2006 434 PISONEM.
2258 364 2386 439 381

266 502 415 575 que
447 475 739 555 silentio
781 500 914 547 suo
953 478 1427 547 temeritatem
1480 492 1701 574 atque
1739 475 2146 549 audaciam³
2187 494 2388 555 tuam

264 586 845 658 condemnarint.
888 590 1124 682 Atque
1169 585 1363 657 haud
1405 589 1555 657 scio
1580 639 1600 671 ,
1637 612 1729 656 an
1772 586 2013 657 malim
2048 603 2118 658 te
2154 590 2386 664 videri

263 698 471 768 nullo
493 695 776 793 pudore
810 694 1029 767 fuisse
1060 700 1135 766 in
1175 696 1390 767 literis
1421 696 1830 783 mittendis,
1866 698 2186 769 amicos‘i
2229 714 2392 775 tuos

261 808 432 905 plus
446 805 789 878 habuisse
823 819 896 875 et
918 805 1238 902 pudoris,
1257 820 1331 877 et
1354 806 1658 891 consilii,
1685 830 1900 901 quam
1928 819 2052 875 aut
2070 821 2139 877 te
2161 808 2385 882 videri

263 908 817 1014 pudentiorem⁵
860 913 1114 1002 fuisse,
1171 939 1390 1012 quam
1444 915 1669 1000 soles,
1713 931 1838 987 aut
1874 930 2082 987 tuum
2118 915 2387 990 factum

265 1051 416 1096 non
463 1049 620 1096 esse
662 1023 1223 1096 condemnatum
1276 1024 1554 1119 judicio
1602 1030 2024 1097 amicorum.
2075 1029 2291 1119 Quod
2338 1033 2398 1102 si

262 1161 416 1206 non
450 1138 594 1205 tuis
615 1132 900 1206 nefariis
937 1138 1012 1204 in
1043 1134 1241 1205 hunc
1278 1134 1610 1207 ordinem
1643 1136 2104 1209 contumeliis
2131 1139 2207 1209 in
2232 1165 2395 1238 per-

258 1262 570 1345 petuum
614 1243 748 1315 tibi
796 1247 1068 1316 curiam
1111 1245 1625 1343 praeclusisses3
1682 1245 1865 1342 quid
1911 1245 2199 1319 tandem
2243 1265 2395 1323 erat

256 1371 502 1426 actum
528 1408 548 1441 ‚
581 1368 706 1425 aut
730 1367 1010 1451 gestum
1044 1356 1119 1424 in
1155 1354 1271 1425 illa
1308 1356 1710 1452 provincia,
1748 1355 1839 1427 de
1876 1381 2026 1452 quo
2057 1356 2147 1429 ad
2186 1383 2394 1432 sena-

255 1479 416 1536 tum
458 1490 627 1535 cum
656 1465 1130 1561 gratulatione
1165 1464 1660 1562 aliquascribi
1704 1464 1832 1536 abs
1868 1480 1941 1538 te
1970 1472 2392 1564 oporteret?

254 1585 546 1651 vexatio·
568 1578 1047 1651 Macedoniae?
1073 1604 1163 1650 an
1197 1579 1637 1678 oppidorum
1667 1584 1896 1678 turpis
1932 1582 2262 1654 amissio?
2296 1609 2386 1657 an

252 1694 618 1762 sociorum
662 1688 1016 1787 direptio?
1050 1715 1141 1760 an
1174 1714 1511 1787 agrorum
1545 1689 2063 1788 depopulatio?
2101 1718 2195 1764 an
2224 1719 2389 1766 mu-

252 1802 435 1871 nitio
454 1796 972 1872 Thessalonicae
983 1796 1047 1870 ⁶?
1072 1825 1164 1871 an
1184 1799 1506 1873 obsessio
1526 1801 1853 1873 militaris
1876 1804 2003 1873 viae
2019 1803 2049 1873 Ξ)
2065 1829 2157 1875 an
2184 1830 2391 1876 exer-

253 1913 441 1982 citus
475 1914 702 1982 nostri
729 1911 1061 1981 interitus
1079 1964 1098 1997 ‚
1121 1908 1313 1982 ferro
1330 1964 1349 1994 ‚
1379 1909 1602 1997 fame,
1632 1908 1923 2006 frigore,
1943 1912 2390 2008 pestilentia?

251 2027 359 2092 Tu
396 2046 622 2108 vem,-
644 2023 771 2118 qui
811 2019 898 2092 ad
929 2035 1255 2092 senatum
1297 2020 1476 2105 nihil
1524 2022 1931 2118 scripseris,
1968 2035 2050 2092 ut
2086 2024 2163 2092 in
2203 2023 2385 2098 urbe

249 2136 566 2228 nequior
586 2134 925 2201 inventus
954 2155 1066 2215 eS‚
1105 2155 1326 2226 quam
1348 2128 1738 2217 Gabinius;
1767 2131 1867 2202 sic
1903 2134 1980 2201 in
2015 2137 2383 2228 provincia

252 2245 496 2343 paullo
522 2260 764 2315 tamen
784 2298 803 2329 ,
840 2267 1055 2340 quam
1089 2243 1244 2325 ille,
1272 2242 1669 2314 demissior.
1708 2248 1889 2316 Nam
1923 2242 2085 2314 ille⁷
2121 2270 2382 2346 gurges

247 2369 467 2452 atque
514 2353 794 2440 hellu0,
831 2367 1043 2425 natus
1085 2351 1458 2424 abdomini
1510 2377 1687 2440 su0,
1730 2377 1880 2424 non
1922 2353 2116 2425 laudi
2156 2372 2377 2455 atque

245 2467 524 2564 gloriae,
575 2490 818 2563 quum,
858 2471 1134 2562 equites
1177 2490 1516 2540 romanos
1570 2468 1644 2535 in
1686 2465 2055 2562 provincia
2083 2519 2102 2552 ‚
2149 2491 2376 2563 quum

244 2575 676 2674 publicanos
697 2628 715 2659 ,
758 2574 1140 2647 nobiscum
1182 2590 1255 2646 et
1295 2575 1668 2645 voluntate
1700 2589 1776 2645 et
1800 2568 2179 2671 dignitate⁸
2199 2600 2376 2647 con-

236 2686 579 2779 junctoS,
639 2709 892 2755 omnes
942 2683 1284 2772 fortuni5‚
1328 2684 1597 2756 multos
1645 2683 1836 2755 fama
1893 2685 2180 2781 vitaque
2224 2691 2377 2784 pri-

238 2810 514 2883 vasset,
558 2820 787 2893 quum
829 2797 1085 2892 egisset
1121 2795 1314 2868 aliud
1351 2794 1533 2867 nihil
1579 2799 1652 2866 in
1685 2794 1811 2866 illo
1840 2799 2201 2884 exercitu,
2239 2799 2375 2870 nisi

311 3001 366 3048 3.
419 2999 745 3048 Temerieaeem
787 3011 935 3065 aeque
983 2999 1265 3049 audaciam.
1355 3016 1502 3063 quere
1552 2998 1789 3062 oppidum
1809 3033 1823 3057 ,
1874 3010 1923 3046 et
1973 3015 2133 3047 arcem
2184 3002 2371 3051 munire

233 3080 410 3141 Quum
437 3095 576 3127 ausus
601 3083 668 3128 sis
688 3079 751 3128 ad
782 3091 1000 3127 senatum
1021 3079 1229 3127 scribere
1247 3112 1263 3138 ,
1355 3079 1503 3125 fuisse
1526 3087 1742 3125 coactos.

232 3170 500 3222 postquam
547 3159 895 3223 impedimento
951 3160 1121 3207 fuisses
1139 3194 1154 3219 ,
1202 3174 1264 3206 ne
1428 3174 1480 3217 7.
1506 3157 1639 3204 Nam
1662 3155 1744 3203 ille
1754 3171 1953 3221 gurges.
1982 3157 2222 3207 Gabinius
2248 3161 2373 3223 gule

235 3238 444 3287 decretis
472 3256 498 3286 a
526 3256 578 3286 se
602 3239 711 3286 latis
740 3238 1108 3303 obtemperaret.
1351 3247 1401 3284 et
1418 3236 1624 3283 luxuriae
1642 3234 1834 3283 deditus
1850 3272 1866 3297 ,
1885 3246 1940 3283 ut
1962 3236 2024 3283 ad
2052 3237 2204 3285 solam
2231 3240 2371 3289 volu-

305 3327 356 3373 4.
375 3317 459 3365 ΑΙ.
476 3335 571 3375 an,
595 3335 694 3366 am.
1348 3326 1531 3380 ptatem
1559 3325 1700 3362 natus
1726 3331 1829 3362 esse
1854 3314 2105 3376 videatur,
2137 3318 2223 3380 qui
2246 3329 2369 3367 tam-

301 3394 352 3446 5.
393 3397 759 3447 Pudenttbtem.
789 3401 849 3445 In
866 3396 1018 3445 literis
1035 3396 1138 3444 scil.
1157 3395 1263 3443 mit·
1349 3410 1492 3459 quam
1521 3410 1692 3459 gurges
1722 3405 1771 3442 et
1802 3409 1984 3458 vorago
2014 3394 2239 3470 guardam
2264 3415 2366 3448 non

232 3476 393 3524 tendis
407 3493 470 3523 ex
485 3488 690 3540 utraque
709 3487 844 3541 parte
864 3478 975 3524 Piso
989 3475 1050 3522 ab
1069 3486 1261 3524 oratore
1347 3474 1505 3522 solum
1528 3473 1867 3538 patrimonium
1889 3506 1904 3531 ,
1926 3472 2010 3520 sed
2039 3474 2179 3521 etism
2200 3478 2364 3542 reipu-

232 3555 551 3602 vebementer
567 3567 797 3619 urgetur3
832 3556 873 3601 si
899 3555 1062 3601 literas
1100 3555 1227 3601 misit
1243 3588 1258 3612 ‚
1346 3553 1487 3601 hlieae
1506 3553 1635 3601 bona
1651 3552 1926 3601 absorbuit.

229 3632 490 3697 impudens
509 3644 613 3696 est;
634 3635 674 3681 si
699 3644 867 3681 contra
887 3633 1011 3680 nihil
1030 3633 1224 3696 scripsit
1237 3666 1252 3689 ,
1418 3633 1467 3681 8.
1496 3633 1755 3680 Nobiscum
1779 3643 1828 3679 ee
1847 3634 2102 3680 ‘voluntate
2129 3645 2176 3679 et
2199 3635 2371 3700 digni-

226 3710 324 3758 hoc
362 3713 560 3760 silentio
598 3711 880 3769 confitetur,
911 3728 961 3759 se
988 3711 1049 3759 de
1085 3722 1254 3758 senatu
1342 3722 1443 3759 tate
1470 3712 1775 3775 conjunctos.
1806 3711 2097 3759 Publicanos
2134 3728 2245 3759 cum
2285 3731 2359 3761 se·

225 3791 351 3837 male
376 3793 527 3839 fuisse
553 3794 801 3850 meritum,
818 3807 968 3855 quum
985 3806 1087 3838 non
1106 3789 1249 3837 susti·
1342 3798 1459 3836 natu
1505 3789 1754 3836 voluntate
1791 3792 2082 3851 conjunctos
2124 3792 2360 3860 appellat,

225 3871 392 3918 nuerit
417 3871 483 3917 ad
507 3887 619 3918 eum
644 3870 809 3918 literas
830 3871 1037 3919 mittere.
1340 3867 1452 3930 quia
1473 3867 1579 3930 ipse
1600 3867 1791 3914 Tullius
1809 3868 1861 3915 in
1880 3868 2135 3915 consulatu
2155 3873 2358 3933 equites,

296 3950 349 3996 6.
378 3950 751 3999 Thessalonicae.
779 3952 836 3996 In
864 3961 988 3998 orat.
1022 3949 1082 3997 de
1108 3950 1248 3995 Prov.
1339 3958 1483 4008 atque
1508 3945 1630 3992 adeo
1659 3944 1945 4009 publicanos
1971 3963 2001 3996 a
2025 3959 2196 3996 senatu
2225 3951 2364 3999 dissi-

226 4028 473 4079 cousular.
501 4030 626 4078 dicit
658 4028 1130 4088 Thessalonicenses,
1159 4043 1255 4091 po·
1341 4025 1510 4072 dentes
1543 4024 1606 4071 nd
1643 4026 1953 4075 concordiam
1983 4041 2250 4091 pacemque
2283 4046 2358 4076 re-

223 4105 348 4153 sitos
371 4108 420 4154 in
454 4109 639 4173 gremio
661 4109 848 4172 imperii
884 4108 1069 4164 nostri,
1106 4107 1254 4155 relin-
1343 4114 1551 4151 vocarat.
