2994 4778
714 466 1101 534 ORATIO
1149 467 1261 535 IN
1314 468 1859 538 VATINIUM.
2213 471 2344 568 137

235 582 492 679 judicio
522 608 675 656 esse
706 586 1054 657 recitatas.
1091 589 1178 657 In
1214 610 1533 683 quorum
1564 587 1791 659 altero
1820 612 1898 661 es
1936 588 2303 665 confessus
2322 649 2342 679 ,

247 720 287 766 a
324 709 387 765 te
413 712 857 767 accusatores
896 720 1048 767 esse
1077 700 1467 768 instructos
1497 711 1572 768 et
1606 696 2080 788 subornatos3
2124 705 2198 772 in
2235 705 2340 774 al-

248 819 383 875 tero
420 806 977 876 inconstantiam
1023 821 1253 892 tuam,
1294 831 1521 903 quum
1567 806 1889 896 levitate,
1935 823 2087 879 tum
2130 815 2341 883 etiam

234 916 543 1010 perjurio
561 912 627 958 ¹3
652 916 1083 1012 implicatam
1100 970 1121 1004 ,
1141 914 1492 1004 refellisti,
1524 940 1753 1012 quum
1772 969 1791 1002 ,
1810 941 2031 1013 quem
2065 918 2343 991 alienis-

230 1026 478 1094 simum
514 1050 553 1095 a
587 1039 663 1096 te
692 1049 845 1096 esse
873 1024 1204 1112 dixisseS‚
1233 1050 1398 1096 eum
1436 1024 1630 1095 domi
1661 1040 1802 1096 tuae
1831 1022 2089 1115 fuisse3
2127 1053 2342 1125 quem

231 1133 921 1230 praevaricatorem¹⁴
947 1133 1038 1205 ab
1072 1136 1277 1205 initio
1306 1134 1727 1229 judicasses,
1767 1136 1978 1231 ei-te,
2002 1162 2189 1233 quos
2226 1165 2345 1210 ro·

229 1260 448 1340 gasset
469 1297 489 1327 ,
525 1244 620 1316 ad
649 1244 1130 1316 accusandum
1169 1245 1390 1318 libros
1425 1246 1683 1317 dixeris
1716 1246 1994 1319 dedisse
2017 1245 2100 1320 ¹⁵.

312 1358 399 1424 11.
437 1358 761 1426 Nimium
799 1380 873 1427 es
899 1355 1284 1427 vehemens
1311 1354 1662 1453 feroxque
1696 1371 1947 1428 natura
1978 1385 1995 1428 t
2034 1384 2188 1430 non
2218 1384 2349 1457 pu-

233 1478 325 1535 tas
364 1463 471 1536 fas
522 1489 678 1537 esse
701 1519 722 1553 ,
773 1464 1073 1536 verbum
1113 1490 1201 1536 ex
1237 1469 1601 1537 oreexire
1635 1466 2055 1563 cujusquam
2079 1523 2098 1556 ,
2142 1468 2345 1566 quod

231 1599 366 1646 non
392 1576 807 1671 jucundum
827 1591 898 1647 et
918 1573 1403 1647 honorificum
1437 1575 1529 1646 ad
1564 1600 1769 1647 aures
1807 1586 1992 1646 tuas¹
2031 1577 2343 1649 accedat.

233 1688 496 1757 Venisti
535 1690 763 1756 iratus
787 1696 817 1728 ²
856 1684 1194 1757 omnibus
1224 1713 1241 1756 z
1279 1684 1480 1783 quod
1530 1710 1663 1783 ego
1685 1739 1704 1773 ‚
1739 1686 1947 1756 simul
1992 1711 2075 1758 ac
2110 1700 2181 1758 te
2216 1687 2341 1759 ad·

234 1798 450 1893 spexi,
491 1798 698 1894 prius
725 1820 940 1892 quam
971 1796 1173 1892 loqui
1201 1797 1519 1892 coepisti,
1544 1819 1770 1892 quum
1801 1812 1965 1868 ante
1992 1797 2266 1868 Gellius
2290 1796 2345 1885 3,

234 1907 584 1976 nutricula
603 1905 1103 1976 seditiosorum
1124 1906 1446 1975 omnium
1466 1959 1486 1991 ,
1526 1907 2009 1977 testimonium
2039 1904 2305 1978 diceret
2326 1961 2344 1994 ,

236 2020 409 2088 sensi
436 2032 660 2115 atque
684 2016 990 2113 providi.
1011 2021 1330 2113 Repente
1350 2016 1541 2086 enim
1566 2030 1659 2103 te,
1674 2029 2040 2113 tamquam
2057 2039 2349 2113 serpens

237 2152 273 2195 e
299 2126 654 2214 latibulis,
681 2127 910 2198 oculis
935 2123 1452 2212 eminentibus,
1480 2124 1729 2196 inflato
1762 2125 2019 2214 collo⁴,
2054 2125 2348 2197 tumidis

240 2238 626 2310 cervicibus
654 2235 996 2307 intulisti:
1027 2249 1108 2305 ut
1137 2233 1309 2305 mihi
1347 2248 1732 2304 renovatus
1751 2234 1869 2305 ille
1893 2249 2061 2305 tuus
2080 2237 2150 2306 in
2171 2250 2240 2306 te
2255 2232 2348 2278 ⁵⁶*

243 2361 534 2419 veterem
565 2371 815 2419 meum
849 2346 1154 2417 amicum
1177 2399 1197 2431 ,
1235 2343 1360 2416 sed
1390 2358 1631 2414 tamen
1658 2358 1864 2416 tuum
1891 2342 2347 2432 familiarem,

247 2454 673 2530 defenderim
695 2511 715 2545 ,
749 2481 975 2553 quum
1010 2459 1085 2525 in
1126 2455 1262 2525 hac
1288 2454 1570 2525 civitate
1606 2458 2051 2553 oppugnatio
2088 2443 2349 2539 soleat,

245 2589 382 2661 qua
427 2582 500 2638 tu
550 2590 755 2636 nunc
802 2569 1063 2650 uteriS,
1112 2586 1664 2665 nonnumquam
1694 2617 1715 2651 ,
1762 2559 2083 2636 defensio
2136 2589 2350 2635 num·

239 2700 438 2772 quam
474 2678 888 2773 vituperari.
941 2672 1082 2745 Sed
1123 2697 1367 2769 quaero
1412 2697 1454 2743 a
1491 2687 1604 2761 te,
1643 2697 1775 2744 cur
1806 2676 1883 2744 C.
1930 2672 2345 2744 Cornelium

239 2811 375 2857 non
396 2786 884 2859 defenderem.
910 2788 1103 2855 Num
1123 2783 1351 2878 legem
1375 2782 1688 2879 aliquam
1704 2783 2082 2856 Cornelius
2100 2798 2353 2878 contra

235 2901 545 2997 auspicia
593 2890 936 2967 tulerit⁶P
985 2918 1163 2964 num
1217 2891 1500 2980 AEliam,
1554 2918 1733 2964 num
1787 2892 2063 2965 Fufiam
2123 2894 2348 2994 legem

305 3073 388 3123 13.
423 3072 659 3138 Perjcm'o.
694 3072 851 3121 sumt
882 3071 1010 3120 enim
1031 3069 1252 3118 testimo·

234 3154 366 3202 n‘um
395 3153 636 3202 dicebant.
672 3149 982 3216 significatur
998 3149 1134 3214 qnod
1150 3150 1249 3209 iam

235 3249 374 3297 nupta
400 3231 588 3279 dietum
614 3241 709 3290 eet,
729 3246 840 3278 enm
858 3229 909 3277 in
929 3229 1155 3277 hesterno
1179 3238 1249 3275 te-

236 3313 468 3361 stimonio
493 3327 597 3359 ense
620 3311 893 3358 mentitum.
910 3334 974 3346 -
1000 3305 1247 3367 Refellisci.

237 3393 299 3440 'l'e
322 3394 431 3456 ipse
455 3389 641 3437 fundi»
665 3389 896 3452 arguisti·

303 3478 382 3527 ιι.
408 3469 864 3518 Proevan’catorem.
891 3469 943 3514 1⁸
966 3478 1037 3514 est
1072 3468 1158 3530 qui
1182 3466 1250 3514 ai·

238 3551 328 3598 nul
352 3562 529 3598 eontra
555 3564 694 3596 reum
712 3559 762 3596 et
786 3562 881 3612 pro
903 3562 986 3594 reo
1009 3546 1128 3610 agit.

310 3631 387 3678 15.
405 3628 628 3677 Dedisse.
652 3629 718 3676 Ut
745 3644 807 3674 ex
831 3627 908 3675 hia
933 3624 1253 3674 concionibus

244 3707 360 3755 illins
381 3707 648 3756 accusandi
675 3707 918 3753 materiam
938 3714 1162 3753 sumeret.

305 3788 367 3835 11.
390 3803 436 3836 ι.
463 3787 598 3844 Atii,
631 3783 844 3834 aecidat.
865 3786 994 3833 J.v.
1020 3786 1076 3832 L.

308 3880 354 3913 a.
383 3866 573 3914 Venisti
595 3864 763 3912 iratus.
780 3863 1134 3910 Testimonium
1152 3865 1254 3912 sci-

241 3943 344 3991 lieet
363 3956 533 3992 eontra
556 3944 781 3991 Sextium
804 3941 1042 3990 dicturus.

303 4025 352 4070 3.
387 4024 593 4071 Gellius.
635 4025 713 4070 De
741 4036 802 4068 eo
834 4022 884 4067 iu
911 4020 1132 4068 oratione
1157 4037 1250 4086 pro

239 4103 395 4150 Sextio
422 4104 524 4168 jam
549 4114 698 4150 antea
723 4099 866 4148 verba
895 4099 1023 4147 fecit.

311 4188 356 4235 4.
388 4182 563 4248 hylam
589 4179 735 4228 00110.
767 4178 952 4240 Sepia·
972 4175 1022 4224 in
1049 4188 1252 4226 strumas

1333 3068 1520 3118 Vatinii
1532 3069 1728 3130 jocatur
1743 3071 1794 3117 in
1812 3070 1903 3119 hnc
1921 3071 2141 3119 oratione
2159 3071 2353 3121 Cicero.

1336 3149 1487 3208 euju-
1514 3149 1707 3196 sacetiu
1733 3149 1965 3212 quasdam
1989 3150 2197 3211 Quintil.
2226 3150 2353 3199 Plut.

1334 3236 1385 3274 et
1414 3226 1638 3275 macrob.
1664 3242 1937 3287 servavere3
1969 3243 2078 3290 quae
2102 3227 2228 3275 inter
2252 3244 2355 3277 non

1335 3306 1499 3353 omnia
1522 3305 1619 3353 eale
1636 3306 1805 3354 Attico
1827 3305 2024 3354 condita
2053 3307 2290 3359 videntur.

1411 3386 1458 3433 5.
1478 3385 1572 3434 111e
1603 3396 1712 3432 tuus
1738 3383 1789 3432 in
1817 3394 1878 3433 te.
1915 3385 2182 3435 Mendosun
2215 3390 2355 3438 locu·

1337 3475 1436 3520 enta
1470 3465 1623 3513 multa
1648 3465 1775 3513 enim
1804 3475 2020 3529 tempore
2039 3459 2345 3518 exciderunt.

1335 3546 1598 3594 Lambinu-
1618 3546 1686 3592 nic
1702 3544 1864 3592 locum
1883 3545 2131 3594 restituere
2148 3561 2354 3597 conatus

1337 3636 1444 3674 est:
1467 3636 1559 3673 «ut
1581 3624 1699 3673 mihi
1727 3636 1987 3673 renovatus
2020 3625 2100 3673 ille
2127 3637 2238 3675 tuus
2268 3628 2355 3674 tri-

1338 3703 1550 3752 bun-tua
1584 3704 1858 3762 videt-etun
1892 3719 1950 3751 ae
1984 3705 2104 3753 mihi
2142 3706 2355 3769 primum

1339 3783 1591 3846 objecisti,
1618 3783 1756 3847 qnod
1790 3783 2071 3832 Cornelium
2095 3816 2110 3842 ,
2148 3797 2355 3834 veterem

1339 3864 1548 3910 amicum
1573 3877 1731 3908 meum
1747 3894 1761 3918 ,
1788 3860 1874 3908 aed
1897 3872 2056 3909 tamen
2074 3882 2114 3909 ι.
2134 3864 2228 3912 Sed
2255 3865 2360 3912 διο

1342 3941 1505 3990 omnia
1534 3938 1733 3986 omnino
1753 3949 1865 3986 sunt
1891 3938 2358 3992 ineerta.Tu1-nebns

1338 4020 1420 4068 hic
1464 4018 1518 4066 in
1581 4017 1672 4066 Ms
1734 4028 1981 4066 vacantem
2028 4020 2154 4068 vidit
2203 4032 2354 4068 totam

1343 4098 1584 4166 paginam.

1410 4180 1459 4228 6.
1518 4177 1693 4226 Contra
1746 4174 1965 4239 auspicia
2019 4176 2192 4224 tulerit.
2242 4177 2362 4228 Hoee
