2994 4778
732 441 871 510 310
1385 444 1481 512 M.
1539 445 1612 511 T.
1652 444 2196 514 CICERONIS

733 562 1047 633 fortunae
1079 561 1306 659 gradu
1343 587 1492 634 non
1535 563 1754 636 modo
1790 565 2164 651 amicitias,
2192 579 2268 635 et
2303 563 2453 635 rei⁵
2487 562 2830 639 familiaris

730 674 973 769 copias
997 686 1447 768 consequuta
1474 687 1602 760 est,
1618 672 1745 745 sed
1780 698 2134 746 summam
2159 672 2444 745 laudem
2464 729 2487 761 ‚
2516 674 2830 762 honoret,

733 781 1034 878 gloriam
1057 837 1078 870 ‚
1111 782 1531 879 dignitatem
1553 809 1573 869 3
1606 809 1756 855 non
1782 784 2134 881 intelligo,
2159 809 2291 855 cur
2319 785 2571 881 potius
2595 785 2832 883 invidia

732 892 1092 963 violatura
1132 894 1471 964 virtutem
1514 898 1591 964 Ι..
1628 894 1975 980 Cornelii,
2003 918 2222 990 quam
2273 897 2582 990 asquitas
2629 909 2831 966 vestra

734 1003 1087 1101 pudorem
1106 1004 1258 1098 ejus
1286 1003 1622 1097 adjutura
1645 1004 1991 1076 videatur.
2019 1009 2271 1100 Itaque
2286 1056 2308 1090 ‚
2324 1005 2532 1100 quod
2551 1006 2833 1075 maxime

732 1112 1124 1210 petendum
1152 1127 1300 1194 est,
1335 1136 1376 1182 a
1416 1111 1621 1184 vobis
1657 1112 1924 1185 ideirco
1968 1137 2116 1184 non
2149 1126 2365 1210 peto,
2396 1113 2699 1208 judices,
2747 1138 2831 1184 ne

733 1223 825 1293 de
860 1238 1089 1293 vestra
1116 1222 1457 1318 sapientia
1479 1277 1501 1309 ‚
1537 1236 1754 1319 atque
1780 1222 1873 1294 de
1891 1235 2124 1292 vestra
2160 1221 2601 1292 humanitate
2625 1219 2828 1292 dubi-

733 1348 885 1405 tare
919 1331 1182 1404 videar.
1234 1335 1358 1402 Est
1405 1346 1647 1404 autem
1688 1332 2126 1430 petendum,
2164 1355 2260 1402 ne
2311 1331 2600 1403 oderitis
2636 1332 2832 1428 inge-

735 1446 970 1529 nium,
1006 1467 1097 1512 ne
1121 1441 1389 1512 inimici
1423 1443 1578 1513 sitis
1607 1440 2011 1531 industriae,
2040 1467 2135 1512 ne
2179 1441 2685 1514 humanitatem
2714 1464 2832 1538 op-

736 1551 1182 1650 primendam
1206 1607 1226 1641 ‚
1263 1576 1359 1622 ne
1412 1553 1751 1622 virtutem
1812 1551 2252 1649 puniendam
2309 1552 2596 1649 putetis.
2650 1549 2829 1621 Illud

731 1676 901 1760 peto
922 1717 942 1752 ‚
978 1677 1061 1733 ut
1088 1717 1108 1748 ‚
1150 1664 1209 1732 si
1239 1686 1526 1734 oausam
1556 1663 1783 1760 ipsam
1819 1686 1951 1760 per
1985 1686 2064 1733 se
2101 1659 2388 1732 firmam
2415 1685 2568 1732 oese
2606 1674 2679 1733 et
2709 1674 2833 1730 sta·

668 1851 673 1858 ,
735 1772 951 1843 bilem
988 1770 1344 1859 videritis,
1380 1770 1696 1842 hominis
1728 1773 1952 1870 ipsius
1977 1786 2406 1843 ornamenta
2431 1771 2832 1867 adjumento

732 1904 962 1952 causae
999 1882 1276 1979 potiuS‚
1322 1905 1540 1977 quam
1584 1881 2104 1980 impedimento
2132 1907 2288 1954 esse
2326 1879 2650 1954 malitisfi.

827 1996 1015 2063 VIII.
1064 1993 1417 2075 Nascitur,
1441 1990 1721 2086 judices
1743 2046 1763 2078 ‚
1814 2017 2023 2064 causa
2049 1992 2369 2064 Cornelii
2405 2017 2496 2064 ex
2533 2016 2613 2063 ea
2649 1991 2832 2086 lege,

731 2125 950 2198 quam
975 2105 1053 2172 L.
1077 2100 1351 2172 Gellius
1371 2154 1391 2187 ‚
1427 2104 1560 2170 Cn.
1580 2100 1956 2173 Cornelius
1986 2111 2009 2145 ¹
2061 2127 2150 2172 ex
2181 2117 2470 2174 senatus
2488 2103 2836 2174 sententia

734 2211 1077 2283 tulerunt.
1120 2213 1283 2300 Qua
1319 2210 1474 2309 lege
1525 2210 1851 2282 videmus
1899 2217 2068 2283 satis
2096 2237 2251 2284 esse
2292 2228 2607 2285 sanctum
2631 2221 2689 2298 ²,
2726 2213 2829 2280 uti

729 2324 920 2396 cives
942 2324 1221 2394 romani
1267 2322 1412 2393 sint
1449 2322 1497 2393 ii
1522 2374 1541 2408 ‚
1590 2346 1776 2419 quos
1821 2325 1955 2395 Cn.
1996 2327 2386 2422 Pompeius
2429 2321 2521 2394 de
2564 2318 2833 2393 consilii

730 2435 1082 2507 sententia
1099 2429 1127 2478 ³
1155 2433 1512 2530 sigillatim
1534 2434 1859 2504 civitate‘*
1881 2433 2276 2505 donaverit.
2291 2438 2667 2505 Donatum
2696 2455 2832 2502 esse

727 2551 806 2617 L.
853 2543 1268 2617 Cornelium
1317 2568 1628 2641 proesens
1674 2545 2058 2641 Pompeius
2092 2543 2304 2629 dicit3
2355 2543 2683 2614 indicant
2716 2566 2830 2639 pu-

727 2655 930 2727 blicae
964 2652 1265 2740 tabuloe3
1300 2666 1670 2724 accusator
1701 2650 1987 2724 fatetur.
2029 2653 2169 2723 Sed
2207 2668 2467 2749 negat,
2498 2678 2594 2725 ex
2631 2651 2830 2724 soede-

724 2782 880 2838 rato
922 2763 1193 2863 populo
1222 2786 1661 2859 quemquam
1690 2765 2007 2860 potuisse
2030 2817 2049 2851 ,
2083 2764 2216 2834 nisi
2246 2765 2305 2834 is
2338 2763 2663 2862 populus
2689 2761 2830 2833 sun·

723 2877 859 2948 dus
879 2874 1107 2947 factus
1127 2870 1369 2961 esset⁵,
1383 2877 1457 2943 in
1483 2872 1673 2945 hanc
1691 2875 2045 2945 civitatem
2061 2876 2322 2945 venire.
2342 2877 2409 2943 Ο
2424 2874 2830 2972 praeclarum

717 3074 786 3123 lio
807 3085 822 3121 ε
851 3092 878 3113 ιι
897 3068 986 3119 Illa
1017 3066 1316 3117 humanitate
1341 3067 1598 3134 praeditua,
1636 3066 1733 3116 illia
1819 3066 2006 3127 habeo‚
2025 3068 2273 3128 scribunt,
2298 3090 2324 3109 ιι
2343 3060 2441 3133 qna
2465 3068 2575 3132 lege
2594 3068 2837 3116 videamus

716 3148 890 3200 studii·
908 3171 949 3197 ιι.
1819 3145 1934 3193 satia
1953 3163 2053 3194 esse
2071 3147 2228 3195 sancti
2242 3170 2266 3190 ιι
2288 3161 2302 3195 :
2329 3158 2520 3195 tantum
2542 3149 2652 3197 car.
2672 3147 2835 3209 steph.

788 3231 841 3278 5.
866 3227 955 3276 Rei
957 3225 1228 3290 [annilius-125
1255 3224 1436 3292 copias.
1464 3227 1562 3274 Rea
1590 3223 1730 3271 sami·
1818 3234 1976 3283 reete,
2024 3224 2265 3274 addemus.
2319 3226 2673 3290 Pantagathus,
2720 3223 2834 3271 dun

713 3309 870 3367 llario,
898 3308 998 3355 eive
1025 3305 1313 3364 domestica,
1340 3317 1453 3354 sunt
1479 3304 1659 3353 divitia
1680 3315 1731 3352 et
1814 3318 2027 3351 errorem
2065 3303 2203 3351 illum
2235 3303 2498 3352 emendare
2525 3303 2706 3363 vehit,
2741 3304 2840 3350 alio

713 3386 964 3434 facultates
989 3386 1205 3449 privato.
1815 3382 1966 3432 modo
1991 3382 2155 3430 locum
2181 3384 2425 3447 empit.

783 3464 835 3512 6.
859 3463 1060 3513 Malia).
1082 3463 1201 3509 Brit.
1222 3476 1346 3508 unua
1364 3458 1528 3509 volitis
1548 3478 1568 3508 .·
1594 3460 1730 3526 quod
1889 3463 1941 3510 3.
1971 3463 2045 3509 De
2064 3460 2257 3510 consilii
2277 3463 2540 3511 seeundo.
2562 3460 2842 3510 wli-n

712 3542 1025 3602 rejiciendum
1048 3542 1247 3588 omnino
1264 3548 1354 3586 eat.
1815 3541 2021 3591 militare
2039 3541 2289 3604 intelligit.

780 3622 921 3667 vm.
950 3635 996 3668 x.
1027 3621 1083 3667 L.
1110 3616 1315 3671 Gellius.
1349 3615 1434 3662 Cn.
1460 3615 1723 3669 Cornelias.
1887 3624 1938 3680 4.
2003 3620 2265 3684 &gilheim
2314 3619 2516 3669 eisitan
2565 3619 2839 3668 huam-it.

710 3697 946 3749 Consules
980 3698 1173 3745 fuerunt
1210 3709 1339 3741 anno
1364 3694 1426 3742 ab
1452 3694 1574 3744 urbe
1601 3712 1727 3745 eon·
1814 3698 1940 3761 Quia
1966 3698 2057 3746 alia
2085 3710 2227 3747 antea
2248 3697 2433 3746 multoe
2457 3698 2666 3748 civim«
2692 3700 2843 3748 deaa-

711 3780 813 3828 dita
830 3779 951 3836 682,
970 3776 1095 3836 aive,
1114 3786 1169 3823 ut
1189 3774 1273 3822 alii
1295 3783 1578 3838 supputant,
1601 3776 1723 3824 683.
1813 3787 2000 3826 verant.

780 3875 830 3908 2.
884 3859 994 3921 Qua
1046 3855 1154 3920 lege
1198 3852 1419 3903 videmus
1463 3854 1581 3903 sate&
1624 3871 1724 3903 esse
1885 3858 1931 3904 5.
1982 3856 2093 3905 Nisi
2128 3856 2172 3904 ie
2205 3856 2419 3921 pop-Ias
2438 3855 2643 3922 fas-&a
2678 3856 2846 3919 [octar

705 3949 945 3987 sanetum.
1002 3935 1323 3999 Pantagathus
1345 3970 1361 3997 ,
1412 3956 1437 3976 ιι
1474 3934 1723 3983 videamus
1809 3946 1941 3984 mee.
1978 3936 2251 3984 «Fundam
2285 3935 2533 4001 populum
2563 3935 2757 3997 fies-i»,
2791 3948 2843 3984 at
2927 3930 2928 3941 ¹

706 4019 920 4068 sanxisse
948 4027 1166 4066 senatum
1187 4037 1227 4065 ι.
1257 4044 1320 4053 -
1350 4016 1556 4064 Codices
1585 4017 1721 4063 hm-
1809 4016 1877 4062 ait
1914 4019 2107 4073 Festus,
2143 4025 2260 4063 «est
2304 4015 2552 4079 populum
2594 4018 2711 4078 eim
2744 4017 2842 4073 tei,

703 4100 932 4151 binianua
968 4107 1017 4145 et
1038 4094 1179 4144 Barb.
1213 4110 1477 4159 omnesque
1503 4095 1721 4143 Britann.
1808 4109 1953 4157 quam
1988 4094 2192 4152 alienat,
2218 4091 2326 4140 fieti
2359 4105 2621 4144 aneton-em
2650 4117 2675 4139 ι
2699 4112 2716 4145 :
2745 4110 2846 4159 qno

704 4194 808 4233 tum
849 4195 1016 4230 omnes
1052 4186 1165 4227 ante
1204 4173 1372 4226 Lamb.
1411 4173 1559 4238 editi,
1595 4189 1720 4240 quoa
1807 4189 1949 4223 nemu
1969 4172 2238 4240 accipiebat
2263 4173 2402 4223 Balbi
2428 4185 2731 4225 neem-tor:
2755 4174 2846 4223 Vel
