<?xml version="1.0" encoding="UTF-8"?>
<!DOCTYPE html PUBLIC "-//W3C//DTD XHTML 1.0 Transitional//EN"
    "http://www.w3.org/TR/xhtml1/DTD/xhtml1-transitional.dtd">
<html xmlns="http://www.w3.org/1999/xhtml" xml:lang="en" lang="en">
 <head>
  <title>
</title>
<meta http-equiv="Content-Type" content="text/html;charset=utf-8" />
  <meta name='ocr-system' content='tesseract 3.04.00' />
  <meta name='ocr-capabilities' content='ocr_page ocr_carea ocr_par ocr_line ocrx_word'/>
</head>
<body>
  <div class='ocr_page' id='page_1' title='image "./mtciceronisquae06lemagoog_0282.png"; bbox 0 0 2994 4778; ppageno 0'>
   <div class='ocr_carea' id='block_1_1' title="bbox 605 407 2088 511">
    <p class='ocr_par' dir='ltr' id='par_1_1' title="bbox 605 407 2088 511">
     <span class='ocr_line' id='line_1_1' title="bbox 605 407 2088 511; baseline -0.006 -27"><span class='ocrx_word' id='word_1_1' title='bbox 605 440 742 511; x_wconf 75' lang='lat'>272</span> <span class='ocrx_word' id='word_1_2' title='bbox 1245 410 1343 476; x_wconf 87' lang='lat' dir='ltr'>M.</span> <span class='ocrx_word' id='word_1_3' title='bbox 1391 409 1466 475; x_wconf 90' lang='lat' dir='ltr'>T.</span> <span class='ocrx_word' id='word_1_4' title='bbox 1522 407 2088 476; x_wconf 71' lang='lat' dir='ltr'>monnoms</span> 
     </span>
    </p>
   </div>
   <div class='ocr_carea' id='block_1_2' title="bbox 556 524 2806 3042">
    <p class='ocr_par' dir='ltr' id='par_1_2' title="bbox 556 524 2806 3042">
     <span class='ocr_line' id='line_1_2' title="bbox 600 524 2708 617; baseline -0.002 -10"><span class='ocrx_word' id='word_1_5' title='bbox 600 559 765 607; x_wconf 87' lang='lat' dir='ltr'>nam</span> <span class='ocrx_word' id='word_1_6' title='bbox 821 532 1035 603; x_wconf 87' lang='lat' dir='ltr'>etiam</span> <span class='ocrx_word' id='word_1_7' title='bbox 1093 533 1174 600; x_wconf 92' lang='lat' dir='ltr'>L.</span> <span class='ocrx_word' id='word_1_8' title='bbox 1228 526 1569 598; x_wconf 88' lang='lat' dir='ltr'>Lucullus</span> <span class='ocrx_word' id='word_1_9' title='bbox 1621 524 1790 597; x_wconf 83' lang='lat' dir='ltr'>ille⁵</span> <span class='ocrx_word' id='word_1_10' title='bbox 1850 525 2158 598; x_wconf 80' lang='lat' dir='ltr'>viveret!</span> <span class='ocrx_word' id='word_1_11' title='bbox 2216 530 2392 617; x_wconf 84' lang='lat' dir='ltr'>Quae</span> <span class='ocrx_word' id='word_1_12' title='bbox 2430 526 2708 602; x_wconf 82' lang='lat' dir='ltr'>fuerunt</span> 
     </span>
     <span class='ocr_line' id='line_1_3' title="bbox 592 638 2712 736; baseline -0.001 -21"><span class='ocrx_word' id='word_1_13' title='bbox 592 643 979 715; x_wconf 68' lang='lat' dir='ltr'>inimicitiae</span> <span class='ocrx_word' id='word_1_14' title='bbox 1043 641 1401 736; x_wconf 87' lang='lat' dir='ltr'>graviores</span> <span class='ocrx_word' id='word_1_15' title='bbox 1460 640 1536 706; x_wconf 93' lang='lat' dir='ltr'>in</span> <span class='ocrx_word' id='word_1_16' title='bbox 1603 638 1926 721; x_wconf 87' lang='lat' dir='ltr'>civitate,</span> <span class='ocrx_word' id='word_1_17' title='bbox 1978 660 2200 733; x_wconf 82' lang='lat' dir='ltr'>quam</span> <span class='ocrx_word' id='word_1_18' title='bbox 2250 639 2712 712; x_wconf 79' lang='lat' dir='ltr'>Lucullorum</span> 
     </span>
     <span class='ocr_line' id='line_1_4' title="bbox 595 743 2717 852; baseline -0.002 -26"><span class='ocrx_word' id='word_1_19' title='bbox 595 770 814 852; x_wconf 88' lang='lat' dir='ltr'>atque</span> <span class='ocrx_word' id='word_1_20' title='bbox 856 748 1361 823; x_wconf 82' lang='lat' dir='ltr'>Serviliorum?</span> <span class='ocrx_word' id='word_1_21' title='bbox 1414 769 1594 842; x_wconf 90' lang='lat' dir='ltr'>quas</span> <span class='ocrx_word' id='word_1_22' title='bbox 1635 747 1711 815; x_wconf 91' lang='lat' dir='ltr'>in</span> <span class='ocrx_word' id='word_1_23' title='bbox 1753 747 1921 817; x_wconf 88' lang='lat' dir='ltr'>viris</span> <span class='ocrx_word' id='word_1_24' title='bbox 1966 743 2367 819; x_wconf 80' lang='lat' dir='ltr'>fortissimis</span> <span class='ocrx_word' id='word_1_25' title='bbox 2412 774 2567 821; x_wconf 89' lang='lat' dir='ltr'>non</span> <span class='ocrx_word' id='word_1_26' title='bbox 2611 776 2717 823; x_wconf 85' lang='lat' dir='ltr'>so·</span> 
     </span>
     <span class='ocr_line' id='line_1_5' title="bbox 599 854 2717 953; baseline -0.002 -17"><span class='ocrx_word' id='word_1_27' title='bbox 599 866 749 936; x_wconf 91' lang='lat' dir='ltr'>lum</span> <span class='ocrx_word' id='word_1_28' title='bbox 789 862 1124 934; x_wconf 82' lang='lat' dir='ltr'>exstinxit</span> <span class='ocrx_word' id='word_1_29' title='bbox 1166 856 1577 953; x_wconf 85' lang='lat' dir='ltr'>reipublicae</span> <span class='ocrx_word' id='word_1_30' title='bbox 1622 854 1965 952; x_wconf 76' lang='lat' dir='ltr'>dignitaS‚</span> <span class='ocrx_word' id='word_1_31' title='bbox 2021 870 2092 925; x_wconf 92' lang='lat' dir='ltr'>et</span> <span class='ocrx_word' id='word_1_32' title='bbox 2140 855 2557 953; x_wconf 78' lang='lat' dir='ltr'>ipsorum⁶‚</span> <span class='ocrx_word' id='word_1_33' title='bbox 2606 860 2717 931; x_wconf 89' lang='lat' dir='ltr'>sed</span> 
     </span>
     <span class='ocr_line' id='line_1_6' title="bbox 599 963 2725 1062; baseline -0.003 -16"><span class='ocrx_word' id='word_1_34' title='bbox 599 975 811 1046; x_wconf 88' lang='lat' dir='ltr'>etiam</span> <span class='ocrx_word' id='word_1_35' title='bbox 840 969 930 1041; x_wconf 89' lang='lat' dir='ltr'>ad</span> <span class='ocrx_word' id='word_1_36' title='bbox 948 968 1330 1040; x_wconf 84' lang='lat' dir='ltr'>amicitiam</span> <span class='ocrx_word' id='word_1_37' title='bbox 1357 963 2104 1062; x_wconf 84' lang='lat' dir='ltr'>consuetudinemque</span> <span class='ocrx_word' id='word_1_38' title='bbox 2126 965 2469 1038; x_wconf 80' lang='lat' dir='ltr'>traduxit.</span> <span class='ocrx_word' id='word_1_39' title='bbox 2499 970 2725 1059; x_wconf 82' lang='lat' dir='ltr'>Quid?</span> 
     </span>
     <span class='ocr_line' id='line_1_7' title="bbox 598 1075 2726 1174; baseline -0.002 -20"><span class='ocrx_word' id='word_1_40' title='bbox 598 1087 688 1174; x_wconf 85' lang='lat' dir='ltr'>Q.</span> <span class='ocrx_word' id='word_1_41' title='bbox 731 1078 1064 1152; x_wconf 83' lang='lat' dir='ltr'>Metellus</span> <span class='ocrx_word' id='word_1_42' title='bbox 1116 1079 1358 1173; x_wconf 84' lang='lat' dir='ltr'>Nepos</span> <span class='ocrx_word' id='word_1_43' title='bbox 1377 1087 1431 1162; x_wconf 86' lang='lat'>7,</span> <span class='ocrx_word' id='word_1_44' title='bbox 1475 1097 1723 1145; x_wconf 90' lang='lat' dir='ltr'>nonne</span> <span class='ocrx_word' id='word_1_45' title='bbox 1777 1075 2032 1145; x_wconf 90' lang='lat' dir='ltr'>consul</span> <span class='ocrx_word' id='word_1_46' title='bbox 2091 1078 2164 1145; x_wconf 89' lang='lat' dir='ltr'>in</span> <span class='ocrx_word' id='word_1_47' title='bbox 2214 1078 2492 1174; x_wconf 91' lang='lat' dir='ltr'>templo</span> <span class='ocrx_word' id='word_1_48' title='bbox 2535 1083 2726 1151; x_wconf 86' lang='lat' dir='ltr'>Jovis</span> 
     </span>
     <span class='ocr_line' id='line_1_8' title="bbox 600 1189 2725 1292; baseline -0.001 -28"><span class='ocrx_word' id='word_1_49' title='bbox 600 1195 893 1292; x_wconf 91' lang='lat' dir='ltr'>optimi,</span> <span class='ocrx_word' id='word_1_50' title='bbox 936 1189 1265 1273; x_wconf 87' lang='lat' dir='ltr'>maximi,</span> <span class='ocrx_word' id='word_1_51' title='bbox 1308 1200 1680 1284; x_wconf 89' lang='lat' dir='ltr'>permotus</span> <span class='ocrx_word' id='word_1_52' title='bbox 1715 1210 1944 1281; x_wconf 91' lang='lat' dir='ltr'>quum</span> <span class='ocrx_word' id='word_1_53' title='bbox 1972 1190 2419 1259; x_wconf 87' lang='lat' dir='ltr'>·auctoritate</span> <span class='ocrx_word' id='word_1_54' title='bbox 2456 1205 2725 1275; x_wconf 78' lang='lat' dir='ltr'>vestra,</span> 
     </span>
     <span class='ocr_line' id='line_1_9' title="bbox 556 1294 2725 1394; baseline -0.001 -19"><span class='ocrx_word' id='word_1_55' title='bbox 556 1318 755 1375; x_wconf 63' lang='lat' dir='ltr'>”tum</span> <span class='ocrx_word' id='word_1_56' title='bbox 817 1299 1006 1372; x_wconf 90' lang='lat' dir='ltr'>illius</span> <span class='ocrx_word' id='word_1_57' title='bbox 1069 1303 1143 1368; x_wconf 91' lang='lat' dir='ltr'>P.</span> <span class='ocrx_word' id='word_1_58' title='bbox 1208 1296 1482 1367; x_wconf 84' lang='lat' dir='ltr'>Servilii</span> <span class='ocrx_word' id='word_1_59' title='bbox 1537 1294 1944 1366; x_wconf 71' lang='lat' dir='ltr'>incredibili</span> <span class='ocrx_word' id='word_1_60' title='bbox 2000 1300 2353 1394; x_wconf 86' lang='lat' dir='ltr'>gravitate</span> <span class='ocrx_word' id='word_1_61' title='bbox 2405 1298 2725 1387; x_wconf 89' lang='lat' dir='ltr'>dicendi,</span> 
     </span>
     <span class='ocr_line' id='line_1_10' title="bbox 595 1404 2806 1508; baseline -0.001 -23"><span class='ocrx_word' id='word_1_62' title='bbox 595 1413 857 1484; x_wconf 85' lang='lat' dir='ltr'>absens</span> <span class='ocrx_word' id='word_1_63' title='bbox 901 1432 1225 1494; x_wconf 88' lang='lat' dir='ltr'>mecum,</span> <span class='ocrx_word' id='word_1_64' title='bbox 1272 1431 1559 1478; x_wconf 89' lang='lat' dir='ltr'>summo</span> <span class='ocrx_word' id='word_1_65' title='bbox 1597 1431 1730 1477; x_wconf 90' lang='lat' dir='ltr'>suo</span> <span class='ocrx_word' id='word_1_66' title='bbox 1767 1404 2126 1478; x_wconf 86' lang='lat' dir='ltr'>beneficio</span> <span class='ocrx_word' id='word_1_67' title='bbox 2149 1462 2169 1496; x_wconf 98' lang='lat'>,</span> <span class='ocrx_word' id='word_1_68' title='bbox 2213 1407 2429 1480; x_wconf 90' lang='lat' dir='ltr'>rediit</span> <span class='ocrx_word' id='word_1_69' title='bbox 2467 1412 2543 1481; x_wconf 91' lang='lat' dir='ltr'>in</span> <span class='ocrx_word' id='word_1_70' title='bbox 2581 1436 2729 1508; x_wconf 83' lang='lat' dir='ltr'>gra·</span> <span class='ocrx_word' id='word_1_71' title='bbox 2793 1468 2806 1482; x_wconf 88' lang='lat'>.</span> 
     </span>
     <span class='ocr_line' id='line_1_11' title="bbox 597 1516 2727 1614; baseline -0 -20"><span class='ocrx_word' id='word_1_72' title='bbox 597 1522 813 1595; x_wconf 81' lang='lat' dir='ltr'>tiam?</span> <span class='ocrx_word' id='word_1_73' title='bbox 839 1525 950 1591; x_wconf 88' lang='lat' dir='ltr'>An</span> <span class='ocrx_word' id='word_1_74' title='bbox 977 1542 1112 1614; x_wconf 87' lang='lat' dir='ltr'>ego</span> <span class='ocrx_word' id='word_1_75' title='bbox 1139 1541 1434 1614; x_wconf 90' lang='lat' dir='ltr'>possum</span> <span class='ocrx_word' id='word_1_76' title='bbox 1466 1516 1639 1586; x_wconf 90' lang='lat' dir='ltr'>huic</span> <span class='ocrx_word' id='word_1_77' title='bbox 1667 1540 1818 1587; x_wconf 90' lang='lat' dir='ltr'>esse</span> <span class='ocrx_word' id='word_1_78' title='bbox 1847 1517 2212 1606; x_wconf 77' lang='lat' dir='ltr'>inimicuS‚</span> <span class='ocrx_word' id='word_1_79' title='bbox 2240 1520 2448 1614; x_wconf 85' lang='lat' dir='ltr'>cujus</span> <span class='ocrx_word' id='word_1_80' title='bbox 2478 1522 2727 1610; x_wconf 86' lang='lat' dir='ltr'>literis,</span> 
     </span>
     <span class='ocr_line' id='line_1_12' title="bbox 597 1622 2728 1724; baseline -0.001 -20"><span class='ocrx_word' id='word_1_81' title='bbox 597 1631 824 1717; x_wconf 85' lang='lat' dir='ltr'>fama,</span> <span class='ocrx_word' id='word_1_82' title='bbox 871 1622 1138 1699; x_wconf 83' lang='lat' dir='ltr'>nuntiis</span> <span class='ocrx_word' id='word_1_83' title='bbox 1187 1625 1646 1698; x_wconf 77' lang='lat' dir='ltr'>celebrantur</span> <span class='ocrx_word' id='word_1_84' title='bbox 1691 1650 1898 1697; x_wconf 88' lang='lat' dir='ltr'>aures</span> <span class='ocrx_word' id='word_1_85' title='bbox 1936 1628 2264 1724; x_wconf 86' lang='lat' dir='ltr'>quotidie</span> <span class='ocrx_word' id='word_1_86' title='bbox 2305 1653 2488 1699; x_wconf 80' lang='lat' dir='ltr'>meae</span> <span class='ocrx_word' id='word_1_87' title='bbox 2528 1633 2728 1702; x_wconf 77' lang='lat' dir='ltr'>novis</span> 
     </span>
     <span class='ocr_line' id='line_1_13' title="bbox 596 1736 2727 1833; baseline 0 -22"><span class='ocrx_word' id='word_1_88' title='bbox 596 1736 1014 1811; x_wconf 90' lang='lat' dir='ltr'>nominibus</span> <span class='ocrx_word' id='word_1_89' title='bbox 1032 1738 1357 1833; x_wconf 88' lang='lat' dir='ltr'>gentium</span> <span class='ocrx_word' id='word_1_90' title='bbox 1374 1791 1393 1823; x_wconf 93' lang='lat'>,</span> <span class='ocrx_word' id='word_1_91' title='bbox 1416 1738 1794 1807; x_wconf 68' lang='lat' dir='ltr'>nationum</span> <span class='ocrx_word' id='word_1_92' title='bbox 1810 1791 1829 1823; x_wconf 93' lang='lat'>,</span> <span class='ocrx_word' id='word_1_93' title='bbox 1860 1737 2226 1808; x_wconf 80' lang='lat' dir='ltr'>locorum?</span> <span class='ocrx_word' id='word_1_94' title='bbox 2248 1738 2490 1809; x_wconf 88' lang='lat' dir='ltr'>Ardeo</span> <span class='ocrx_word' id='word_1_95' title='bbox 2507 1796 2527 1826; x_wconf 87' lang='lat'>‚</span> <span class='ocrx_word' id='word_1_96' title='bbox 2558 1742 2727 1811; x_wconf 85' lang='lat' dir='ltr'>mihi</span> 
     </span>
     <span class='ocr_line' id='line_1_14' title="bbox 596 1844 2731 1945; baseline -0.001 -23"><span class='ocrx_word' id='word_1_97' title='bbox 596 1848 905 1936; x_wconf 86' lang='lat' dir='ltr'>credite,</span> <span class='ocrx_word' id='word_1_98' title='bbox 966 1860 1203 1945; x_wconf 90' lang='lat' dir='ltr'>patres</span> <span class='ocrx_word' id='word_1_99' title='bbox 1259 1848 1651 1943; x_wconf 79' lang='lat' dir='ltr'>conscripti</span> <span class='ocrx_word' id='word_1_100' title='bbox 1713 1844 1833 1939; x_wconf 90' lang='lat' dir='ltr'>(id</span> <span class='ocrx_word' id='word_1_101' title='bbox 1887 1846 2087 1942; x_wconf 93' lang='lat' dir='ltr'>quod</span> <span class='ocrx_word' id='word_1_102' title='bbox 2142 1863 2422 1919; x_wconf 87' lang='lat' dir='ltr'>vosmet</span> <span class='ocrx_word' id='word_1_103' title='bbox 2474 1849 2568 1919; x_wconf 90' lang='lat' dir='ltr'>de</span> <span class='ocrx_word' id='word_1_104' title='bbox 2619 1874 2731 1921; x_wconf 89' lang='lat' dir='ltr'>me</span> 
     </span>
     <span class='ocr_line' id='line_1_15' title="bbox 597 1951 2727 2055; baseline -0.001 -24"><span class='ocrx_word' id='word_1_105' title='bbox 597 1959 1011 2032; x_wconf 86' lang='lat' dir='ltr'>existimatis</span> <span class='ocrx_word' id='word_1_106' title='bbox 1040 2010 1060 2041; x_wconf 85' lang='lat'>‚</span> <span class='ocrx_word' id='word_1_107' title='bbox 1122 1970 1194 2026; x_wconf 89' lang='lat' dir='ltr'>et</span> <span class='ocrx_word' id='word_1_108' title='bbox 1252 1953 1478 2026; x_wconf 82' lang='lat' dir='ltr'>facitis</span> <span class='ocrx_word' id='word_1_109' title='bbox 1549 1956 1689 2052; x_wconf 89' lang='lat' dir='ltr'>ipsi</span> <span class='ocrx_word' id='word_1_110' title='bbox 1716 1951 1745 1997; x_wconf 79' lang='lat'><strong>⁸</strong></span> <span class='ocrx_word' id='word_1_111' title='bbox 1776 1956 1842 2050; x_wconf 93' lang='lat'>)‚</span> <span class='ocrx_word' id='word_1_112' title='bbox 1924 1956 2331 2027; x_wconf 83' lang='lat' dir='ltr'>incredibili</span> <span class='ocrx_word' id='word_1_113' title='bbox 2411 1958 2727 2055; x_wconf 90' lang='lat' dir='ltr'>quodam</span> 
     </span>
     <span class='ocr_line' id='line_1_16' title="bbox 600 2064 2728 2165; baseline -0.002 -24"><span class='ocrx_word' id='word_1_114' title='bbox 600 2094 844 2141; x_wconf 87' lang='lat' dir='ltr'>amore</span> <span class='ocrx_word' id='word_1_115' title='bbox 901 2067 1197 2165; x_wconf 69' lang='lat' dir='ltr'>patriae:</span> <span class='ocrx_word' id='word_1_116' title='bbox 1246 2068 1373 2161; x_wconf 89' lang='lat' dir='ltr'>qui</span> <span class='ocrx_word' id='word_1_117' title='bbox 1419 2089 1537 2135; x_wconf 88' lang='lat' dir='ltr'>me</span> <span class='ocrx_word' id='word_1_118' title='bbox 1579 2089 1782 2135; x_wconf 90' lang='lat' dir='ltr'>amor</span> <span class='ocrx_word' id='word_1_119' title='bbox 1829 2079 1902 2136; x_wconf 91' lang='lat' dir='ltr'>et</span> <span class='ocrx_word' id='word_1_120' title='bbox 1950 2064 2339 2138; x_wconf 83' lang='lat' dir='ltr'>subvenire</span> <span class='ocrx_word' id='word_1_121' title='bbox 2385 2068 2551 2138; x_wconf 91' lang='lat' dir='ltr'>olim</span> <span class='ocrx_word' id='word_1_122' title='bbox 2590 2070 2728 2138; x_wconf 89' lang='lat' dir='ltr'>im-</span> 
     </span>
     <span class='ocr_line' id='line_1_17' title="bbox 594 2174 2727 2280; baseline -0.003 -28"><span class='ocrx_word' id='word_1_123' title='bbox 594 2176 1081 2280; x_wconf 88' lang='lat' dir='ltr'>pendentibus</span> <span class='ocrx_word' id='word_1_124' title='bbox 1125 2174 1456 2272; x_wconf 89' lang='lat' dir='ltr'>periculis</span> <span class='ocrx_word' id='word_1_125' title='bbox 1491 2174 1864 2249; x_wconf 84' lang='lat' dir='ltr'>maximis9</span> <span class='ocrx_word' id='word_1_126' title='bbox 1899 2198 2069 2248; x_wconf 88' lang='lat' dir='ltr'>cum</span> <span class='ocrx_word' id='word_1_127' title='bbox 2110 2174 2566 2247; x_wconf 88' lang='lat' dir='ltr'>dimicatione</span> <span class='ocrx_word' id='word_1_128' title='bbox 2612 2201 2727 2246; x_wconf 91' lang='lat' dir='ltr'>ca-</span> 
     </span>
     <span class='ocr_line' id='line_1_18' title="bbox 595 2284 2728 2391; baseline -0.001 -31"><span class='ocrx_word' id='word_1_129' title='bbox 595 2291 798 2391; x_wconf 86' lang='lat' dir='ltr'>pitis,</span> <span class='ocrx_word' id='word_1_130' title='bbox 854 2302 925 2358; x_wconf 93' lang='lat' dir='ltr'>et</span> <span class='ocrx_word' id='word_1_131' title='bbox 978 2309 1266 2357; x_wconf 88' lang='lat' dir='ltr'>rursum</span> <span class='ocrx_word' id='word_1_132' title='bbox 1292 2295 1376 2372; x_wconf 90' lang='lat'>¹⁰,</span> <span class='ocrx_word' id='word_1_133' title='bbox 1429 2307 1659 2380; x_wconf 91' lang='lat' dir='ltr'>quum</span> <span class='ocrx_word' id='word_1_134' title='bbox 1714 2285 1961 2354; x_wconf 88' lang='lat' dir='ltr'>omnia</span> <span class='ocrx_word' id='word_1_135' title='bbox 2014 2284 2156 2356; x_wconf 90' lang='lat' dir='ltr'>tela</span> <span class='ocrx_word' id='word_1_136' title='bbox 2201 2286 2531 2383; x_wconf 90' lang='lat' dir='ltr'>undique</span> <span class='ocrx_word' id='word_1_137' title='bbox 2579 2312 2728 2358; x_wconf 87' lang='lat' dir='ltr'>esse</span> 
     </span>
     <span class='ocr_line' id='line_1_19' title="bbox 595 2393 2728 2495; baseline -0.001 -26"><span class='ocrx_word' id='word_1_138' title='bbox 595 2403 871 2472; x_wconf 90' lang='lat' dir='ltr'>intenta</span> <span class='ocrx_word' id='word_1_139' title='bbox 910 2400 981 2468; x_wconf 92' lang='lat' dir='ltr'>in</span> <span class='ocrx_word' id='word_1_140' title='bbox 1029 2398 1328 2495; x_wconf 88' lang='lat' dir='ltr'>patriam</span> <span class='ocrx_word' id='word_1_141' title='bbox 1368 2393 1682 2466; x_wconf 87' lang='lat' dir='ltr'>viderem</span> <span class='ocrx_word' id='word_1_142' title='bbox 1705 2449 1724 2481; x_wconf 89' lang='lat'>‚</span> <span class='ocrx_word' id='word_1_143' title='bbox 1769 2394 2013 2466; x_wconf 89' lang='lat' dir='ltr'>subire</span> <span class='ocrx_word' id='word_1_144' title='bbox 2052 2399 2329 2492; x_wconf 86' lang='lat' dir='ltr'>coegit,</span> <span class='ocrx_word' id='word_1_145' title='bbox 2364 2411 2591 2494; x_wconf 86' lang='lat' dir='ltr'>atque</span> <span class='ocrx_word' id='word_1_146' title='bbox 2621 2424 2728 2469; x_wconf 82' lang='lat' dir='ltr'>ex-</span> 
     </span>
     <span class='ocr_line' id='line_1_20' title="bbox 596 2507 2725 2609; baseline -0.002 -26"><span class='ocrx_word' id='word_1_147' title='bbox 596 2513 835 2609; x_wconf 89' lang='lat' dir='ltr'>cipere</span> <span class='ocrx_word' id='word_1_148' title='bbox 875 2533 1105 2579; x_wconf 90' lang='lat' dir='ltr'>unum</span> <span class='ocrx_word' id='word_1_149' title='bbox 1152 2531 1285 2605; x_wconf 90' lang='lat' dir='ltr'>pro</span> <span class='ocrx_word' id='word_1_150' title='bbox 1335 2507 1701 2576; x_wconf 87' lang='lat' dir='ltr'>universis.</span> <span class='ocrx_word' id='word_1_151' title='bbox 1742 2509 1874 2576; x_wconf 88' lang='lat' dir='ltr'>Hic</span> <span class='ocrx_word' id='word_1_152' title='bbox 1913 2530 2028 2576; x_wconf 90' lang='lat' dir='ltr'>me</span> <span class='ocrx_word' id='word_1_153' title='bbox 2065 2530 2269 2576; x_wconf 89' lang='lat' dir='ltr'>meus</span> <span class='ocrx_word' id='word_1_154' title='bbox 2311 2511 2389 2576; x_wconf 90' lang='lat' dir='ltr'>iu</span> <span class='ocrx_word' id='word_1_155' title='bbox 2432 2533 2725 2606; x_wconf 89' lang='lat' dir='ltr'>rempu-</span> 
     </span>
     <span class='ocr_line' id='line_1_21' title="bbox 593 2617 2725 2713; baseline -0.002 -20"><span class='ocrx_word' id='word_1_156' title='bbox 593 2621 857 2694; x_wconf 87' lang='lat' dir='ltr'>blicam</span> <span class='ocrx_word' id='word_1_157' title='bbox 904 2622 1182 2691; x_wconf 89' lang='lat' dir='ltr'>animus</span> <span class='ocrx_word' id='word_1_158' title='bbox 1228 2619 1573 2713; x_wconf 88' lang='lat' dir='ltr'>pristinus</span> <span class='ocrx_word' id='word_1_159' title='bbox 1615 2639 1697 2686; x_wconf 90' lang='lat' dir='ltr'>ac</span> <span class='ocrx_word' id='word_1_160' title='bbox 1742 2617 2077 2713; x_wconf 89' lang='lat' dir='ltr'>perennis</span> <span class='ocrx_word' id='word_1_161' title='bbox 2121 2641 2287 2687; x_wconf 89' lang='lat' dir='ltr'>cum</span> <span class='ocrx_word' id='word_1_162' title='bbox 2330 2623 2412 2689; x_wconf 90' lang='lat' dir='ltr'>C.</span> <span class='ocrx_word' id='word_1_163' title='bbox 2459 2623 2725 2691; x_wconf 87' lang='lat' dir='ltr'>Caesare</span> 
     </span>
     <span class='ocr_line' id='line_1_22' title="bbox 595 2726 2727 2824; baseline -0.002 -22"><span class='ocrx_word' id='word_1_164' title='bbox 595 2730 911 2815; x_wconf 86' lang='lat' dir='ltr'>reducit,</span> <span class='ocrx_word' id='word_1_165' title='bbox 940 2726 1391 2812; x_wconf 88' lang='lat' dir='ltr'>reconciliat,</span> <span class='ocrx_word' id='word_1_166' title='bbox 1429 2726 1739 2796; x_wconf 86' lang='lat' dir='ltr'>restituit</span> <span class='ocrx_word' id='word_1_167' title='bbox 1774 2726 1849 2795; x_wconf 90' lang='lat' dir='ltr'>in</span> <span class='ocrx_word' id='word_1_168' title='bbox 1885 2727 2203 2824; x_wconf 87' lang='lat' dir='ltr'>gratiam.</span> <span class='ocrx_word' id='word_1_169' title='bbox 2237 2728 2462 2816; x_wconf 91' lang='lat' dir='ltr'>Quod</span> <span class='ocrx_word' id='word_1_170' title='bbox 2494 2731 2727 2801; x_wconf 81' lang='lat' dir='ltr'>volent</span> 
     </span>
     <span class='ocr_line' id='line_1_23' title="bbox 600 2835 2722 2936; baseline -0.002 -24"><span class='ocrx_word' id='word_1_171' title='bbox 600 2840 955 2935; x_wconf 89' lang='lat' dir='ltr'>denique,</span> <span class='ocrx_word' id='word_1_172' title='bbox 995 2835 1325 2905; x_wconf 86' lang='lat' dir='ltr'>homines</span> <span class='ocrx_word' id='word_1_173' title='bbox 1359 2837 1765 2906; x_wconf 87' lang='lat' dir='ltr'>existiment</span> <span class='ocrx_word' id='word_1_174' title='bbox 1789 2845 1890 2922; x_wconf 79' lang='lat'>¹¹3</span> <span class='ocrx_word' id='word_1_175' title='bbox 1937 2837 2210 2906; x_wconf 88' lang='lat' dir='ltr'>nemini</span> <span class='ocrx_word' id='word_1_176' title='bbox 2249 2860 2391 2933; x_wconf 86' lang='lat' dir='ltr'>ego</span> <span class='ocrx_word' id='word_1_177' title='bbox 2439 2862 2722 2936; x_wconf 86' lang='lat' dir='ltr'>possum</span> 
     </span>
     <span class='ocr_line' id='line_1_24' title="bbox 601 2943 2366 3042; baseline -0.004 -19"><span class='ocrx_word' id='word_1_178' title='bbox 601 2974 754 3022; x_wconf 91' lang='lat' dir='ltr'>esse</span> <span class='ocrx_word' id='word_1_179' title='bbox 789 2946 980 3018; x_wconf 91' lang='lat' dir='ltr'>bene</span> <span class='ocrx_word' id='word_1_180' title='bbox 1017 2943 1107 3015; x_wconf 92' lang='lat' dir='ltr'>de</span> <span class='ocrx_word' id='word_1_181' title='bbox 1142 2943 1517 3042; x_wconf 88' lang='lat' dir='ltr'>republica</span> <span class='ocrx_word' id='word_1_182' title='bbox 1545 2945 1851 3016; x_wconf 88' lang='lat' dir='ltr'>merenti</span> <span class='ocrx_word' id='word_1_183' title='bbox 1887 2969 2032 3014; x_wconf 90' lang='lat' dir='ltr'>non</span> <span class='ocrx_word' id='word_1_184' title='bbox 2069 2947 2366 3016; x_wconf 90' lang='lat' dir='ltr'>amicus.</span> 
     </span>
    </p>
   </div>
   <div class='ocr_carea' id='block_1_3' title="bbox 600 3111 2744 3495">
    <p class='ocr_par' dir='ltr' id='par_1_3' title="bbox 600 3111 2744 3415">
     <span class='ocr_line' id='line_1_25' title="bbox 669 3111 2727 3177; baseline -0.002 -10"><span class='ocrx_word' id='word_1_185' title='bbox 669 3119 723 3167; x_wconf 82' lang='lat'>5.</span> <span class='ocrx_word' id='word_1_186' title='bbox 759 3115 984 3164; x_wconf 76' lang='lat' dir='ltr'>Lucullus</span> <span class='ocrx_word' id='word_1_187' title='bbox 1037 3113 1136 3162; x_wconf 80' lang='lat' dir='ltr'>ille.</span> <span class='ocrx_word' id='word_1_188' title='bbox 1184 3111 1439 3176; x_wconf 75' lang='lat' dir='ltr'>Emphnsis</span> <span class='ocrx_word' id='word_1_189' title='bbox 1457 3145 1473 3172; x_wconf 85' lang='lat'><strong>‚</strong></span> <span class='ocrx_word' id='word_1_190' title='bbox 1504 3112 1618 3177; x_wconf 72' lang='lat' dir='ltr'>quin</span> <span class='ocrx_word' id='word_1_191' title='bbox 1708 3112 1851 3161; x_wconf 79' lang='lat' dir='ltr'>Adde</span> <span class='ocrx_word' id='word_1_192' title='bbox 1881 3113 2015 3177; x_wconf 85' lang='lat' dir='ltr'>qnod</span> <span class='ocrx_word' id='word_1_193' title='bbox 2052 3130 2157 3161; x_wconf 74' lang='lat' dir='ltr'>enm</span> <span class='ocrx_word' id='word_1_194' title='bbox 2187 3113 2384 3163; x_wconf 78' lang='lat' dir='ltr'>leudem</span> <span class='ocrx_word' id='word_1_195' title='bbox 2416 3116 2635 3165; x_wconf 75' lang='lat' dir='ltr'>homines</span> <span class='ocrx_word' id='word_1_196' title='bbox 2661 3115 2727 3162; x_wconf 74' lang='lat'>11·-</span> 
     </span>
     <span class='ocr_line' id='line_1_26' title="bbox 600 3192 2730 3257; baseline -0 -13"><span class='ocrx_word' id='word_1_197' title='bbox 600 3197 753 3246; x_wconf 79' lang='lat' dir='ltr'>suerst</span> <span class='ocrx_word' id='word_1_198' title='bbox 779 3193 861 3244; x_wconf 86' lang='lat' dir='ltr'>ille</span> <span class='ocrx_word' id='word_1_199' title='bbox 887 3210 1100 3243; x_wconf 86' lang='lat' dir='ltr'>summus</span> <span class='ocrx_word' id='word_1_200' title='bbox 1122 3194 1400 3257; x_wconf 83' lang='lat' dir='ltr'>imperator,</span> <span class='ocrx_word' id='word_1_201' title='bbox 1427 3203 1476 3240; x_wconf 89' lang='lat' dir='ltr'>et</span> <span class='ocrx_word' id='word_1_202' title='bbox 1502 3193 1621 3240; x_wconf 81' lang='lat' dir='ltr'>civis</span> <span class='ocrx_word' id='word_1_203' title='bbox 1708 3192 1901 3240; x_wconf 84' lang='lat' dir='ltr'>bentius</span> <span class='ocrx_word' id='word_1_204' title='bbox 1946 3192 2085 3241; x_wconf 71' lang='lat' dir='ltr'>elteri</span> <span class='ocrx_word' id='word_1_205' title='bbox 2134 3194 2417 3243; x_wconf 83' lang='lat' dir='ltr'>concedunt</span> <span class='ocrx_word' id='word_1_206' title='bbox 2437 3230 2456 3254; x_wconf 86' lang='lat'>,</span> <span class='ocrx_word' id='word_1_207' title='bbox 2504 3198 2633 3256; x_wconf 77' lang='lat' dir='ltr'>cujus</span> <span class='ocrx_word' id='word_1_208' title='bbox 2672 3208 2730 3242; x_wconf 76' lang='lat' dir='ltr'>se</span> 
     </span>
     <span class='ocr_line' id='line_1_27' title="bbox 601 3271 2407 3337; baseline 0.001 -16"><span class='ocrx_word' id='word_1_209' title='bbox 601 3274 914 3333; x_wconf 73' lang='lat' dir='ltr'>clarissimus,</span> <span class='ocrx_word' id='word_1_210' title='bbox 933 3274 1019 3337; x_wconf 88' lang='lat' dir='ltr'>qui</span> <span class='ocrx_word' id='word_1_211' title='bbox 1039 3272 1366 3321; x_wconf 76' lang='lat' dir='ltr'>Mithridatem</span> <span class='ocrx_word' id='word_1_212' title='bbox 1390 3281 1437 3319; x_wconf 84' lang='lat' dir='ltr'>et</span> <span class='ocrx_word' id='word_1_213' title='bbox 1456 3271 1625 3334; x_wconf 72' lang='lat' dir='ltr'>Tigre·</span> <span class='ocrx_word' id='word_1_214' title='bbox 1709 3271 1968 3337; x_wconf 74' lang='lat' dir='ltr'>participes</span> <span class='ocrx_word' id='word_1_215' title='bbox 1988 3272 2091 3319; x_wconf 87' lang='lat' dir='ltr'>fore</span> <span class='ocrx_word' id='word_1_216' title='bbox 2108 3272 2407 3336; x_wconf 78' lang='lat' dir='ltr'>intelligunt.</span> 
     </span>
     <span class='ocr_line' id='line_1_28' title="bbox 602 3350 2744 3415; baseline 0.001 -17"><span class='ocrx_word' id='word_1_217' title='bbox 602 3367 713 3398; x_wconf 88' lang='lat' dir='ltr'>nem</span> <span class='ocrx_word' id='word_1_218' title='bbox 733 3368 865 3415; x_wconf 77' lang='lat' dir='ltr'>reges</span> <span class='ocrx_word' id='word_1_219' title='bbox 887 3351 1248 3415; x_wconf 85' lang='lat' dir='ltr'>potentissimos</span> <span class='ocrx_word' id='word_1_220' title='bbox 1267 3350 1529 3414; x_wconf 74' lang='lat' dir='ltr'>superavit.</span> <span class='ocrx_word' id='word_1_221' title='bbox 1784 3369 1833 3414; x_wconf 87' lang='lat'>9.</span> <span class='ocrx_word' id='word_1_222' title='bbox 1867 3351 2096 3400; x_wconf 71' lang='lat' dir='ltr'>perieulis</span> <span class='ocrx_word' id='word_1_223' title='bbox 2126 3352 2384 3403; x_wconf 67' lang='lat' dir='ltr'>maximis.</span> <span class='ocrx_word' id='word_1_224' title='bbox 2424 3357 2489 3402; x_wconf 78' lang='lat' dir='ltr'>In</span> <span class='ocrx_word' id='word_1_225' title='bbox 2518 3352 2744 3404; x_wconf 56' lang='lat' dir='ltr'>Catilina</span> 
     </span>
    </p>

    <p class='ocr_par' dir='ltr' id='par_1_4' title="bbox 671 3428 2064 3495">
     <span class='ocr_line' id='line_1_29' title="bbox 671 3428 2064 3495; baseline 0.002 -20"><span class='ocrx_word' id='word_1_226' title='bbox 671 3428 722 3476; x_wconf 85' lang='lat'>6.</span> <span class='ocrx_word' id='word_1_227' title='bbox 757 3430 949 3477; x_wconf 77' lang='lat' dir='ltr'>leletn.</span> <span class='ocrx_word' id='word_1_228' title='bbox 996 3440 1108 3493; x_wconf 87' lang='lat' dir='ltr'>post</span> <span class='ocrx_word' id='word_1_229' title='bbox 1159 3430 1407 3478; x_wconf 68' lang='lat' dir='ltr'>Grnvinm</span> <span class='ocrx_word' id='word_1_230' title='bbox 1425 3464 1440 3487; x_wconf 90' lang='lat'><strong>‚</strong></span> <span class='ocrx_word' id='word_1_231' title='bbox 1492 3445 1620 3495; x_wconf 80' lang='lat' dir='ltr'>resp.</span> <span class='ocrx_word' id='word_1_232' title='bbox 1713 3430 2064 3491; x_wconf 72' lang='lat' dir='ltr'>conjuratione.</span> 
     </span>
    </p>
   </div>
   <div class='ocr_carea' id='block_1_4' title="bbox 599 3505 1625 4200">
    <p class='ocr_par' dir='ltr' id='par_1_5' title="bbox 602 3505 1288 3571">
     <span class='ocr_line' id='line_1_30' title="bbox 602 3505 1288 3571; baseline -0.003 -18"><span class='ocrx_word' id='word_1_233' title='bbox 602 3505 945 3571; x_wconf 59' lang='lat' dir='ltr'>d&#39;gnitatisque</span> <span class='ocrx_word' id='word_1_234' title='bbox 961 3506 1049 3571; x_wconf 80' lang='lat' dir='ltr'>e‘ps.</span> <span class='ocrx_word' id='word_1_235' title='bbox 1075 3509 1122 3555; x_wconf 76' lang='lat' dir='ltr'>J.</span> <span class='ocrx_word' id='word_1_236' title='bbox 1141 3509 1207 3552; x_wconf 79' lang='lat' dir='ltr'>V.</span> <span class='ocrx_word' id='word_1_237' title='bbox 1235 3508 1288 3552; x_wconf 81' lang='lat'>1..</span> 
     </span>
    </p>

    <p class='ocr_par' dir='ltr' id='par_1_6' title="bbox 603 3584 1625 3806">
     <span class='ocr_line' id='line_1_31' title="bbox 676 3584 1625 3649; baseline 0.004 -18"><span class='ocrx_word' id='word_1_238' title='bbox 676 3601 725 3644; x_wconf 79' lang='lat'>7.</span> <span class='ocrx_word' id='word_1_239' title='bbox 771 3585 832 3646; x_wconf 84' lang='lat' dir='ltr'>Q.</span> <span class='ocrx_word' id='word_1_240' title='bbox 877 3585 1094 3631; x_wconf 74' lang='lat' dir='ltr'>Metellus</span> <span class='ocrx_word' id='word_1_241' title='bbox 1140 3585 1318 3646; x_wconf 80' lang='lat' dir='ltr'>Nepos.</span> <span class='ocrx_word' id='word_1_242' title='bbox 1356 3584 1484 3632; x_wconf 80' lang='lat' dir='ltr'>Vide</span> <span class='ocrx_word' id='word_1_243' title='bbox 1532 3602 1625 3649; x_wconf 84' lang='lat' dir='ltr'>pro</span> 
     </span>
     <span class='ocr_line' id='line_1_32' title="bbox 603 3661 1623 3726; baseline 0.002 -15"><span class='ocrx_word' id='word_1_244' title='bbox 603 3663 789 3721; x_wconf 79' lang='lat' dir='ltr'>Sextio,</span> <span class='ocrx_word' id='word_1_245' title='bbox 808 3677 898 3726; x_wconf 75' lang='lat' dir='ltr'>cap</span> <span class='ocrx_word' id='word_1_246' title='bbox 929 3662 994 3708; x_wconf 78' lang='lat'>62</span> <span class='ocrx_word' id='word_1_247' title='bbox 1016 3678 1030 3719; x_wconf 75' lang='grc' dir='ltr'><strong>ς</strong></span> <span class='ocrx_word' id='word_1_248' title='bbox 1055 3672 1167 3726; x_wconf 79' lang='lat' dir='ltr'>post</span> <span class='ocrx_word' id='word_1_249' title='bbox 1194 3661 1424 3709; x_wconf 79' lang='lat' dir='ltr'>Reditum</span> <span class='ocrx_word' id='word_1_250' title='bbox 1455 3664 1506 3709; x_wconf 86' lang='lat' dir='ltr'>in</span> <span class='ocrx_word' id='word_1_251' title='bbox 1541 3667 1623 3713; x_wconf 86' lang='lat' dir='ltr'>Se·</span> 
     </span>
     <span class='ocr_line' id='line_1_33' title="bbox 604 3743 1621 3806; baseline 0.001 -16"><span class='ocrx_word' id='word_1_252' title='bbox 604 3753 720 3790; x_wconf 77' lang='lat' dir='ltr'>netu</span> <span class='ocrx_word' id='word_1_253' title='bbox 743 3775 760 3801; x_wconf 91' lang='lat'>,</span> <span class='ocrx_word' id='word_1_254' title='bbox 788 3755 834 3789; x_wconf 82' lang='lat' dir='ltr'>e.</span> <span class='ocrx_word' id='word_1_255' title='bbox 856 3756 889 3803; x_wconf 81' lang='lat'><em>9</em></span> <span class='ocrx_word' id='word_1_256' title='bbox 907 3751 956 3788; x_wconf 88' lang='lat' dir='ltr'>et</span> <span class='ocrx_word' id='word_1_257' title='bbox 980 3753 1070 3800; x_wconf 77' lang='lat'>¹03</span> <span class='ocrx_word' id='word_1_258' title='bbox 1103 3757 1195 3806; x_wconf 84' lang='lat' dir='ltr'>pro</span> <span class='ocrx_word' id='word_1_259' title='bbox 1216 3743 1381 3788; x_wconf 87' lang='lat' dir='ltr'>Domo</span> <span class='ocrx_word' id='word_1_260' title='bbox 1399 3758 1508 3799; x_wconf 75' lang='lat' dir='ltr'>sua,</span> <span class='ocrx_word' id='word_1_261' title='bbox 1529 3753 1621 3792; x_wconf 86' lang='lat' dir='ltr'>ete.</span> 
     </span>
    </p>

    <p class='ocr_par' dir='ltr' id='par_1_7' title="bbox 599 3817 1625 4200">
     <span class='ocr_line' id='line_1_34' title="bbox 674 3817 1622 3885; baseline 0.002 -17"><span class='ocrx_word' id='word_1_262' title='bbox 674 3817 724 3868; x_wconf 84' lang='grc'>8.</span> <span class='ocrx_word' id='word_1_263' title='bbox 763 3818 941 3867; x_wconf 67' lang='lat' dir='ltr'>Facitis</span> <span class='ocrx_word' id='word_1_264' title='bbox 987 3818 1098 3883; x_wconf 78' lang='lat' dir='ltr'>ipsi.</span> <span class='ocrx_word' id='word_1_265' title='bbox 1144 3820 1219 3869; x_wconf 83' lang='lat' dir='ltr'>Ne</span> <span class='ocrx_word' id='word_1_266' title='bbox 1259 3819 1520 3885; x_wconf 87' lang='lat' dir='ltr'>superbum</span> <span class='ocrx_word' id='word_1_267' title='bbox 1559 3822 1622 3870; x_wconf 85' lang='lat' dir='ltr'>sit</span> 
     </span>
     <span class='ocr_line' id='line_1_35' title="bbox 600 3897 1625 3964; baseline 0.003 -19"><span class='ocrx_word' id='word_1_268' title='bbox 600 3914 814 3946; x_wconf 76' lang='lat' dir='ltr'>amorem</span> <span class='ocrx_word' id='word_1_269' title='bbox 857 3897 1134 3962; x_wconf 70' lang='lat' dir='ltr'>reipublicae</span> <span class='ocrx_word' id='word_1_270' title='bbox 1169 3898 1261 3947; x_wconf 87' lang='lat' dir='ltr'>sibi</span> <span class='ocrx_word' id='word_1_271' title='bbox 1303 3915 1405 3964; x_wconf 73' lang='lat' dir='ltr'>prae</span> <span class='ocrx_word' id='word_1_272' title='bbox 1448 3901 1625 3949; x_wconf 86' lang='lat' dir='ltr'>ceteris</span> 
     </span>
     <span class='ocr_line' id='line_1_36' title="bbox 600 3976 1624 4041; baseline 0.002 -15"><span class='ocrx_word' id='word_1_273' title='bbox 600 3992 848 4041; x_wconf 74' lang='lat' dir='ltr'>arrogare,</span> <span class='ocrx_word' id='word_1_274' title='bbox 872 3994 975 4025; x_wconf 77' lang='lat' dir='ltr'>eam</span> <span class='ocrx_word' id='word_1_275' title='bbox 999 3976 1190 4025; x_wconf 75' lang='lat' dir='ltr'>leudem</span> <span class='ocrx_word' id='word_1_276' title='bbox 1209 3978 1514 4027; x_wconf 81' lang='lat' dir='ltr'>senston&#39;bus</span> <span class='ocrx_word' id='word_1_277' title='bbox 1535 3981 1624 4027; x_wconf 84' lang='lat' dir='ltr'>im·</span> 
     </span>
     <span class='ocr_line' id='line_1_37' title="bbox 599 4057 1622 4122; baseline 0 -17"><span class='ocrx_word' id='word_1_278' title='bbox 599 4057 775 4122; x_wconf 79' lang='lat' dir='ltr'>pettit,</span> <span class='ocrx_word' id='word_1_279' title='bbox 800 4068 857 4105; x_wconf 85' lang='lat' dir='ltr'>ut</span> <span class='ocrx_word' id='word_1_280' title='bbox 884 4068 933 4105; x_wconf 88' lang='lat' dir='ltr'>et</span> <span class='ocrx_word' id='word_1_281' title='bbox 959 4071 1126 4103; x_wconf 88' lang='lat' dir='ltr'>eorum</span> <span class='ocrx_word' id='word_1_282' title='bbox 1153 4057 1246 4104; x_wconf 81' lang='lat' dir='ltr'>sibi</span> <span class='ocrx_word' id='word_1_283' title='bbox 1275 4060 1474 4122; x_wconf 72' lang='lat' dir='ltr'>gretiam</span> <span class='ocrx_word' id='word_1_284' title='bbox 1503 4074 1622 4107; x_wconf 87' lang='lat' dir='ltr'>con-</span> 
     </span>
     <span class='ocr_line' id='line_1_38' title="bbox 599 4133 1617 4200; baseline 0.003 -16"><span class='ocrx_word' id='word_1_285' title='bbox 599 4135 761 4194; x_wconf 84' lang='lat' dir='ltr'>ciliet,</span> <span class='ocrx_word' id='word_1_286' title='bbox 805 4145 855 4184; x_wconf 86' lang='lat' dir='ltr'>et</span> <span class='ocrx_word' id='word_1_287' title='bbox 889 4133 1122 4184; x_wconf 67' lang='lat' dir='ltr'>invidiam</span> <span class='ocrx_word' id='word_1_288' title='bbox 1157 4150 1185 4182; x_wconf 78' lang='lat' dir='ltr'>s</span> <span class='ocrx_word' id='word_1_289' title='bbox 1224 4152 1275 4183; x_wconf 87' lang='lat' dir='ltr'>se</span> <span class='ocrx_word' id='word_1_290' title='bbox 1315 4136 1617 4200; x_wconf 79' lang='lat' dir='ltr'>deprecetur.</span> 
     </span>
    </p>
   </div>
   <div class='ocr_carea' id='block_1_5' title="bbox 1708 3509 2796 4206">
    <p class='ocr_par' dir='ltr' id='par_1_8' title="bbox 1709 3509 2776 3966">
     <span class='ocr_line' id='line_1_39' title="bbox 1790 3509 2755 3561; baseline 0.005 -6"><span class='ocrx_word' id='word_1_291' title='bbox 1790 3524 1867 3556; x_wconf 84' lang='lat'>10.</span> <span class='ocrx_word' id='word_1_292' title='bbox 1910 3509 1973 3557; x_wconf 80' lang='lat' dir='ltr'>Ee</span> <span class='ocrx_word' id='word_1_293' title='bbox 2003 3525 2209 3558; x_wconf 64' lang='lat' dir='ltr'>rursum.</span> <span class='ocrx_word' id='word_1_294' title='bbox 2237 3511 2419 3559; x_wconf 86' lang='lat' dir='ltr'>Pisone</span> <span class='ocrx_word' id='word_1_295' title='bbox 2448 3524 2501 3560; x_wconf 90' lang='lat' dir='ltr'>et</span> <span class='ocrx_word' id='word_1_296' title='bbox 2523 3511 2755 3561; x_wconf 67' lang='lat' dir='ltr'>Gabinio</span> 
     </span>
     <span class='ocr_line' id='line_1_40' title="bbox 1714 3587 2760 3651; baseline 0.006 -18"><span class='ocrx_word' id='word_1_297' title='bbox 1714 3587 2023 3644; x_wconf 80' lang='lat' dir='ltr'>oonsulibus,</span> <span class='ocrx_word' id='word_1_298' title='bbox 2060 3603 2211 3651; x_wconf 86' lang='lat' dir='ltr'>quum</span> <span class='ocrx_word' id='word_1_299' title='bbox 2250 3591 2385 3636; x_wconf 82' lang='lat' dir='ltr'>exire</span> <span class='ocrx_word' id='word_1_300' title='bbox 2430 3589 2496 3637; x_wconf 85' lang='lat' dir='ltr'>de</span> <span class='ocrx_word' id='word_1_301' title='bbox 2541 3590 2760 3638; x_wconf 72' lang='lat' dir='ltr'>civit-te</span> 
     </span>
     <span class='ocr_line' id='line_1_41' title="bbox 1711 3666 2769 3733; baseline 0.007 -20"><span class='ocrx_word' id='word_1_302' title='bbox 1711 3666 1910 3729; x_wconf 77' lang='lat' dir='ltr'>maluit,</span> <span class='ocrx_word' id='word_1_303' title='bbox 1949 3684 2093 3733; x_wconf 75' lang='lat' dir='ltr'>qnam</span> <span class='ocrx_word' id='word_1_304' title='bbox 2133 3670 2473 3729; x_wconf 84' lang='lat' dir='ltr'>committere,</span> <span class='ocrx_word' id='word_1_305' title='bbox 2512 3682 2566 3719; x_wconf 88' lang='lat' dir='ltr'>ut</span> <span class='ocrx_word' id='word_1_306' title='bbox 2610 3671 2769 3720; x_wconf 71' lang='lat' dir='ltr'>boui</span> 
     </span>
     <span class='ocr_line' id='line_1_42' title="bbox 1710 3746 2771 3815; baseline 0.005 -21"><span class='ocrx_word' id='word_1_307' title='bbox 1710 3762 1820 3794; x_wconf 88' lang='lat' dir='ltr'>cum</span> <span class='ocrx_word' id='word_1_308' title='bbox 1848 3748 2084 3812; x_wconf 75' lang='lat' dir='ltr'>improbis</span> <span class='ocrx_word' id='word_1_309' title='bbox 2113 3746 2417 3797; x_wconf 70' lang='lat' dir='ltr'>dimicarent.</span> <span class='ocrx_word' id='word_1_310' title='bbox 2454 3752 2527 3798; x_wconf 88' lang='lat' dir='ltr'>De</span> <span class='ocrx_word' id='word_1_311' title='bbox 2555 3767 2606 3798; x_wconf 73' lang='lat' dir='ltr'>re</span> <span class='ocrx_word' id='word_1_312' title='bbox 2628 3751 2771 3815; x_wconf 66' lang='lat' dir='ltr'>ipen</span> 
     </span>
     <span class='ocr_line' id='line_1_43' title="bbox 1709 3824 2776 3895; baseline 0.01 -25"><span class='ocrx_word' id='word_1_313' title='bbox 1709 3824 1823 3874; x_wconf 82' lang='lat' dir='ltr'>vide</span> <span class='ocrx_word' id='word_1_314' title='bbox 1865 3843 1956 3892; x_wconf 85' lang='lat' dir='ltr'>pro</span> <span class='ocrx_word' id='word_1_315' title='bbox 2000 3829 2161 3875; x_wconf 88' lang='lat' dir='ltr'>Domo</span> <span class='ocrx_word' id='word_1_316' title='bbox 2184 3861 2198 3884; x_wconf 90' lang='lat'>,</span> <span class='ocrx_word' id='word_1_317' title='bbox 2238 3844 2334 3892; x_wconf 85' lang='lat' dir='ltr'>pro</span> <span class='ocrx_word' id='word_1_318' title='bbox 2374 3829 2606 3892; x_wconf 74' lang='lat' dir='ltr'>Plancio,</span> <span class='ocrx_word' id='word_1_319' title='bbox 2645 3847 2776 3895; x_wconf 75' lang='lat' dir='ltr'>pm</span> 
     </span>
     <span class='ocr_line' id='line_1_44' title="bbox 1710 3905 2244 3966; baseline 0.002 -13"><span class='ocrx_word' id='word_1_320' title='bbox 1710 3905 1876 3953; x_wconf 79' lang='lat' dir='ltr'>Sextio</span> <span class='ocrx_word' id='word_1_321' title='bbox 1892 3939 1908 3966; x_wconf 87' lang='lat'><em>‚</em></span> <span class='ocrx_word' id='word_1_322' title='bbox 1930 3907 1979 3952; x_wconf 86' lang='lat' dir='ltr'>in</span> <span class='ocrx_word' id='word_1_323' title='bbox 2005 3906 2244 3955; x_wconf 76' lang='lat' dir='ltr'>Pisonem.</span> 
     </span>
    </p>

    <p class='ocr_par' dir='ltr' id='par_1_9' title="bbox 1708 3983 2796 4206">
     <span class='ocr_line' id='line_1_45' title="bbox 1787 3983 2787 4048; baseline 0.008 -18"><span class='ocrx_word' id='word_1_324' title='bbox 1787 3999 1864 4032; x_wconf 76' lang='grc' dir='ltr'>ιι.</span> <span class='ocrx_word' id='word_1_325' title='bbox 1910 3983 2059 4048; x_wconf 80' lang='lat' dir='ltr'>Quod</span> <span class='ocrx_word' id='word_1_326' title='bbox 2078 3984 2276 4035; x_wconf 79' lang='lat' dir='ltr'>volem.</span> <span class='ocrx_word' id='word_1_327' title='bbox 2299 4021 2311 4034; x_wconf 90' lang='lat'>.</span> <span class='ocrx_word' id='word_1_328' title='bbox 2333 4024 2347 4036; x_wconf 92' lang='lat'>.</span> <span class='ocrx_word' id='word_1_329' title='bbox 2380 3987 2596 4035; x_wconf 71' lang='lat' dir='ltr'>homines</span> <span class='ocrx_word' id='word_1_330' title='bbox 2633 3991 2787 4038; x_wconf 62' lang='grc' dir='ltr'>ατ·-</span> 
     </span>
     <span class='ocr_line' id='line_1_46' title="bbox 1708 4061 2795 4117; baseline 0.009 -10"><span class='ocrx_word' id='word_1_331' title='bbox 1708 4061 1914 4110; x_wconf 75' lang='lat' dir='ltr'>su&#39;menc.</span> <span class='ocrx_word' id='word_1_332' title='bbox 1951 4062 2088 4110; x_wconf 81' lang='lat' dir='ltr'>Plato</span> <span class='ocrx_word' id='word_1_333' title='bbox 2114 4062 2167 4109; x_wconf 87' lang='lat' dir='ltr'>in</span> <span class='ocrx_word' id='word_1_334' title='bbox 2194 4062 2435 4115; x_wconf 83' lang='lat' dir='ltr'>Critone:</span> <span class='ocrx_word' id='word_1_335' title='bbox 2463 4089 2487 4108; x_wconf 78' lang='grc' dir='ltr'>ιι</span> <span class='ocrx_word' id='word_1_336' title='bbox 2503 4066 2622 4114; x_wconf 73' lang='lat' dir='ltr'>Non</span> <span class='ocrx_word' id='word_1_337' title='bbox 2664 4085 2795 4117; x_wconf 77' lang='lat' dir='ltr'>eu·</span> 
     </span>
     <span class='ocr_line' id='line_1_47' title="bbox 1708 4140 2796 4206; baseline 0.009 -20"><span class='ocrx_word' id='word_1_338' title='bbox 1708 4140 1913 4188; x_wconf 73' lang='lat' dir='ltr'>undum</span> <span class='ocrx_word' id='word_1_339' title='bbox 1933 4150 2007 4189; x_wconf 83' lang='lat' dir='ltr'>est</span> <span class='ocrx_word' id='word_1_340' title='bbox 2030 4140 2151 4206; x_wconf 85' lang='lat' dir='ltr'>quid</span> <span class='ocrx_word' id='word_1_341' title='bbox 2180 4141 2359 4192; x_wconf 81' lang='lat' dir='ltr'>dicturi</span> <span class='ocrx_word' id='word_1_342' title='bbox 2378 4145 2475 4193; x_wconf 80' lang='lat' dir='ltr'>sint</span> <span class='ocrx_word' id='word_1_343' title='bbox 2499 4144 2561 4192; x_wconf 82' lang='lat' dir='ltr'>de</span> <span class='ocrx_word' id='word_1_344' title='bbox 2586 4148 2796 4197; x_wconf 66' lang='lat' dir='ltr'>nohis</span> 
     </span>
    </p>
   </div>
  </div>
 </body>
</html>
