2994 4778
674 414 765 484 70
1286 387 1378 452 M.
1426 387 1503 452 T.
1571 381 2147 451 CICERONIS

668 532 890 580 ranus
914 518 972 549 ¹²
1012 506 1102 576 ab
1137 519 1372 581 aratro
1392 559 1412 592 ‚
1457 502 1581 575 sed
1616 527 1705 574 ex
1739 500 2021 572 deserto
2062 498 2261 570 Gavii
2292 496 2480 569 Oleli
2514 496 2778 567 horreo

676 617 913 690 calatis
964 611 1309 710 granis¹³,
1367 615 1439 684 in
1477 613 1833 683 Calatinos
1867 607 2144 680 Attilios
2194 609 2490 692 insituS‚
2540 606 2779 676 subito

675 725 1091 798 nominibus
1143 726 1218 794 in
1265 722 1629 797 tabulas¹4
1673 721 1948 806 relati3‚
1992 741 2258 790 nomen
2294 740 2508 786 suum
2547 713 2641 786 de
2683 730 2783 785 ta-

677 836 848 907 bula
883 834 1217 909 sustulit.-

773 947 1090 1019 Veniunt
1114 939 1431 1015 kalendae
1460 940 1761 1035 januarii
1782 934 1866 1009 ¹⁵.
1898 943 2045 1010 Vos
2068 937 2223 1008 haec
2248 932 2576 1006 melius¹⁶
2608 937 2790 1005 scire

678 1057 1012 1154 potestis3
1056 1050 1390 1149 equidem
1448 1050 1688 1122 audita
1737 1049 1944 1119 dico:
1983 1071 2143 1144 quae
2179 1061 2332 1116 tum
2382 1044 2792 1141 frequentia

680 1171 1069 1247 senatus¹⁷,
1111 1186 1270 1258 quae
1305 1161 1738 1259 exspectatio
1772 1158 2060 1259 populi,
2095 1158 2223 1254 qui
2261 1177 2656 1227 concursus
2693 1154 2794 1223 le-

680 1287 1008 1369 gatorum
1047 1295 1133 1343 ex
1168 1270 1371 1343 Italia
1404 1283 1698 1354 cuncta,
1735 1293 1894 1364 quae
1927 1269 2186 1351 virtus,
2236 1268 2460 1350 acti0‚
2494 1266 2797 1360 gravitas

680 1387 754 1452 P.
815 1381 1101 1453 Lentuli
1156 1380 1467 1451 consulis
1514 1378 1770 1465 fuerit,
1829 1401 1989 1473 quae
2038 1378 2250 1446 etiam
2301 1372 2589 1469 collegae
2641 1373 2800 1466 ejus

686 1490 1082 1563 moderatio
1102 1483 1164 1535 ¹⁸
1192 1488 1283 1561 de
1312 1513 1467 1576 me3
1505 1491 1630 1585 qui
1654 1508 1890 1584 'quum
1919 1485 2317 1555 inimicitias
2351 1482 2488 1553 sibi
2513 1506 2802 1553 mecum

765 1671 845 1703 12.
883 1656 1134 1701 Serranus·
1153 1654 1225 1700 Do
1252 1653 1365 1700 Sex·
1388 1653 1561 1700 Attffio
1589 1654 1699 1699 Ser·
1785 1658 1900 1705 feste
1923 1658 1974 1704 iu
1998 1655 2247 1705 codicibus
2271 1666 2504 1721 apparent
2514 1636 2536 1716 ,.
2554 1666 2804 1720 receptum

690 1750 810 1783 rano
836 1733 1086 1796 loquitur:
1118 1748 1263 1796 quem
1298 1748 1359 1779 ne
1389 1732 1600 1795 putetis,
1627 1730 1703 1779 in·
1750 1797 1753 1800 ἢ
1785 1736 1903 1784 velit
1923 1736 2196 1783 Perizonius
2218 1735 2360 1782 Gavii
2379 1722 2641 1798 Coepe'onis,
2670 1734 2807 1797 quod

691 1814 825 1876 quit,
843 1812 962 1861 caio
981 1811 1292 1871 illiSerrano,
1312 1826 1456 1874 quem
1470 1819 1704 1858 terentem
1787 1814 1909 1863 infra
1938 1814 2134 1862 duilius
2163 1813 2393 1865 Gavim’m
2432 1824 2652 1861 vocatur.
2694 1814 2808 1862 Jac-

694 1891 798 1939 dati
826 1891 1034 1938 honores
1070 1891 1384 1946 invenerunt,
1418 1887 1707 1952 praestantis·
1793 1895 2068 1942 Gronovim
2104 1893 2221 1956 legit
2263 1915 2285 1935 .
2309 1909 2368 1939 ex
2408 1892 2599 1940 deserto
2642 1892 2814 1938 Granii

694 1972 816 2018 sitne
844 1971 950 2016 viro
968 2002 984 2030 ‚
1014 1969 1215 2017 similem
1242 1986 1341 2016 esee
1362 1983 1375 2016 :
1403 1984 1505 2016 non
1538 1966 1620 2014 1²30
1646 1966 1707 2014 ab
1793 1974 1896 2021 Leti
1916 1988 1998 2019 ore
2015 1988 2040 2019 a
2063 1972 2226 2020 calatis
2250 1974 2408 2035 granis
2431 1994 2484 2031 n,
2509 1972 2576 2018 ita
2601 1981 2658 2018 ut
2687 1972 2816 2018 Gra-

694 2050 785 2099 illo
813 2049 1040 2105 Serrano,
1069 2050 1207 2110 cujus
1235 2063 1504 2111 cognomen
1532 2046 1676 2094 refert
1689 2080 1706 2102 ,
1799 2052 1909 2099 nius
1924 2050 2004 2097 ille
2023 2052 2165 2097 Lem,
2183 2065 2346 2115 praeco
2365 2051 2429 2098 sit
2451 2050 2642 2097 Serrani
2661 2060 2817 2113 pater.

700 2128 932 2191 originem
961 2127 1250 2185 ducitzsed,
1278 2142 1430 2190 quum
1457 2125 1601 2174 Gavii
1624 2140 1710 2171 eu·
1769 2129 1949 2193 'Quod
1989 2128 2237 2191 quomodo
2281 2127 2425 2175 latine
2476 2126 2580 2175 fieri
2631 2129 2822 2193 possit,

697 2205 888 2268 jusdam
915 2205 1040 2254 Oleli
1066 2204 1194 2253 filius
1225 2216 1347 2253 esset
1365 2239 1380 2264 ,
1408 2205 1468 2252 ab
1496 2204 1634 2267 inopi
1658 2218 1714 2250 ac
1798 2209 1994 2265 nescim
2043 2205 2293 2270 quomodo
2346 2205 2615 2274 explicari,
2673 2206 2823 2271 plane

700 2300 857 2333 vacuo
883 2284 1032 2349 patris
1058 2284 1232 2333 horreo
1263 2285 1314 2332 in
1334 2283 1552 2332 Attiliam
1573 2282 1717 2330 fami-
1803 2287 1989 2337 dubito,
2378 2344 2383 2349 θ

703 2364 820 2413 liam
842 2379 930 2430 per
946 2364 1254 2428 adoptionem
1275 2365 1480 2413 transiit.
1877 2376 1956 2424 14.
1998 2368 2056 2414 In
2106 2363 2311 2412 tabulas.
2359 2363 2522 2427 Quum
2562 2363 2733 2414 subito
2777 2375 2828 2413 et

782 2446 860 2493 13.
892 2442 1073 2492 Calatis
1092 2445 1277 2510 granis.
1301 2444 1492 2491 Aeerbo
1516 2444 1632 2503 joco
1656 2439 1719 2487 ad
1806 2456 1980 2511 praeter
2033 2442 2249 2491 omnium
2310 2443 2590 2507 opinionem
2648 2444 2829 2492 tabulis

708 2522 876 2570 calata
903 2522 1096 2570 comitia
1124 2522 1365 2580 alluditur,
1384 2522 1561 2585 quibus
1579 2518 1721 2566 adro-
1813 2538 2064 2571 censorum
2107 2537 2191 2568 sua
2235 2520 2430 2569 nomina
2474 2525 2584 2570 Sex.
2622 2523 2832 2571 Attilius

711 2601 840 2666 gatio
875 2600 1021 2649 fiebat
1043 2600 1173 2665 apud
1201 2599 1474 2665 pontifices.
1506 2601 1566 2646 Δ.
1594 2595 1720 2644 Gen.
1809 2604 2037 2650 Serranus
2061 2600 2335 2647 inseruisset
2354 2633 2369 2658 ,
2398 2615 2573 2648 nomen
2601 2617 2746 2648 suum
2771 2617 2835 2650 ex

709 2683 826 2738 XV·
858 2697 942 2741 27·
977 2682 1070 2728 Pro
1105 2696 1164 2728 eo
1196 2680 1361 2743 igitur,
1391 2675 1529 2741 quod
1560 2673 1724 2721 calatis
1810 2678 1969 2728 tabula
2010 2676 2409 2741 promulgationis
2455 2678 2686 2738 sustulit,
2740 2696 2836 2728 nee

713 2759 923 2807 comitiis
956 2758 989 2804 ii
1025 2758 1332 2821 adoptantur,
1376 2757 1459 2819 qui
1499 2752 1575 2801 sui
1604 2751 1726 2812 iuris
1810 2759 1936 2805 inter
1964 2768 2232 2804 ceterorum
2264 2756 2567 2804 tribunorum
2603 2758 2839 2821 promul-

717 2831 862 2897 sunt,
900 2837 1153 2883 Serranum
1191 2834 1324 2882 hune
1369 2832 1533 2879 calatis
1572 2831 1729 2893 granis
1814 2836 2027 2900 gauium
2078 2834 2235 2897 legem
2271 2834 2331 2881 de
2379 2834 2627 2882 Ciceronis
2673 2836 2847 2898 reditu

717 2914 1001 2977 adoptatum
1028 2912 1175 2969 dicit,
1211 2924 1267 2959 ut
1297 2909 1585 2974 significaret
1618 2925 1731 2955 eum
1813 2915 1907 2977 legi
1929 2912 2098 2961 voluit.
2121 2911 2261 2960 Putat
2282 2921 2441 2959 autem
2461 2912 2656 2961 Schiita.
2683 2932 2845 2978 quum

720 2992 850 3040 inter
873 3007 1014 3055 grana
1036 3001 1084 3038 et
1100 2991 1152 3038 in
1171 2991 1349 3039 horreo
1372 2989 1521 3053 patris
1545 2987 1731 3035 deserto
1816 3002 2005 3055 emptus
2026 2989 2189 3037 suisset
2208 3006 2235 3037 a
2252 2989 2501 3037 Clodianis
2516 2992 2721 3040 Attilius
2734 3031 2750 3053 ,
2782 2995 2849 3043 de

719 3081 770 3119 et
806 3087 977 3135 parum
1014 3071 1218 3134 copioso
1255 3069 1541 3125 educatum,
1580 3067 1647 3114 ita
1680 3077 1734 3113 ut
1817 3070 2093 3118 nominibus
2125 3069 2177 3116 h.
2205 3069 2240 3115 l.
2266 3068 2344 3132 agi
2370 3068 2422 3116 in
2450 3070 2638 3118 tabulas
2664 3089 2852 3136 argen-

718 3150 875 3198 calare
915 3166 955 3198 s.
995 3165 1245 3197 numerare
1280 3164 1422 3212 grana
1463 3156 1653 3210 posset,
1687 3156 1736 3193 et
1819 3149 2050 3198 tat-iorum
2112 3148 2273 3195 relatis
2290 3181 2305 3205 ,
2355 3163 2418 3196 ne
2467 3165 2605 3197 suum
2656 3167 2852 3201 nomen

719 3230 835 3277 inde
853 3245 939 3294 per
957 3227 1274 3292 adoptionem
1297 3228 1349 3275 in
1378 3227 1594 3276 Attiliam
1622 3241 1734 3289 geu·
1820 3227 2142 3277 subscriberet
2172 3227 2221 3273 in
2264 3226 2452 3287 tabula,
2497 3229 2548 3275 iu
2588 3246 2684 3293 qua
2732 3249 2855 3281 cam

723 3317 821 3354 tem
861 3317 1058 3369 repente
1088 3308 1312 3361 insitum,
1356 3306 1555 3352 minime
1582 3316 1739 3351 tamen
1824 3307 1993 3355 ceteris
2013 3305 2217 3353 tribunis
2244 3304 2310 3367 pl.
2329 3304 2389 3351 de
2407 3305 2564 3354 reditu
2587 3309 2859 3361 Ciceronis

727 3400 858 3443 esse,
889 3384 967 3431 vel
1004 3384 1219 3431 moribus
1238 3394 1284 3430 et
1307 3383 1501 3445 ingenio
1520 3383 1738 3430 Attilium
1824 3394 1944 3433 esset
1970 3383 2346 3449 promulgatum.

728 3461 868 3509 illum
897 3462 1151 3509 Serranum
1178 3461 1352 3508 referre
1378 3461 1461 3523 qni
1497 3460 1560 3506 ab
1583 3471 1740 3509 aratro
1865 3473 1868 3480 ’
1903 3464 1962 3510 15
1972 3497 1983 3509 .
2024 3463 2263 3510 Kalendoe
2297 3463 2546 3528 januarii.
2600 3467 2723 3529 Quo
2774 3471 2863 3518 die

729 3539 794 3587 ad
821 3540 1128 3588 consulatum
1154 3541 1306 3586 fuerat
1330 3549 1545 3585 vocatus.
1582 3538 1745 3587 Genus
1826 3529 2151 3604 magistratum
2178 3540 2400 3588 consules
2424 3541 2632 3591 inibant.

732 3628 806 3666 est
839 3618 942 3679 joci
981 3633 1045 3666 ex
1076 3618 1435 3681 inopinatorum
1464 3632 1663 3680 genere,
1697 3630 1749 3666 et
1909 3620 1988 3668 16.
2035 3618 2207 3668 Melius
2249 3619 2390 3669 scire.
2437 3622 2560 3668 Nam
2604 3637 2702 3685 ego
2752 3636 2866 3674 tum

732 3695 862 3743 aliud
890 3711 1034 3759 quam
1058 3695 1423 3759 exspectabatur
1447 3712 1508 3741 ex
1532 3696 1746 3757 praemis·
1830 3698 2017 3747 aberam
2040 3713 2055 3749 ε
2081 3714 2170 3745 vos
2195 3698 2415 3746 affuistis.

733 3777 827 3832 ais,
850 3774 1260 3831 denuntiantium3
1278 3774 1361 3836 qui
1379 3774 1554 3822 modus
1574 3774 1748 3838 saepins
1913 3793 1991 3837 ¹7·
2035 3775 2325 3839 quuencia
2350 3788 2558 3825 senatus.
2588 3779 2770 3841 Quum
2806 3800 2868 3832 eo

732 3853 795 3902 ab
849 3852 1175 3917 Aristophane
1225 3864 1479 3916 usurpatus
1530 3852 1749 3916 plurimis
1833 3854 1910 3902 die
1957 3854 2018 3902 de
2056 3854 2285 3903 Cicerone
2329 3866 2490 3903 actum
2535 3857 2599 3904 iri
2645 3861 2868 3911 Iaeutulo

737 3943 892 3981 scatet
909 3930 1213 3994 ambagibus,
1232 3947 1320 3978 nec
1340 3931 1570 3995 optime-a
1588 3948 1750 3980 recen·
1834 3932 2030 3980 consule
2050 3948 2148 3979 non
2171 3932 2460 3995 ignorarent.

735 4010 942 4058 tion-ibus
989 4020 1151 4072 potest
1197 4010 1435 4059 aestimari.
1492 4037 1565 4046 —
1615 4013 1748 4059 Loco
1911 4011 1991 4058 18.
2045 4009 2335 4058 Moderatio.
2393 4013 2558 4074 Quum
2616 4016 2753 4065 enim
2804 4023 2871 4083 Q.

738 4088 878 4139 Gavii
894 4087 1033 4150 Oleli,
1055 4104 1162 4153 quae
1184 4088 1330 4140 verba
1346 4106 1449 4138 non
1470 4091 1585 4138 satis
1599 4089 1750 4138 mani·
1834 4089 2058 4140 Metellus
2092 4100 2139 4137 et
2170 4090 2226 4139 P.
2254 4089 2417 4138 Clodii
2452 4091 2603 4143 frater
2629 4109 2796 4165 esset,
2824 4110 2874 4148 et
