2994 4778
672 420 1052 489 ORATIO
1104 395 1303 495 PRo
1354 428 1429 493 L.
1471 431 1549 497 c.
1599 432 1949 500 BALBo.
2232 437 2367 535 317

246 555 520 637 potest,
568 563 847 637 neque,
890 542 949 611 si
992 543 1208 632 velit,
1274 562 1557 620 mutare
1603 575 1754 621 non
1801 554 2102 650 potest³,
2143 561 2366 633 modo

245 649 683 721 adsciscatur
710 649 802 722 ab
831 676 915 722 ea
952 653 1236 726 civitate
1255 709 1276 742 ,
1314 657 1521 751 cujus
1548 683 1704 731 esse
1727 686 1804 733 se
1829 664 2128 738 civitatis
2149 671 2359 743 velit:

243 774 369 845 ut,
409 764 466 828 si
531 759 868 830 Gaditani
923 762 1260 834 sciverint
1309 770 1738 840 nominatim
1783 771 1874 843 de
1914 773 2158 871 aliquo
2215 783 2365 855 cive

242 894 582 957 roman0,
620 884 704 940 ut
743 872 834 940 sit
862 871 922 942 is
964 873 1578 949 civisGaditanus
1599 932 1618 965 ,
1648 905 1905 976 magna
1932 900 2246 981 potestas
2277 897 2368 964 sit

238 995 496 1051 nostro
517 981 653 1051 civi
683 980 1042 1053 mutandae
1071 985 1373 1055 civitatis
1391 1041 1409 1072 ,
1442 1012 1578 1058 nec
1604 987 1876 1063 foedere
1902 994 2358 1093 impediatur,

230 1119 389 1190 quo
420 1099 665 1165 minus
696 1119 780 1165 ex
807 1095 959 1166 cive
980 1121 1285 1169 romano
1307 1101 1476 1172 civis
1508 1103 1902 1178 Gaditanus
1928 1115 2155 1206 possit
2181 1138 2359 1188 esse.

230 1208 562 1274 Duarum
596 1205 967 1274 civitatum
990 1207 1160 1276 civis
1183 1232 1370 1292 esse,
1413 1223 1666 1283 nostro
1686 1215 1850 1307 jure
1882 1219 2111 1307 civili,
2147 1248 2365 1298 nemo

229 1323 477 1405 potest
511 1336 527 1377 ε
571 1335 719 1381 non
758 1337 911 1385 esse
951 1313 1171 1408 hujus
1206 1318 1511 1390 civitatis
1547 1315 1918 1422 civis‚‘qui
1945 1354 2021 1400 se
2056 1332 2172 1403 alii
2202 1338 2368 1407 civi-

232 1421 362 1490 tati
397 1419 697 1507 dicarit,
732 1437 992 1518 potest.
1027 1427 1284 1522 Neque
1325 1428 1560 1499 solum
1608 1430 2004 1523 dicatioue,
2043 1444 2244 1536 quod
2281 1449 2357 1520 in

231 1530 639 1600 calamitate
694 1531 1098 1605 clarissimis
1138 1537 1304 1607 viris
1340 1540 1428 1627 Q.
1471 1543 1787 1614 Maximo
1817 1543 1886 1631 4,
1934 1551 2009 1619 C.
2049 1556 2360 1646 Laenati,

233 1642 325 1727 Q.
362 1639 701 1738 Philippo
740 1644 1094 1733 Nuceriae,
1151 1649 1230 1717 C.
1297 1650 1555 1718 Catoni
1599 1656 2036 1746 Tarracone,
2073 1665 2176 1753 Q.›
2220 1668 2366 1737 (3ae-

232 1751 471 1846 pioni‚
505 1755 583 1821 P.
612 1751 881 1822 Rutilio
910 1758 1226 1850 Smyrnae
1253 1756 1564 1831 vidimus
1598 1764 1931 1838 accidisse
1952 1823 1971 1854 ‚
1999 1786 2082 1841 ut
2114 1798 2362 1849 earum

231 1861 607 1931 civitatum
657 1858 914 1934 fierent
955 1865 1179 1953 cives,
1216 1865 1404 1939 hanc
1446 1887 1614 1942 ante
1651 1876 1977 1949 amittere
2025 1906 2177 1953 non
2233 1911 2360 1985 po-

232 1971 544 2040 tuissent
560 1959 614 2059 5,
657 1996 874 2069 quam
925 1972 1140 2067 hujus
1177 1976 1412 2048 solum
1450 1981 1749 2054 civitatis
1776 1991 2175 2064 mutatione
2211 2021 2367 2069 ver-

234 2082 491 2151 tissent
536 2107 559 2149 :.
619 2080 746 2151 sed
788 2084 999 2153 etiam
1043 2085 1536 2181 postliminio⁶
1579 2107 1820 2187 potest
1870 2097 2167 2172 civitatis
2202 2104 2359 2181 fieri

232 2190 562 2260 mutatio.
604 2193 860 2286 Neque
892 2194 1086 2263 enim
1119 2199 1274 2267 sine
1318 2221 1529 2269 causa
1556 2199 1646 2271 de
1683 2205 1813 2273 Cn.
1855 2205 2178 2282 Publicio
2211 2219 2362 2289 Me-

238 2298 927 2386 nandr0,.libertino
955 2302 1287 2392 homine,
1326 2331 1550 2404 quern
1587 2310 1780 2408 apud
1813 2315 2119 2409 majores
2147 2321 2358 2422 legati

239 2413 465 2481 nostri
502 2411 583 2479 in
628 2413 969 2482 Graeciam
1010 2413 1553 2509 proficiscentes
1598 2421 2070 2520 interpretem
2116 2455 2359 2510 secum

244 2518 514 2591 habere
539 2519 934 2592 voiuerunt
953 2576 972 2607 ‚
1002 2523 1089 2594 ad
1129 2526 1480 2622 populum
1505 2527 1751 2615 latum,
1782 2547 1865 2603 ut
1889 2535 1949 2604 is
1979 2536 2364 2633 Publicius,

232 2632 293 2699 si
327 2630 680 2701 domum⁷
719 2632 1145 2719 revenisset,
1182 2650 1254 2706 et
1297 2635 1466 2708 inde
1503 2642 1810 2710 Romam
1858 2641 2218 2737 rediisset,
2266 2678 2360 2726 ne

227 2810 326 2849 ens.
364 2801 498 2848 Vide
531 2801 636 2848 fuss
660 2816 752 2864 pro
780 2802 942 2851 Domo
970 2819 1082 2863 sua,
1111 2821 1155 2852 c.
1185 2821 1252 2868 29

224 2880 905 2944 etso,etproCaeciunc.
930 2882 992 2930 33
1019 2882 1082 2929 ad
1105 2884 1190 2932 35.

1341 2808 1418 2857 dis
1445 2809 1700 2860 damnatus
1724 2811 1856 2860 ultro
1884 2813 2056 2863 exsilio
2082 2833 2135 2866 se
2163 2822 2361 2875 mulcta·

1339 2890 1442 2948 vit3
1477 2892 1544 2953 Q.
1573 2892 1740 2955 Caepio
1767 2893 1981 2954 ejusdem
2010 2899 2224 2949 criminis
2251 2920 2362 2955 rens

302 2959 354 3008 3.
402 2959 578 3020 Neque
593 2990 610 3017 ,
647 2958 693 3005 si
726 2960 872 3017 velie,
916 2970 1111 3007 mutare
1153 2977 1251 3027 non

212 3048 410 3102 potest.
447 3039 523 3083 lta
553 3048 625 3084 est
668 3037 963 3100 iri-vulgatis
984 3072 1001 3096 ‚
1043 3050 1093 3087 et
1128 3051 1253 3103 puto

219 3128 363 3165 recte
383 3132 400 3164 ε
424 3118 545 3165 Aut.
563 3116 863 3179 Augustinus
881 3117 999 3182 legit
1012 3152 1028 3177 ‚
1048 3138 1075 3161 ιι
1095 3135 1254 3182 neque

218 3198 264 3244 si
296 3196 420 3244 velit
446 3210 554 3243 nou
579 3207 762 3244 mamre
790 3212 893 3245 non
927 3209 1088 3260 potest
1110 3218 1132 3241 ι
1159 3213 1175 3247 2
1199 3199 1253 3246 iu

218 3292 327 3340 qno
352 3275 493 3323 idem
520 3276 665 3322 sentit
695 3291 806 3322 curu
831 3276 968 3333 aliis,
996 3277 1085 3325 scd
1111 3289 1254 3341 putat

220 3373 328 3404 non
350 3372 505 3420 posse
535 3353 663 3401 idem
684 3355 851 3402 sentiri
878 3356 981 3403 siue
1002 3356 1089 3403 illo
1110 3373 1210 3403 non
1233 3374 1253 3404 .·

215 3437 361 3500 atqui
389 3434 434 3483 si
471 3434 544 3480 iu
571 3448 672 3481 non
700 3433 1040 3498 interpuugat‚
1070 3434 1253 3483 videbit

215 3526 497 3578 non‘opus
530 3528 633 3560 csse
660 3528 759 3560 non
780 3528 800 3558 .·
824 3534 851 3553 σι
879 3529 1036 3577 usque
1065 3513 1107 3560 si
1136 3514 1253 3565 velit

214 3607 415 3642 mutare
434 3607 542 3640 nou
561 3602 724 3654 potest
743 3612 787 3637 u.

292 3684 345 3728 4.
388 3672 451 3733 Q.
489 3669 732 3717 Maximo.
768 3672 1028 3734 Ignoratur
1053 3687 1251 3735 prorsus

210 3755 431 3802 historia
474 3753 540 3813 Q.
580 3751 798 3809 Maximi,
833 3760 883 3798 et
921 3750 983 3812 Q.
1016 3750 1246 3815 Philippi.

204 3838 273 3885 P.
306 3833 540 3897 Popilius
570 3834 754 3891 Laenns,
777 3830 851 3878 vir
876 3829 1170 3883 consularis.
1197 3832 1250 3879 iu

205 3915 455 3963 exsilium
490 3911 596 3975 lege
619 3911 674 3960 C.
708 3909 915 3958 Gracchi
943 3909 1110 3974 pulsus
1149 3921 1249 3970 est,

205 4004 260 4041 et
284 3990 482 4039 deinde
510 3990 559 4036 in
580 3990 784 4054 patriam
807 4000 1092 4049 revocatus,
1109 4000 1167 4037 ut
1188 4007 1250 4038 ex

204 4070 541 4121 orationibus
568 4080 698 4134 patet
717 4103 734 4128 ,
767 4080 880 4132 post
914 4069 1038 4118 ned.
1068 4071 1119 4117 iu
1145 4085 1249 4117 seu.

214 4168 233 4198 ι
248 4154 281 4199 5
298 4185 315 4208 ,
340 4148 415 4196 ιι]
439 4150 616 4211 Quirit.
640 4147 689 4198 3.
718 4150 776 4197 C.
797 4151 921 4198 catu
941 4148 1001 4196 de
1022 4161 1248 4212 repetun-

1341 2982 1485 3028 poeua
1521 2969 1615 3016 fuit
1642 2971 1809 3019 eadem
1834 2973 2043 3024 afflictus
2060 3010 2077 3037 ,
2106 2990 2360 3045 postquam

1343 3046 1549 3095 Galliam
1574 3048 1950 3110 gubernavisset.
1977 3058 2163 3120 Saepius
2184 3062 2237 3107 in
2255 3064 2363 3113 aliis

1342 3126 1645 3174 orationibus
1671 3128 1731 3176 de
1756 3132 1815 3178 Ρ.
1842 3132 2032 3181 Rutilio
2065 3142 2249 3188 mentio
2274 3141 2332 3192 fit
2349 3177 2364 3203 ‚

1342 3203 1426 3265 qui
1456 3216 1727 3268 postquam
1759 3208 1821 3255 ab
1859 3212 2106 3274 equitibus
2150 3225 2361 3271 romanis

1340 3297 1485 3344 poeua
1505 3283 1598 3331 fuit
1615 3286 1878 3336 mulctatus
1900 3289 2090 3354 iniqua,
2115 3295 2170 3343 iu
2194 3300 2359 3350 Asiam

1342 3362 1595 3425 confugit,
1620 3363 1706 3411 ubi
1724 3365 1980 3430 imperinm
2000 3372 2247 3429 habuerat.

1415 3441 1463 3490 5.
1486 3439 1684 3490 Schiitz.
1706 3445 1852 3493 verba
1875 3447 1964 3496 ista
1980 3484 1995 3508 ,
2014 3450 2164 3504 hanc.
2188 3490 2200 3503 .
2222 3476 2365 3509 aver.

1339 3518 1540 3581 tinent,
1575 3522 1653 3571 vel
1678 3523 1994 3588 interpolata,
2025 3532 2101 3580 vel
2128 3550 2358 3604 corrupta

1333 3599 1537 3659 judicat.
1565 3604 1614 3650 J.
1629 3602 1693 3651 V.
1718 3604 1772 3650 L.

1408 3680 1457 3727 6.
1486 3679 1803 3731 PostIImim'o.
1833 3684 1886 3731 Si
1912 3686 2022 3748 quis
2047 3688 2209 3753 aliqua
2234 3697 2359 3744 civi-

1340 3767 1437 3804 tate
1471 3758 1682 3807 donatus
1709 3772 1759 3808 et
1799 3762 1913 3811 iude
1950 3767 2161 3828 priorem
2188 3772 2241 3818 in
2268 3791 2358 3838 pn-

1339 3838 1479 3884 triam
1512 3839 1814 3901 revenisset,
1855 3859 1959 3892 eam
1996 3849 2235 3899 civitatem
2263 3872 2358 3919 qua

1340 3915 1553 3963 donatus
1599 3927 1699 3965 erat
1720 3951 1737 3978 ,
1784 3922 2088 3983 postliminio
2142 3934 2363 3985 amittere

1338 3991 1606 4042 dicebatur.

1410 4088 1459 4131 7.
1488 4072 1544 4118 Sc*
1566 4074 1779 4125 domum.
1823 4080 1885 4127 Η.
1916 4095 1961 4129 e.
1994 4084 2238 4147 antiquam
2271 4107 2358 4153 ps-

1340 4161 1494 4197 triam.
