2994 4778
682 391 813 462 162
1308 389 1403 456 M.
1455 388 1534 453 T.
1586 384 2162 456 CICERONIS

642 515 949 586 ‘minum
985 503 1517 579 rusticanorum
1551 533 1567 575 ε
1602 504 1783 603 quid
1809 518 1953 591 est,
1983 529 2204 600 quam
2230 505 2329 577 ob
2356 530 2510 577 rem
2541 523 2803 606 praetu-

667 646 818 694 ram
852 622 1092 717 potius
1115 613 1483 715 exoptesss,
1511 640 1726 711 quam
1757 616 2120 685 mortem?
2151 618 2542 711 praesertim
2572 645 2806 717 quum

656 730 1089 830 'popularem
1127 743 1198 798 te
1225 726 1397 798 velis
1424 748 1578 796 esse
1605 777 1623 810 ,
1661 748 1903 821 neque
1938 722 2081 794 ulla
2117 727 2192 794 in
2223 750 2305 798 re
2333 727 2612 824 populo
2649 753 2806 826 gra-

668 843 811 913 tius
848 838 1118 910 facere⁷
1159 837 1406 933 possis.

690 1009 699 1016 ,
758 948 937 1035 Sed,
998 963 1080 1019 ut
1126 943 1515 1041 aliquando
1557 944 1973 1032 audiamus,
2022 969 2243 1041 quam
2280 948 2575 1044 copiose
2613 950 2801 1021 mihi

657 1062 747 1133 ad
777 1073 1020 1157 rogata
1044 1054 1510 1149 respondem,
1543 1054 1971 1125 concludam
1990 1053 2132 1149 jam
2156 1056 2805 1154 interrogationem

658 1192 919 1256 meam,
939 1182 1159 1261 teque
1192 1166 1268 1234 in
1293 1178 1620 1234 extremo
1643 1188 1871 1262 pauca
1886 1164 1977 1235 de
1997 1166 2148 1260 ipsa
2172 1188 2250 1234 ca
2262 1159 2432 1235 usa8
2457 1166 2758 1263 rogabo.

754 1282 976 1353 XVII.
1014 1278 1490 1369 Quaer0‚quae
1520 1286 1718 1346 tanta
1755 1275 1831 1343 in
1868 1287 1940 1343 te
1974 1271 2290 1357 vanitaS‚
2320 1288 2518 1344 tauta
2554 1275 2807 1348 levitas

658 1389 911 1471 fuerit,
962 1398 1046 1456 ut
1089 1385 1166 1454 iu
1218 1382 1361 1453 hoc
1391 1381 1667 1476 judicio
1713 1386 1788 1452 T.
1826 1382 2185 1454 Annium¹
2247 1382 2507 1454 iisdem
2558 1385 2807 1459 verbis

661 1497 986 1569 laudares
1012 1547 1032 1583 ,
1090 1491 1362 1591 quibus
1398 1517 1567 1564 eum
1604 1490 1897 1563 laudare
1950 1505 2022 1561 et
2061 1491 2239 1563 boni
2275 1494 2448 1579 viri,
2497 1509 2571 1566 et
2615 1495 2806 1567 boni

661 1609 851 1679 cives
907 1618 1442 1677 consueverunt
1466 1656 1486 1690 ‚
1560 1625 1787 1697 quum
1842 1601 1917 1670 in
1975 1599 2313 1672 eumdem
2362 1629 2634 1701 nuper,
2705 1606 2803 1678 ab

658 1716 908 1788 eadem
953 1715 1073 1785 illa
1117 1715 1481 1784 teterrima
1530 1709 1756 1790 furia²
1817 1709 2217 1808 productus
2266 1711 2357 1794 ad
2403 1715 2800 1811 populum,

659 1823 1118 1922 cupidissime
1144 1819 1400 1892 falsum
1430 1820 1923 1891 testimonium
1945 1818 2208 1892 dixeris
2230 1819 2258 1865 ³
2279 1823 2309 1892 Ρ
2334 1827 2448 1904 Au
2479 1829 2618 1895 erit
2643 1825 2802 1899 haec

656 1940 860 2034 optio
894 1949 966 2006 et
1001 1947 1318 2031 potestas
1360 1946 1518 2018 tua,
1550 1944 1663 2014 ut,
1704 1956 1935 2025 quum
1975 1931 2353 2003 Clodianas
2387 1958 2685 2031 operas,
2725 1954 2802 2008 et

658 2045 1234 2118 facinorosorum
1273 2042 1651 2113 hominum
1685 2054 1757 2112 et
1791 2039 2240 2138 perditorum
2275 2068 2574 2115 manum
2602 2045 2803 2117 vide-

662 2155 1172 2243 ris‚Milonem
1214 2151 1443 2235 dicaS‚
1481 2150 1555 2223 id
1585 2151 1784 2249 quod
1821 2153 1897 2222 in
1938 2152 2289 2225 concione
2330 2151 2609 2244 dixisti,
2638 2156 2803 2253 gla-

656 2264 1056 2336 diatoribus
1092 2278 1162 2334 et
1181 2261 1533 2333 bestiariis
1565 2261 1930 2332 obsedisse
1954 2262 2479 2364 rempublicam
2509 2292 2529 2355 3
2558 2291 2795 2364 quum

656 2391 897 2446 autem
935 2372 1028 2444 ad
1079 2372 1252 2444 tales
1285 2375 1474 2443 viros
1523 2373 1835 2460 veneris,
1882 2392 2035 2447 nou
2069 2373 2333 2449 audeas
2371 2380 2600 2451 civem
2640 2380 2796 2451 siu-

558 2480 561 2489 ’
656 2486 888 2584 gulari
939 2484 1241 2568 virtute,
1316 2480 1509 2568 fide,
1575 2485 2023 2573 constantia,
2079 2487 2543 2581 vituperare?
2606 2488 2745 2560 Sed
2777 2542 2800 2576 ,

661 2621 891 2693 quum
917 2599 993 2665 T.
1014 2594 1328 2665 Annium
1358 2606 1740 2687 tantopere
1775 2592 2057 2680 laudeS‚
2097 2607 2171 2663 et
2201 2593 2599 2665 clarissimo
2634 2598 2798 2668 viro

660 2704 1088 2777 nonnullam
1132 2701 1546 2772 laudatione
1600 2716 1724 2770 tua
1789 2700 2183 2773 labeculam
2240 2704 2618 2804 adspergas
2675 2708 2797 2802 (in

657 2815 999 2888 illorum'*
1040 2811 1232 2881 enim
1268 2834 1576 2881 numero
1613 2811 1885 2882 mavult
1913 2815 1989 2881 T.
2025 2814 2305 2884 Annius
2346 2840 2498 2887 esse
2521 2870 2540 2904 ,
2585 2819 2716 2914 qui
2754 2844 2797 2889 a

733 3008 787 3058 6.
827 3004 996 3053 Potius
1019 3014 1232 3067 exoptes.
1260 3000 1378 3051 Non
1405 3000 1499 3050 hac
1533 3004 1586 3049 iu
1626 3019 1679 3049 re

660 3102 843 3138 morem
865 3082 1045 3132 oratori
1064 3080 1209 3146 gessit
1227 3080 1471 3129 Vatinius.
1494 3081 1680 3128 Praetu·

662 3186 763 3217 ram
778 3164 977 3224 ambiit,
999 3162 1232 3224 brevique
1250 3161 1448 3209 Crassus
1468 3172 1519 3208 et
1542 3162 1683 3207 Pom-

662 3249 799 3311 peius
818 3261 942 3293 coss.
956 3258 1065 3290 eum
1080 3241 1255 3291 Catoni
1280 3238 1680 3303 anteponendum

660 3342 761 3373 esse
789 3320 978 3387 populo
1004 3335 1308 3383 persuasere,
1334 3317 1471 3381 quod
1494 3316 1538 3364 is
1560 3327 1683 3365 esset

661 3401 925 3450 triumviris
949 3396 1305 3445 infestissimus.

733 3496 787 3540 7.
826 3477 1025 3525 Gratius
1049 3474 1246 3541 facere.
1286 3476 1412 3521 Eum
1448 3472 1676 3537 jocatur,

659 3558 822 3624 quod,
848 3571 1000 3621 quum
1041 3554 1218 3620 populi
1253 3552 1453 3617 gratiam
1496 3554 1678 3618 ubique

658 3647 902 3703 captaret,
945 3648 1092 3697 seque
1112 3632 1314 3691 jactaret
1337 3631 1548 3679 maxime
1584 3648 1675 3696 po·

654 3718 874 3783 pularem
888 3751 902 3774 ,
922 3724 1128 3762 mortem
1150 3710 1285 3757 obire
1312 3709 1528 3769 deberet,
1542 3712 1678 3775 quod

654 3798 770 3846 iude
790 3794 976 3860 populo
996 3803 1120 3843 esset
1136 3789 1450 3854 gratissimus,
1468 3790 1554 3854 qui
1573 3807 1677 3838 eam

654 3877 787 3931 votis
814 3873 1042 3920 omuibus
1069 3883 1231 3920 vocat.

727 3956 775 4003 8.
798 3957 872 4002 De
897 3952 1005 4014 ipsa
1029 3968 1205 3999 causa.
1228 3952 1302 3998 De
1326 3950 1477 4009 SegtIi
1515 3965 1672 3999 causa.

653 4034 891 4096 Quamvis
931 4031 1098 4094 paullo
1132 4030 1337 4079 iuferius
1373 4029 1436 4078 de
1481 4030 1675 4078 Milone

1765 3019 1871 3050 rum
1895 3003 2209 3051 tribunorum
2233 3020 2391 3053 causae
2409 3006 2534 3053 inter
2552 3022 2604 3053 se
2625 3008 2796 3055 omui·

1766 3080 2023 3131 uo⁵affines
2043 3095 2197 3132 eraut.

1837 3164 2002 3210 xvn.
2037 3177 2080 3209 ι.
2109 3164 2165 3212 Τ.
2199 3162 2439 3216 Annium.
2477 3166 2536 3212 In
2561 3164 2788 3215 oratioue

1768 3257 1863 3306 pro
1912 3242 2078 3289 Sextio
2112 3242 2322 3289 narravit
2352 3243 2585 3290 Milonem
2611 3244 2796 3294 Clodio

1768 3320 1976 3368 maxime
2004 3321 2252 3368 Ciceronis
2288 3322 2466 3370 reditui
2496 3328 2794 3387 repugnanti

1766 3399 2035 3459 obstitisse,
2073 3417 2281 3465 eumque
2303 3403 2469 3466 copias
2484 3413 2652 3451 contra
2672 3404 2792 3452 Clo·

1766 3479 1835 3526 dii
1854 3479 2144 3542 gladiatores
2164 3481 2401 3529 eduxisse.

1838 3574 1886 3607 2.
1914 3558 2172 3605 Peter-rima
2186 3557 2352 3621 fiat-ia.
2378 3557 2556 3608 Clodio
2587 3561 2795 3623 scilicet,

1766 3636 2043 3684 oedssitatem
2083 3636 2178 3684 hoc
2203 3654 2332 3685 auno
2365 3650 2575 3701 gerente.

1836 3716 1886 3762 3.
1928 3714 2269 3761 Testimonium
2312 3714 2518 3764 dixeris.
2564 3718 2793 3767 Testatus

1764 3810 1874 3841 eum
1920 3792 2160 3840 bestiariis
2204 3804 2254 3842 et
2307 3794 2655 3859 gladiatoribus
2699 3798 2794 3846 im-

1764 3872 1952 3930 missis,
1999 3871 2294 3921 dis-turbasse
2337 3876 2563 3931 comitia,
2608 3875 2793 3939 quibus

1763 3952 1842 3999 lex
1862 3951 1921 4000 de
1942 3952 2099 4002 reditu
2121 3971 2233 4002 meo
2257 3954 2516 4015 serebatur.

1833 4040 1882 4086 Ι..
1931 4035 1992 4079 In
2041 4032 2253 4082 illumm.
2309 4035 2475 4095 Quum
2525 4045 2573 4082 te
2621 4035 2789 4084 videat

648 4114 898 4179 loquatur,
924 4105 1024 4159 hoc
1050 4109 1180 4157 idem
1202 4120 1343 4157 sonat
1361 4142 1377 4170 ,
1405 4109 1517 4173 quia
1545 4109 1672 4157 duo·
1759 4109 1952 4173 flagitiis
1982 4113 2210 4162 omnibus
2247 4113 2622 4177 coinquinatum
2639 4150 2653 4176 ,
2688 4132 2791 4162 ma·
