2994 4778
572 416 953 489 ORATIO
1007 417 1205 489 PRO
1254 417 1332 493 T.
1376 416 1454 483 A.
1509 414 1945 481 MILONE.
2177 406 2304 479 521

198 536 430 623 ratio,
463 558 682 631 quam
730 558 908 631 vaga
949 534 1431 632 volubilisque
1467 533 1795 619 fortuna,
1838 531 2315 629 quantaeinfi-

198 649 536 721 delitates
576 651 650 719 in
689 651 968 738 amicis,
1013 674 1226 748 quam
1266 651 1356 722 ad
1393 664 1679 746 tempus
1719 662 1901 746 aptae
1936 647 2321 719 simulatio·

198 785 375 845 nes,
415 774 703 856 quantae
748 761 824 831 in
871 761 1206 858 periculis
1244 758 1427 857 fugae
1471 759 1997 857 proximorum,
2035 770 2323 853 quantae

196 868 637 940 timiditates.
687 872 878 957 Erit,
923 873 1056 941 erit
1104 869 1283 941 illud
1329 867 1653 968 profecto
1695 883 2015 965 tempus,
2055 881 2126 938 et
2155 864 2318 936 illu-

198 992 440 1049 cescet
471 977 859 1075 aliquando
883 978 1000 1051 ille
1031 979 1215 1066 dies,
1257 1005 1487 1077 quum
1518 993 1623 1067 tu,
1653 978 1856 1049 salvis
1877 985 1897 1019 ¹
1919 1031 1938 1063 ,
1972 989 2056 1047 ut
2084 998 2324 1070 spero,

196 1085 426 1158 rebus
475 1090 615 1159 tuis
631 1099 685 1172 ²,
739 1088 863 1161 sed
925 1086 1222 1167 sortasse
1279 1105 1486 1161 motu
1538 1088 1782 1185 aliquo
1829 1086 2322 1159 communium

196 1211 618 1294 temporum
654 1191 1088 1273 immutatis-³
1125 1200 1292 1297 (qui
1325 1223 1546 1295 quam
1576 1195 1831 1269 crebro
1863 1194 2134 1269 accidat
2155 1246 2175 1281 ,
2202 1217 2327 1264 ex·

197 1308 394 1404 perti
435 1305 785 1383 debemus
844 1310 1103 1404 scire),
1160 1325 1235 1380 et
1272 1308 1676 1380 amicissimi
1728 1304 2326 1393 benivolentiam,

200 1430 279 1487 et
315 1417 706 1513 gravissimi
755 1418 1070 1492 hominis
1109 1418 1365 1507 fidem,
1414 1435 1486 1491 et
1539 1421 1752 1490 unius
1788 1432 1953 1514 post
1997 1416 2328 1485 homines

200 1525 456 1598 natos4
498 1525 860 1599 fortissimi
907 1531 1039 1600 viri
1085 1528 1649 1626 magnitudinem
1693 1528 1911 1597 animi
1949 1524 2326 1596 desideres,

304 1636 758 1733 Quamquam
825 1629 1035 1734 quis⁵
1096 1638 1239 1709 hoc
1308 1639 1596 1724 credat,
1661 1642 1794 1708 Cn.
1862 1640 2324 1732 Pompeium,

194 1744 388 1836 juris
430 1742 742 1840 publici,
801 1748 1018 1819 moris
1069 1748 1456 1843 majorum,
1513 1748 1618 1818 rei
1654 1745 1970 1843 denique
2023 1743 2327 1843 publicae

201 1854 749 1950 peritissimum,
775 1881 1004 1959 quum
1023 1871 1313 1930 senatus
1341 1859 1406 1927 ei
1433 1857 1891 1941 commiserit,
1921 1870 2004 1926 ut
2030 1855 2329 1941 videret,

200 1988 295 2034 xz
354 1987 533 2046 Qum
591 1988 1017 2038 mzsruuucs
1084 1991 1513 2037 »mmmmm
1570 1989 1919 2050 cumen
1973 1989 2124 2060 quo
2177 1989 2327 2034 uno

203 2070 563 2142 versiculo
584 2076 750 2145 satis
779 2077 1031 2149 armati
1057 2099 1341 2173 semper
1358 2074 1690 2147 consules
1718 2071 2016 2143 fuerunt
2035 2070 2088 2158 ⁶,
2116 2076 2328 2145 etiam

202 2177 423 2251 nullis
461 2182 673 2255 armis
712 2182 929 2273 datis;
965 2184 1162 2255 hunc
1193 2188 1508 2257 exercitu
1525 2238 1557 2266 ,‚
1577 2184 1775 2257 hunc
1804 2181 2083 2254 delectu
2120 2183 2326 2274 dato,

198 2288 557 2384 judicium
588 2307 1163 2389 exspectaturum
1195 2293 1411 2365 fuisse
1448 2295 1524 2363 in
1567 2294 1725 2388 ejus
1755 2293 2070 2364 consiliis
2102 2293 2326 2364 vindi·

204 2400 454 2474 caudis
469 2409 526 2486 7,
560 2402 686 2497 qui
724 2404 834 2474 vel
866 2404 1135 2498 judicia
1170 2407 1324 2499 ipsa
1360 2403 1692 2474 tolleret?
1723 2404 1904 2474 Satis
1923 2402 2321 2498 judicatum

204 2523 319 2580 est
356 2534 400 2580 a
439 2513 782 2608 Pompeio
804 2567 824 2600 ,
866 2519 1065 2603 satis,
1101 2513 1276 2586 falso
1312 2515 1445 2585 ista
1476 2510 1787 2585 conferri
1820 2516 1896 2582 in
1927 2513 2274 2586 Milonem
2307 2540 2323 2581 ε

274 2718 467 2765 XXVI.
501 2733 541 2766 ι.
567 2718 647 2767 ΔΙ.
670 2718 977 2767 salutaribus.
1001 2722 1051 2770 J.
1069 2720 1135 2769 V.
1162 2722 1221 2769 L.

280 2811 330 2845 2.
369 2797 524 2844 Rebus
554 2797 661 2847 ιωὶς.
694 2798 825 2846 Beue
848 2799 1054 2847 ominari
1078 2801 1225 2848 Pom·

203 2875 322 2940 peio
363 2876 530 2939 cupit,
573 2894 636 2926 ne
678 2877 799 2942 quid
846 2876 961 2926 mali
1003 2879 1224 2927 nuntiare

204 2956 353 3004 nimis
386 2967 551 3021 aperte
578 2957 815 3006 videatur.
851 2957 1061 3020 Quidam
1085 2972 1223 3006 com-

203 3043 500 3082 mentatores
550 3046 776 3098 putavere
839 3035 1120 3084 Ciceronem
1173 3053 1224 3083 se

203 3115 369 3178 ipsum
397 3113 475 3162 his
509 3114 670 3162 verbis
700 3114 1024 3173 amicissimis,
1046 3125 1140 3163 etc.
1157 3114 1226 3161 si-

203 3189 512 3256 gnificavisse
539 3207 553 3241 :
589 3208 751 3240 errore
786 3193 980 3257 quidem
1005 3209 1223 3252 summo,

204 3286 317 3318 nam
336 3269 400 3319 dc
412 3270 598 3319 Milone
617 3271 698 3322 hic
712 3271 1050 3320 tantummodo
1065 3288 1224 3320 sermo

202 3347 430 3396 habetur.

277 3428 327 3475 3.
356 3426 652 3474 Immueate's.
680 3428 1006 3476 Conversione
1033 3428 1155 3475 sacta
1172 3428 1227 3476 in

204 3505 491 3570 republics3
524 3504 659 3569 quod
692 3508 840 3555 tertio
879 3506 1057 3555 abhinc
1096 3523 1224 3556 anno

204 3584 360 3647 coepit
374 3616 390 3640 ,
421 3599 574 3648 quum
612 3582 753 3632 civile
788 3585 1071 3649 Pompeium
1101 3587 1228 3633 inter

204 3674 253 3711 et
276 3665 516 3711 Can-em
535 3663 715 3710 bellum
737 3665 929 3713 exarsit.

277 3750 331 3798 4.
362 3745 480 3790 Post
496 3741 709 3791 homines
726 3755 887 3793 natos.
917 3744 996 3793 Ab
1019 3760 1079 3800 eo
1103 3754 1229 3794 tem-

204 3838 330 3887 pore
366 3838 469 3886 quo
504 3823 717 3886 primum
752 3823 974 3873 homines
1007 3825 1142 3871 msci
1180 3834 1229 3870 et

204 3917 423 3950 crescere
442 3912 722 3966 coeperunt,
739 3903 872 3965 quod
887 3904 1033 3967 vulgo
1052 3902 1230 3950 dicitur

203 3980 268 4028 ab
299 3979 423 4029 orbe
449 3980 674 4030 condito.

280 4059 332 4107 5.
375 4062 691 4123 Quamquam
711 4058 833 4122 quis.
859 4061 1106 4108 Coi-rectio
1133 4076 1228 4123 qus

207 4138 473 4187 revertitur
495 4140 557 4187 ad
580 4155 709 4187 arma
735 4138 815 4187 ills
829 4173 847 4201 ,
872 4140 1050 4203 quibus
1071 4141 1228 4188 lorum

1307 2735 1451 2768 omne
1512 2729 1753 2783 umquam
1799 2728 2133 2783 oppugnatum
2189 2727 2320 2767 erat:

1309 2801 1484 2849 nititur
1525 2800 1626 2846 vim
1666 2800 1888 2860 judicum
1932 2797 2105 2846 animis
2143 2812 2320 2846 novam

1307 2878 1562 2926 infundere
1581 2913 1596 2937 ,
1654 2877 2030 2926 demonstrando
2088 2877 2197 2940 quis
2260 2878 2323 2924 sit

1307 2968 1499 3006 armata
1531 2973 1701 3008 seusus
1730 2957 2054 3006 multitudinis
2079 2969 2092 3004 ε
2143 2970 2255 3003 nam
2280 2956 2324 3003 si

1306 3035 1544 3083 Milonem
1563 3036 1820 3099 Pompeius
1846 3033 2324 3099 opprimet-evoluis-

1307 3124 1406 3175 set,
1429 3115 1620 3161 fecisset
1643 3129 1783 3172 sanc,
1808 3115 1953 3162 sicuti
1980 3115 2158 3160 fecem
2182 3121 2323 3161 entes

1308 3192 1507 3250 Cicero,
1529 3193 1580 3238 in
1607 3191 1828 3240 Catilina
1850 3191 2198 3251 conjuratione.

1378 3271 1430 3319 6.
1458 3270 1678 3318 Consules
1684 3269 1907 3336 suerunt.
1937 3272 2045 3317 Hoc
2067 3269 2324 3320 decernere

1307 3359 1499 3398 senatus
1523 3362 1865 3409 consueverat,
1890 3365 2042 3412 quum
2062 3349 2116 3396 in
2141 3351 2324 3414 gravis·

1306 3429 1479 3476 simum
1512 3428 1778 3493 periculum
1813 3427 2084 3492 respublica
2114 3428 2326 3478 adduce-

1308 3519 1473 3557 κιαι·
1506 3509 1615 3556 Hoc
1659 3507 1895 3556 versiculo
1929 3518 2142 3571 potestas
2179 3506 2324 3556 flebat

1308 3586 1532 3648 consuli,
1567 3587 1810 3651 quidquid
1847 3586 2166 3635 necessariam
2193 3586 2324 3647 jndi-

1309 3667 1475 3727 cahat,
1507 3678 1812 3731 perpetratu
1845 3666 2083 3714 exercitus
2109 3666 2329 3714 conscri-

1308 3744 1423 3794 bere
1438 3779 1454 3804 ,
1482 3757 1532 3793 et
1558 3747 1721 3794 hostes
1747 3761 1950 3809 quoquo
1975 3744 2125 3792 modo
2149 3758 2325 3790 vexare

1310 3836 1360 3871 et
1379 3825 1652 3888 opprimere
1673 3825 1867 3873 licebat.

1382 3918 1431 3964 7.
1477 3904 1640 3950 Fuisse
1675 3903 1723 3951 in
1758 3903 1863 3967 ejus
1903 3901 2116 3950 consiliis
2154 3900 2322 3950 vicedi-

1310 3981 1499 4030 caudis.
1537 3982 1741 4031 Milonis
1771 3985 2024 4033 comtibus
2053 3982 2321 4045 infringen-

1312 4060 1421 4118 d3⁸3
1455 4075 1598 4123 qucm
1631 4064 1956 4128 suspicaretur
1977 4061 2100 4111 velle
2122 4061 2218 4108 vim
2236 4061 2312 4120 jn-

1313 4138 1450 4188 diciis
1468 4139 1658 4190 inferre.
