2994 4778
586 421 969 489 ORATIO
1020 421 1220 489 PRO
1271 423 1346 490 C.
1396 422 1475 488 R.
1525 419 2038 487 POSTUMO.
2230 417 2372 512 [139

244 559 327 612 ut
369 556 732 627 senatum,
765 541 981 636 cujus
1021 543 1426 613 auctoritati
1468 556 1539 613 te
1584 540 1674 611 ab
1727 539 2205 611 adolescentia
2241 541 2368 612 de-

242 650 451 729 disti.
494 654 570 720 in
633 664 831 721 tanta
875 648 1164 720 infamia
1210 652 1470 722 versari
1528 650 1738 735 velis,
1796 674 2033 745 neque
2087 674 2219 745 ego
2260 651 2371 735 id,

244 758 447 854 quod
511 784 657 827 non
710 762 981 855 agitur,
1037 758 1444 831 defendere.
1506 760 1826 830 Postumi
1879 759 2068 828 enim
2123 783 2372 841 causa,

244 893 726 965 quaecumque
762 884 904 951 est,
958 871 1277 963 sejuncta
1316 895 1356 940 a
1398 883 1654 941 senatu
1692 882 1820 941 est.
1863 867 2081 959 Quod
2110 873 2163 938 si
2202 869 2371 939 item

246 1004 284 1046 a
319 975 639 1048 Gabinio
692 979 1088 1072 sejunctam
1147 979 1570 1067 ostendero,
1621 993 1844 1064 certe,
1901 978 2100 1074 quod
2143 978 2366 1063 dicaS‚

247 1088 427 1158 nihil
475 1087 798 1160 habebis.

341 1203 465 1269 IV.
520 1202 641 1269 Est
690 1203 883 1270 enim
929 1198 1079 1271 baec
1121 1224 1371 1288 causa,
1422 1226 1568 1284 Quo
1619 1227 1710 1271 EA
1760 1225 2063 1271 pneuma
2115 1225 2371 1271 penve-

252 1317 538 1391 mzm‘N,
600 1311 802 1404 quasi
862 1309 1191 1406 quaedam
1240 1309 1716 1407 appendicula
1761 1334 1991 1380 causae
2042 1307 2373 1404 judicata:

250 1432 469 1514 atque
498 1417 867 1489 damnatae.
889 1422 1071 1490 Sunt
1106 1419 1263 1490 lites
1287 1422 1640 1490 aestimatae
1673 1423 1755 1488 A.
1791 1417 2148 1490 Gabinio²
2186 1447 2201 1487 ε
2241 1442 2374 1488 nec

252 1528 526 1625 praedes
554 1528 741 1617 dati,
778 1554 912 1601 nec
941 1554 1028 1600 ex
1061 1531 1215 1625 ejus
1242 1515 1454 1600 bonis
1473 1584 1490 1615 ‚
1535 1545 1805 1626 quanta
1834 1553 2113 1600 summa
2142 1528 2372 1597 litium

254 1634 542 1722 fuisset,
574 1663 614 1707 a
652 1640 925 1737 populo
972 1655 1260 1738 recepta
1275 1637 1326 1709 ³.
1368 1645 1519 1710 Lex
1551 1665 1755 1736 aequa
1798 1653 1924 1709 est.
1963 1638 2179 1709 Jubet
2217 1636 2374 1734 [lex

251 1745 522 1844 Julia4]
569 1749 899 1845 persequi
954 1748 1046 1819 ab
1088 1750 1210 1830 iis,
1260 1748 1347 1818 ad
1407 1772 1594 1844 quos
1637 1773 1719 1819 ea
1769 1752 2110 1847 pecunia,
2153 1771 2369 1842 quam

257 1858 309 1926 is
359 1859 671 1955 ceperit,
710 1862 834 1956 qui
881 1858 1258 1929 damnatus
1312 1860 1440 1943 sit,
1493 1861 1920 1955 pervenerit.
1962 1859 2035 1928 Si
2084 1872 2191 1929 est
2234 1857 2375 1927 hoc

256 1965 578 2037 novum⁵
646 1971 719 2056 in
789 1969 943 2065 lege
1001 1968 1212 2053 salia,
1276 1969 1483 2039 sicuti
1538 1968 1766 2037 multa
1823 1981 1991 2037 sunt
2062 1967 2375 2037 severius
2457 2036 2462 2041 .

256 2078 556 2174 scripta,
601 2102 819 2173 quam
860 2081 933 2148 in
980 2078 1293 2174 antiquis
1329 2077 1639 2175 legibu5‚
1678 2092 1750 2148 et
1775 2078 2134 2147 sanctius:
2172 2075 2378 2147 indu-

257 2201 459 2257 catur
487 2213 656 2258 sane
685 2189 896 2259 etiam
924 2188 1373 2260 consuetudo
1401 2188 1620 2283 hujus
1642 2189 1920 2284 generis
1941 2186 2375 2279 judiciorum

262 2322 463 2366 nova.
505 2298 626 2368 Sin
680 2297 818 2369 hoc
862 2300 1159 2370 totidem
1209 2297 1441 2369 verbis
1490 2296 1914 2368 translatum
1958 2311 2174 2393 caput
2233 2312 2381 2378 est,

260 2408 449 2501 quod
493 2406 629 2479 fuit
666 2435 816 2481 non
854 2412 1071 2482 modo
1109 2414 1182 2481 in
1219 2410 1554 2482 Cornelia
1572 2407 1629 2497 ⁶,
1673 2407 1800 2480 sed
1837 2411 2049 2479 etiam
2090 2422 2258 2478 ante
2303 2412 2378 2478 in

328 2575 417 2620 N.
452 2588 497 2620 1.
537 2576 643 2636 Quo
671 2590 732 2620 ea
751 2575 966 2639 pecunia
983 2576 1275 2639 pervenerit.

261 2652 337 2698 Sic
354 2652 434 2699 lex
452 2653 752 2712 enuntiatur-3
781 2653 831 2699 id
851 2665 951 2712 est,
980 2654 1084 2702 haec
1107 2657 1247 2701 cau‘sa
1261 2689 1276 2713 ‚

261 2732 310 2775 in
337 2746 433 2793 qua
460 2731 708 2794 quaeritur,
734 2747 832 2795 quo
858 2748 912 2779 ea
936 2732 1138 2795 pecunia
1166 2749 1274 2796 per-
1296 2785 1297 2788 Ἴ

261 2810 461 2856 venerit.

333 2904 384 2935 α.
405 2890 528 2935 Seme
557 2887 659 2936 lites
685 2888 942 2936 oeseimatae
965 2894 1030 2938 A.
1049 2891 1276 2956 Gabinio.

265 2967 400 3015 Civis
438 2968 622 3015 romani
657 2968 904 3016 damnatio
938 2970 1144 3033 pecunia
1179 2981 1279 3017 erat

268 3055 317 3091 et
351 3045 592 3095 exsilium:
633 3048 794 3094 omnin
826 3047 955 3094 enim
987 3048 1114 3096 furta
1149 3049 1277 3096 oesti-

266 3123 539 3181 mabuntur,
571 3138 622 3174 et
655 3142 709 3174 ea
740 3129 945 3190 pecunia
975 3143 1118 3189 quam
1143 3143 1279 3175 acce-

268 3203 392 3265 pisse
427 3203 680 3252 dicebatur
698 3239 713 3263 ‚
755 3206 807 3252 in
848 3222 1081 3253 summam
1127 3206 1280 3269 redigi

265 3282 482 3342 solebat,
512 3299 622 3345 quae
650 3300 714 3332 ex
748 3284 852 3344 eim
879 3284 1022 3332 bonis
1053 3286 1282 3333 auctione

271 3360 477 3409 venditis
500 3363 792 3411 solvebatur.
820 3362 940 3411 Inde
963 3364 1017 3411 Ie's
1041 3364 1282 3411 ‹estimaea

270 3441 462 3499 dicitur,
486 3441 537 3489 id
560 3453 660 3500 ent,
687 3458 741 3490 ea
762 3444 967 3506 pecunia
987 3480 1002 3505 ‚
1029 3444 1090 3491 de
1113 3460 1206 3507 qua
1223 3443 1283 3490 li·

270 3531 314 3567 et
330 3522 662 3568 controversia
678 3522 807 3569 facta
825 3533 913 3570 est.

339 3600 386 3646 3.
410 3601 454 3646 A
465 3600 651 3663 populo
671 3610 880 3663 recepta.
907 3600 988 3649 Al.
1005 3601 1156 3663 recipi
1161 3619 1182 3657 ,·
1200 3600 1285 3648 sed

268 3678 544 3727 addendum
573 3679 752 3739 ρυιιιὶτ.
788 3679 1045 3728 Lalleman.
1077 3682 1285 3744 populus

269 3758 463 3820 recepit.

340 3844 388 3890 4.
413 3838 515 3882 Lex
534 3835 687 3888 Julia.
711 3835 768 3882 Id
786 3845 882 3893 est,
900 3852 928 3883 a
949 3837 1086 3884 Julio
1103 3838 1289 3886 Caesnre

271 3913 360 3960 lata
383 3915 543 3977 primo
562 3913 833 3962 consulatu.

343 3994 389 4040 5.
428 3993 481 4038 Si
515 4004 587 4039 ese
611 3991 704 4039 hoc
731 4009 925 4042 novum.
968 3994 1019 4041 Si
1055 3993 1135 4041 lex
1160 3993 1292 4041 Julia

274 4072 535 4119 novissime
560 4071 613 4119 id
642 4072 897 4119 constituit
912 4107 929 4134 ,
961 4089 1074 4120 une
1099 4073 1185 4130 sit,
1207 4074 1297 4121 -vel

277 4161 464 4198 maneat
484 4151 592 4197 haec
613 4166 739 4198 nova
760 4150 931 4211 judicii
955 4152 1258 4202 cousuetudo
1280 4184 1296 4211 ,

1330 2615 1335 2620 .
1363 2584 1445 2633 ut,
1483 2574 1569 2638 qui
1597 2539 1701 2622 non
1737 2556 2008 2637 appellatus
2037 2583 2109 2619 est
2136 2573 2185 2619 in
2212 2572 2380 2620 litibus

1364 2652 1660 2701 aestimandis
1682 2667 1840 2699 causoe
1861 2650 2140 2714 principalis
2154 2685 2169 2706 ,
2193 2666 2383 2699 cauum

1363 2744 1532 2797 postea
1565 2731 1724 2778 dicere
1761 2742 1978 2793 cogatur.
2021 2730 2106 2776 Sin
2140 2745 2254 2776 vero
2285 2730 2382 2778 hoc

1364 2814 1618 2875 antiquum
1638 2821 1732 2867 est,
1759 2821 1806 2857 et
1826 2826 1886 2857 ex
1910 2807 2255 2857 vetustioribus
2273 2809 2388 2873 legi-

1364 2891 1458 2938 bus
1478 2893 1530 2938 in
1549 2893 1581 2938 J
1586 2890 1729 2937 uliam
1754 2889 2033 2936 translatum
2048 2921 2063 2946 ‚
2095 2903 2183 2935 cur
2203 2903 2382 2935 novum

1362 2970 1660 3031 judiciorum
1680 2983 1863 3015 morem
1882 2962 2190 3023 inducimus?

1440 3052 1488 3096 6.
1522 3051 1582 3095 In
1613 3047 1846 3096 Cornelia.
1880 3050 1993 3094 Lata
2020 3063 2047 3093 a
2076 3049 2131 3095 L.
2161 3046 2389 3096 Cornelio

1369 3128 1519 3175 Sulla.
1543 3153 1604 3163 -
1627 3127 1859 3181 Servilia,
1884 3141 1911 3170 a
1937 3127 1996 3174 C.
2022 3125 2224 3172 Servili0
2243 3125 2393 3173 Ghu·

1369 3208 1475 3268 cia;
1504 3221 1677 3268 nempe
1691 3221 1717 3251 n
1734 3205 1929 3252 nomine
1951 3202 2143 3250 familia
2154 3203 2285 3267 legen
2298 3220 2389 3269 ap-

1368 3284 1688 3349 pellabantur.
1709 3284 1880 3333 Cicero
1895 3282 2108 3346 Philipp.
2124 3284 2164 3339 1,
2180 3305 2204 3324 α
2216 3284 2392 3345 Quare

1370 3374 1474 3410 acta
1505 3363 1749 3424 Gracchi3
1783 3363 1912 3425 leges
1945 3362 2241 3425 Semproniae
2272 3381 2390 3428 pro-

1372 3442 1600 3491 ferentur.
1647 3446 1822 3506 Quaere
1866 3440 2013 3489 Sulla
2031 3475 2047 3501 ,
2092 3442 2330 3492 Cornelioe
2348 3468 2393 3492 a.

1372 3525 1549 3571 Lucius
1569 3524 1679 3571 Piso
1699 3523 1922 3571 tribunus
1940 3522 2096 3586 plebis
2115 3523 2267 3587 legem
2288 3526 2394 3589 pri·

1372 3619 1479 3651 mus
1500 3602 1561 3650 de
1584 3603 1803 3667 pecuniis
1826 3601 2106 3667 repetundis
2124 3603 2396 3651 Cemorino

1375 3693 1423 3729 et
1444 3682 1652 3730 Manilio
1679 3681 1961 3730 consulibus
1981 3682 2094 3728 tulit
2107 3715 2122 3739 ,
2144 3693 2198 3728 ut
2218 3683 2398 3729 dicitur

1374 3763 1427 3807 in
1444 3763 1615 3819 Bruto,
1641 3772 1689 3808 et
1709 3761 1770 3809 de
1792 3761 2008 3820 Officiis,
2027 3764 2077 3807 11
2100 3775 2113 3808 :
2139 3759 2401 3808 «Nondum

1378 3847 1572 3885 centum
1597 3849 1644 3885 et
1668 3838 1835 3885 decem
1856 3840 1975 3886 anni
1995 3849 2107 3886 sunt
2125 3872 2139 3896 ,
2163 3855 2312 3901 quum
2341 3840 2402 3888 de

1379 3916 1601 3979 pecuniis
1640 3916 1920 3979 repetundis
1948 3933 1975 3965 a
2004 3919 2058 3964 L.
2093 3919 2270 3965 Pisone
2306 3918 2401 3968 lata

1381 4004 1454 4041 est
1480 3992 1591 4051 lex,
1619 3993 1750 4040 nulla
1779 4005 1917 4043 antea
1944 4011 2094 4058 quum
2121 3996 2308 4045 fuisset.
2339 4001 2408 4046 At

1383 4089 1501 4120 vero
1524 4084 1687 4135 postea
1710 4084 1784 4120 tot
1804 4074 1934 4138 leges
1957 4086 2006 4121 et
2030 4076 2266 4137 proxime
2287 4091 2416 4138 quo-

1385 4169 1481 4216 que
1525 4152 1774 4211 duriorem
1811 4163 1883 4199 tot
1918 4153 2010 4201 rei.
2051 4164 2126 4200 tot
2168 4152 2378 4202 dannnati
2398 4188 2413 4212 ,
