2994 4778
651 454 1033 520 ORATIO
1083 456 1191 521 IN
1241 456 1319 521 L.
1366 456 1441 521 C.
1493 454 1974 520 PISONEM.
2225 454 2366 545 409

243 572 537 672 quidem
597 574 1022 643 sententiam
1071 597 1301 643 meam
1352 570 1825 642 tradidissem.
1876 571 2202 643 Adducta
2252 598 2368 645 res

241 687 318 753 in
379 697 788 768 certamen,
861 696 930 752 te
991 682 1319 769 consule,
1386 681 1813 779 putabatur,
1869 696 2151 766 utrum,
2210 708 2371 779 quae

241 796 615 890 superiore
659 817 852 862 anno
890 793 1009 863 ille
1044 795 1397 890 gessisset,
1442 807 1854 877 manerent,
1900 817 1989 862 an
2023 792 2376 862 rescinde-

243 917 520 973 rentur.
567 900 764 989 Quid
805 902 1062 998 loquar
1096 903 1344 1001 plura?
1380 904 1439 972 si
1474 916 1758 973 tantum
1797 902 1913 972 ille
1958 902 2032 972 in
2068 926 2182 971 me
2228 926 2377 972 esse

247 1037 401 1083 uno
438 1011 728 1082 roboris
764 1027 834 1082 et
872 1015 1149 1083 virtutis
1187 1013 1493 1110 putavit,
1539 1027 1622 1082 ut
1664 1037 1785 1099 ea,
1832 1036 1994 1108 quae
2033 1014 2186 1108 ipse
2230 1035 2382 1108 ges·

248 1133 470 1207 serat,
528 1121 1024 1207 conciderent,
1080 1122 1138 1192 si
1198 1147 1331 1219 ego
1382 1123 1798 1193 restitissem
1848 1148 1864 1190 ε
1930 1146 2059 1191 cur
2106 1122 2171 1191 ei
2227 1144 2377 1189 non

248 1235 649 1329 ignoscam,
685 1233 743 1300 si
781 1234 1191 1329 anteposuit
1219 1256 1420 1304 suam
1447 1233 1750 1304 salutem
1786 1232 2006 1302 meae?
2045 1230 2180 1302 Sed
2211 1255 2382 1329 prae·

227 1343 459 1439 ‘terita
517 1342 798 1412 omitto.
856 1345 974 1413 Me
1031 1356 1115 1412 ut
1184 1346 1314 1412 Cn.
1388 1345 1775 1439 Pompeius
1841 1340 2181 1411 omnibus
2239 1342 2385 1411 suis

249 1452 505 1523 studiis
522 1505 540 1536 ,
568 1450 934 1522 laboribus
952 1506 972 1537 ,
996 1454 1155 1523 vitae
1182 1452 1518 1551 periculis
1547 1451 1964 1549 complexus
1987 1466 2095 1521 est
2114 1503 2133 1538 ,
2154 1474 2382 1547 quum

252 1563 645 1659 municipia
697 1585 830 1658 pro
889 1586 1006 1631 me
1066 1559 1329 1648 adiret,
1384 1561 1600 1632 Italiae
1653 1559 1871 1632 fidem
1933 1561 2390 1657 imploraret,

257 1675 325 1741 P.
383 1671 695 1742 Lentulo
750 1671 1061 1759 consuli,
1125 1672 1405 1741 auctori
1470 1670 1718 1741 salutis
1777 1694 1989 1758 meae,
2049 1667 2389 1766 frequens

257 1781 633 1866 assideret,
668 1783 952 1851 senatui
985 1785 1417 1852 sententiam
1458 1793 1862 1879 praestaret,
1902 1782 1976 1848 in
2016 1780 2388 1850 concioni-

253 1889 392 1961 bus
434 1915 589 1960 non
625 1888 844 1960 modo
879 1915 953 1961 se
994 1889 1448 1962 defensorem
1481 1891 1729 1963 salutis
1770 1913 1980 1977 meae,
2021 1889 2142 1960 sed
2176 1892 2386 1960 etiam

253 2001 653 2098 supplicem
687 2025 821 2097 pro
847 2025 963 2070 me
995 2001 1456 2097 profiteretur
1488 2027 1506 2071 t
1538 2001 1755 2095 hujus
1783 2001 2170 2072 voluntatis
2200 2025 2389 2087 eum,

255 2136 480 2208 quem
517 2110 827 2180 multum
871 2135 1081 2208 posse
1111 2112 1593 2208 intelligebat,
1624 2112 1801 2182 mihi
1837 2136 1984 2181 non
2021 2112 2385 2182 inimicum

255 2246 408 2305 esse
450 2235 841 2318 cognorat,
876 2226 1150 2292 socium
1192 2221 1328 2292 sibi
1372 2237 1443 2293 et
1478 2218 1996 2316 adjutorem'C.
2037 2224 2389 2292 Caesarem

259 2331 607 2428 adjunxit.
648 2336 799 2402 Jam
846 2333 1084 2420 videS,
1126 2357 1242 2405 me
1285 2331 1419 2403 tibi
1456 2357 1607 2403 non
1643 2333 2054 2420 inimicum,
2099 2331 2224 2403 sed
2268 2333 2392 2403 ho·

263 2458 479 2528 stem;
536 2442 706 2528 illis,
753 2468 941 2539 quos
994 2443 1377 2530 describis,
1429 2468 1583 2514 non
1620 2441 1843 2514 modo
1895 2468 2044 2513 non
2090 2445 2391 2528 iratum,

261 2552 386 2624 sed
440 2554 658 2623 etiam
721 2555 1032 2623 amicum
1100 2578 1252 2625 esse
1307 2551 1624 2625 debere?
1681 2576 1993 2649 quorum
2048 2551 2262 2635 alter,
2320 2550 2386 2620 id

262 2662 465 2759 quod
504 2663 904 2734 meminero
945 2688 1257 2761 semper,
1304 2689 1509 2760 mque
1546 2663 1725 2732 mihi
1759 2660 1895 2731 fuit
1930 2662 2202 2730 amicus
2220 2657 2274 2746 ³,
2312 2683 2392 2729 ac

263 2772 438 2860 sibi;
491 2773 692 2861 alter,
750 2772 823 2842 id
870 2773 1066 2870 quod
1125 2772 1503 2844 obliviscar
1555 2771 1975 2870 aliquandO,
2022 2769 2159 2840 sibi
2214 2771 2394 2838 ami-

263 2880 490 2981 cior4,
540 2906 757 2979 quam
812 2881 1010 2952 mihi.
1063 2882 1341 2954 Deinde
1399 2884 1542 2953 hoc
1580 2886 1676 2953 ita
1723 2883 1836 2969 fit,
1877 2897 1955 2952 ut
1994 2881 2125 2950 viri
2171 2877 2394 2949 fortes

269 2994 542 3062 etiamsi
597 2991 785 3062 ferro
848 2994 1038 3062 inter
1097 3017 1170 3062 se
1233 2997 1562 3063 cominus
1616 2991 2088 3077 decertarint,
2155 3004 2393 3058 tamen

265 3101 445 3172 illud
478 3104 964 3173 contentionis
992 3101 1240 3172 odium
1271 3101 1482 3172 simul
1513 3126 1674 3172 cum
1705 3103 1856 3198 ipsa
1884 3123 2128 3197 pugna
2160 3097 2399 3166 armis-

266 3238 415 3310 que
454 3227 756 3310 ponant.
814 3217 1028 3309 Atqui
1076 3237 1194 3282 me
1235 3213 1353 3283 ille
1399 3212 1633 3282 odisse
1675 3233 2076 3306 numquam
2122 3208 2396 3306 potuit,

267 3349 359 3394 ne
395 3338 550 3393 tum
588 3322 917 3420 quidem,
960 3349 1187 3421 quum
1230 3322 1770 3395 dissidebamus
1812 3320 2045 3392 Habet
2085 3321 2227 3390 hoc
2263 3322 2401 3389 vir-

271 3450 414 3521 tus,
453 3458 673 3530 quam
706 3448 785 3504 tu
817 3459 907 3504 ne
949 3435 1039 3505 de
1068 3433 1245 3505 facie
1278 3433 1573 3531 quidem
1603 3434 1826 3520 nosti,
1860 3446 1941 3533 ut
1968 3434 2156 3501 viros
2179 3429 2399 3502 fortes

338 3620 389 3668 3.
415 3618 577 3682 Eque
602 3616 836 3681 mihisuic
858 3616 1070 3677 omnbus,
1098 3633 1161 3664 ac
1184 3616 1290 3666 sibi.
1383 3642 1408 3661 ιι
1428 3617 1613 3666 etiamsi
1636 3618 1764 3664 ferro
1790 3616 2016 3664 eominus
2043 3614 2333 3663 decertarint
2351 3635 2396 3661 ι.

267 3699 467 3746 Omittit
502 3714 671 3745 vocem
699 3697 883 3745 amicus
916 3697 1067 3746 editio
1095 3713 1292 3745 romana
1455 3706 1504 3752 4.
1524 3698 1685 3746 Alter.
1708 3732 1721 3744 .
1743 3695 1857 3744 .sibi
1871 3694 2090 3750 amicior,
2107 3710 2252 3757 quam
2268 3691 2406 3750 mihi,

269 3779 525 3842 princeps,
548 3789 597 3824 et
621 3776 831 3824 secunda
857 3779 1142 3823 Veneni-um
1164 3787 1291 3822 vete·
1382 3777 1443 3824 C.
1472 3776 1649 3832 Caesar,
1669 3775 1754 3837 qui
1769 3811 1783 3835 ‚
1808 3785 1861 3821 ut
1884 3773 2033 3820 modo
2055 3772 2207 3830 dixit,
2229 3786 2400 3817 «suam

268 3873 375 3904 rum
396 3874 411 3914 3
457 3857 694 3905 omittunt
722 3858 864 3903 etiam
892 3866 1100 3919 quatuor
1125 3870 1293 3902 manu·
1381 3853 1583 3901 salutem
1596 3853 1869 3914 anteposuit
1883 3868 2048 3899 meaen.
2067 3851 2148 3898 Sic
2159 3850 2211 3896 in
2227 3849 2405 3896 Sextia-

270 3936 440 3999 ocripti
469 3935 766 3984 Britannici:
796 3951 1006 3998 quornm
1024 3950 1154 3981 unus
1173 3933 1292 3980 infra
1381 3945 1477 3978 nn:
1506 3952 1530 3972 ιι
1553 3933 1744 3993 suaque
1774 3931 1866 3978 sibi
1898 3931 2128 3994 propiora
2156 3928 2368 3994 pericula
2388 3963 2401 3985 ,

270 4031 364 4078 pro
416 4013 612 4062 etiamsi
666 4014 813 4062 habet
865 4015 955 4061 etsi
970 4033 990 4069 ‚-
1038 4014 1295 4074 statimque
1382 4025 1529 4073 qnam
1580 4025 1682 4057 mea
1700 4046 1715 4069 ,
1767 4009 2096 4073 loquebantur
2128 4030 2172 4054 n.
2217 4009 2397 4055 Totum

275 4095 417 4141 iidem
437 4106 648 4158 quatuor
673 4103 837 4142 carent
851 4095 1054 4141 vocibus
1071 4093 1199 4141 inter·
1212 4108 1264 4138 se
1279 4127 1294 4152 ,
1382 4089 1516 4136 hunc
1532 4088 1694 4135 locum
1715 4089 1840 4135 miro
1864 4087 2071 4134 artifieio
2099 4097 2268 4134 tractat
2290 4101 2398 4132 ora·

278 4176 375 4221 siue
403 4175 589 4237 quibus
621 4174 808 4237 reliqua
838 4173 963 4220 bene
988 4172 1291 4229 consistunt,
1385 4180 1476 4226 tor,
1504 4168 1720 4231 quamvis
1746 4166 1993 4215 difficilem
2021 4166 2152 4214 satis.
