2994 4778
642 415 1023 484 ORATIO
1074 416 1184 486 IN
1233 417 1312 483 L.
1349 416 1428 484 C.
1478 416 1958 486 PISONEM.
2216 416 2359 503 425

232 553 309 609 te
354 535 709 617 miserior,
761 537 926 634 quis
963 551 1040 609 te
1090 536 1551 625 damnatior,
1571 539 1701 636 qui
1750 562 1992 634 neque
2041 539 2358 613 scribere

231 647 327 719 ad
385 662 749 730 senatum,
806 671 848 716 a
900 660 973 717 te
1019 645 1207 718 bene
1266 646 1791 745 rempublicam
1834 671 1988 719 esse
2046 666 2311 746 gestam
2337 707 2357 740 ,

229 779 473 855 neque
508 779 817 854 pmens
846 754 1086 828 dicere
1116 780 1334 828 ausus
1371 756 1492 828 es?

327 869 507 935 XLI.
560 873 671 936 An
700 880 782 936 tu
809 864 1021 954 mihi,
1055 870 1172 937 cui
1207 890 1492 964 semper
1523 868 1618 938 ita
1646 890 2067 964 persuasum
2103 865 2354 956 fuerit,

228 1000 385 1047 non
444 975 756 1062 eventiS‚
808 976 932 1046 sed
978 974 1210 1062 sactis,
1258 975 1614 1074 cujusque
1656 975 2023 1050 fortunam
2073 978 2354 1075 ponde-

231 1085 408 1173 rari,
447 1084 685 1156 dicere
736 1082 1036 1174 audes¹,
1081 1109 1320 1184 neque
1365 1091 1440 1157 in
1486 1086 1766 1158 tabellis
1811 1112 2211 1185 paucorum
2242 1089 2355 1184 ju-

227 1194 474 1265 dicum
492 1205 548 1281 2,
579 1193 705 1265 sed
740 1195 812 1265 in
853 1196 1228 1267 sententiis
1255 1198 1581 1267 omnium
1608 1198 1907 1286 civium,
1930 1195 2186 1267 famam
2219 1222 2355 1267 no-

228 1318 452 1376 stram
496 1302 1015 1402 fortunamque
1051 1306 1412 1403 pendere?
1449 1310 1546 1375 Te
1582 1305 2077 1377 indemnatum
2127 1305 2357 1376 videri

228 1428 484 1512 putas»,
545 1437 766 1510 quem
828 1415 1000 1486 socii
1027 1469 1047 1497 ,
1114 1440 1335 1513 quem
1410 1414 1780 1504 foederati,
1854 1439 2074 1513 quem
2147 1414 2353 1486 liberi

227 1521 521 1620 populi,
561 1547 777 1620 quem
807 1522 1280 1621 stipendiarii,
1319 1549 1543 1623 quem
1577 1527 2098 1623 negotiatoreS,
2131 1548 2352 1621 quem

229 1630 635 1727 publicani,
663 1657 883 1729 quem
914 1635 1249 1709 universa
1280 1635 1562 1723 civitaS,
1598 1660 1816 1732 quem
1852 1634 2097 1732 legati,
2132 1657 2353 1731 quem

228 1740 507 1811 tribuni
551 1742 923 1829 militares,
971 1767 1190 1839 quem
1228 1743 1484 1841 reliqui
1532 1744 1829 1832 militeS,
1875 1745 2003 1841 qui
2043 1740 2356 1827 sermm,

228 1852 360 1947 qui
391 1847 690 1938 famem,
737 1853 863 1948 qui
907 1851 1250 1923 morbum
1296 1852 1742 1952 effugerunt,
1795 1854 1994 1924 omni
2034 1854 2352 1924 cruciatu

226 1959 728 2054 dignissimum
746 1976 1003 2057 putant
1018 1959 1080 2032 3?
1098 1965 1213 2035 cui
1234 1988 1388 2035 non
1405 1962 1596 2062 apud
1611 1978 1940 2035 senatum
1954 2016 1974 2050 ‚
1989 1988 2142 2034 non
2159 1961 2351 2059 apud

227 2067 460 2140 ullum
500 2070 824 2143 ordinem
848 2125 867 2159 ,
911 2096 1058 2142 non
1102 2074 1295 2172 apud
1331 2076 1613 2171 equites
1652 2095 2036 2159 romanOS,
2077 2098 2227 2143 non
2278 2074 2353 2141 in

227 2178 450 2266 urbe,
486 2206 638 2252 non
668 2184 745 2252 in
788 2181 1028 2270 Italia,
1065 2185 1545 2255 maximorum
1589 2182 1941 2254 scelerum
1976 2183 2181 2252 venia
2209 2180 2354 2251 ulla

227 2288 321 2359 ad
362 2291 883 2387 ignoscendum
911 2291 1063 2364 dari
1102 2294 1368 2392 possit?
1407 2296 1536 2392 qui
1568 2319 1645 2365 se
1685 2295 1840 2393 ipse
1876 2292 2180 2376 oderit4,
2221 2293 2349 2394 qui

225 2414 506 2472 metuat
538 2428 830 2491 omne5‚
867 2405 996 2503 qui
1032 2430 1233 2476 suam
1267 2428 1550 2477 causam
1596 2405 1869 2475 nemini
1901 2406 2353 2477 committere

223 2509 520 2598 audeat,
557 2515 688 2610 qui
734 2537 810 2585 se
858 2516 1012 2612 ipse
1052 2515 1535 2589 condemnet?
1568 2519 1985 2612 Numquam
2027 2538 2160 2610 ego
2195 2536 2352 2605 san-

224 2625 525 2719 guinem
572 2627 884 2721 expetivi
933 2640 1179 2714 tuum;
1241 2649 1643 2725 numquam
1693 2625 1875 2698 illud
1917 2639 2357 2709 extremum,

224 2732 433 2830 quod
471 2749 714 2831 posset
748 2760 900 2807 esse
935 2734 1285 2834 improbis
1323 2752 1394 2809 et
1426 2737 1675 2835 probis
1719 2758 2142 2816 commune,
2180 2757 2352 2830 sup-

224 2843 527 2940 plicium
562 2844 732 2941 legis
765 2869 846 2916 ac
878 2844 1160 2939 judicii3
1208 2848 1330 2918 sed
1372 2847 1776 2943 abjectum,
1814 2856 2354 2940 contemptum,

225 2951 649 3051 despectum
680 2980 718 3025 a
743 2957 1030 3042 ceteri5‚
1063 2981 1103 3026 a
1128 2972 1198 3028 te
1222 2959 1384 3055 ipso
1415 2957 1868 3054 desperatum
1898 2968 1970 3025 et
1997 2952 2350 3037 relictum,

222 3063 995 3162 circumspectantem⁵
1041 3071 1314 3154 omnia,
1372 3065 1731 3166 quidquid
1756 3064 1790 3110 ⁶
1843 3064 2351 3160 increpuisset,

294 3214 429 3262 xm.
456 3231 501 3263 1.
520 3215 634 3264 Duo
651 3215 756 3263 baee
778 3217 920 3264 verba
938 3217 1060 3264 male
1081 3216 1248 3265 -ddiu

222 3294 474 3343 videntur.
500 3295 549 3344 J.
571 3297 634 3343 V.
661 3298 716 3343 L.

1407 3225 1457 3274 4.
1494 3213 1592 3280 ρὰί
1612 3233 1666 3265 se
1688 3217 1791 3280 ipse
1816 3213 1985 3263 oder-it.
2016 3209 2353 3261 Pei-ditissime

1335 3297 1524 3345 Pisonis
1548 3298 1663 3346 vitm
1696 3298 1959 3344 maximum
1993 3294 2090 3341 boe
2115 3290 2351 3339 indicium

293 3388 344 3420 α.
396 3376 671 3421 Paucorum
702 3372 959 3440 judicium.
1014 3375 1244 3438 Magnam

219 3451 302 3500 hic
319 3452 400 3500 sui
427 3452 578 3517 ipsius
593 3452 812 3513 jactandi
831 3455 1073 3502 materiam
1099 3454 1244 3502 habet

220 3543 413 3591 orator,
433 3533 520 3596 qui
539 3533 688 3580 totius
708 3532 857 3580 ltaliae
879 3533 1044 3581 studio
1068 3534 1120 3580 in
1143 3535 1245 3581 for-

221 3620 365 3658 tnms
421 3612 673 3658 restitutus
697 3645 713 3668 ,
768 3627 819 3658 se
869 3627 980 3659 eum
1035 3613 1210 3661 Pisone
1226 3646 1243 3674 ,

219 3689 446 3739 omnium
470 3688 592 3737 odio
612 3688 936 3752 conflagrante
956 3690 1189 3740 conferat.

293 3766 345 3817 3.
402 3767 751 3832 Dignissimum
788 3772 1006 3833 putant?
1052 3770 1242 3817 Etenim

218 3847 450 3895 omnibus
490 3847 567 3896 his
611 3848 721 3895 Piso
740 3882 756 3904 ‚
798 3849 954 3896 fuerat
1003 3848 1242 3896 malorum

218 3926 361 3989 origo
388 3944 403 3975 :
455 3930 571 3992 quis
612 3927 721 3974 aliis
761 3929 1045 3991 pecuniam,
1087 3943 1240 3991 opes,

219 4007 439 4055 fortunas
475 4009 745 4072 eripuerat,
777 4023 887 4055 cum
915 4007 1020 4055 aliis
1047 4007 1110 4054 ita
1137 4024 1241 4055 sese

1331 3375 1591 3434 habemus,
1625 3375 1760 3440 quod
1778 3409 1793 3434 ,
1826 3373 2047 3438 quamvis
2076 3370 2354 3418 insolentis-

1331 3456 1450 3502 sime
1473 3454 1733 3503 sceleribus
1761 3453 2024 3509 subnixus,
2041 3451 2092 3497 in
2109 3449 2354 3514 suiipsius

1332 3533 1502 3582 odium
1522 3535 1761 3590 inconst,
1781 3548 1932 3596 quum
1950 3530 2112 3578 nimiis
2125 3528 2354 3577 facinori·

1331 3613 1423 3661 bus
1449 3624 1700 3662 terreatur.

1401 3693 1450 3739 5.
1477 3692 1976 3755 circumspectantem.
1995 3686 2265 3734 Maximum
2287 3684 2349 3730 ti-

1329 3771 1480 3834 moris
1511 3770 1764 3818 indicium.
1798 3768 1877 3817 Sie
1910 3766 2088 3830 Virgil.
2124 3767 2235 3811 AEn.
2270 3763 2354 3821 11,

1330 3850 1421 3905 68,
1446 3850 1506 3897 de
1528 3849 1707 3897 Sinone
1733 3861 1746 3894 :
1782 3870 1807 3889 «-
1827 3849 1991 3909 Atque
2018 3845 2175 3892 oculis
2196 3841 2354 3905 Phry-

1330 3928 1406 3991 gis
1429 3927 1621 3991 agmins
1643 3926 1984 3990 circumspexit
2003 3947 2048 3972 -.

1397 4006 1446 4054 6.
1492 4004 1748 4070 Quidquid
1768 4003 2090 4069 increpuisset.
2123 4003 2205 4050 Sic
2239 4002 2348 4047 AEn.

217 4097 454 4148 gesserat,
483 4098 540 4135 ut
555 4121 572 4142 ,
601 4088 754 4135 vitato
778 4087 921 4145 odio,
949 4087 1001 4133 in
1025 4097 1242 4134 contem·
1325 4089 1374 4132 11
1389 4119 1404 4143 ,
1429 4085 1528 4145 728
1548 4097 1561 4130 :
1585 4106 1609 4125 α
1628 4084 1774 4132 Nune
1798 4100 1967 4132 omnes
1992 4090 2173 4130 terrent
2192 4093 2346 4135 surae,

216 4165 433 4228 ptionem
457 4165 714 4216 incideret.

1328 4180 1475 4213 sonus
1500 4164 1681 4212 excitat
1705 4164 1863 4213 omnis
1886 4164 2180 4223 Suspensum
2207 4178 2245 4201 ι·-
