2994 4778
609 378 749 478 296
1259 381 2048 452 ARGUMENTUM.

681 502 877 581 peium
917 498 1032 562 boc
1071 501 1404 562 inscientem
1446 503 1664 565 fecisse.
1704 501 1775 560 Id
1814 515 2007 561 autem
2042 520 2283 580 prorsus
2323 513 2571 579 negatur
2615 503 2732 561 fieri

686 601 943 678 potuisse
963 642 981 671 ,
1009 583 1261 678 propter=
1279 600 1400 676 ejus
1426 597 1810 676 prmmbilem
1839 599 2133 657 scientiam
2158 598 2221 655 in
2253 595 2603 666 foederibus,
2633 619 2731 676 pa-

684 695 975 754 ctionibus
995 740 1013 769 ‚
1032 693 1461 754 conditionibus
1499 695 1850 773 populorum
1877 738 1895 767 ,
1926 714 2124 774 regum
2143 735 2164 764 ,
2186 707 2514 753 exterarum
2545 697 2741 753 natio-v

684 812 857 864 num,
899 792 959 850 in
1000 794 1270 851 universo
1319 789 1568 869 denique
1600 791 1766 868 jure,
1819 790 1959 849 belli
1992 805 2051 849 et
2089 789 2261 868 pacis.
2308 795 2519 848 Totam
2560 792 2731 870 igitur

682 890 1100 948 accusationem
1130 908 1251 947 esse
1282 887 1500 945 invidia
1528 900 1585 945 et
1616 887 2331 964 obtrectationexPompeii
2363 901 2732 957 commotam,

683 1006 810 1064 cap.
841 986 970 1044 2-6.
1015 992 1143 1045 Jam
1173 984 1425 1044 ostendit
1454 1005 1517 1044 se
1549 985 1759 1044 omisso
1795 984 2070 1062 Pompeio
2101 983 2175 1041 de
2216 1003 2393 1043 causa
2433 997 2725 1055 acturum,

678 1084 785 1142 etsi
816 1082 927 1142 sibi
951 1082 1093 1142 nihil
1122 1083 1196 1141 sit
1225 1082 1360 1140 novi
1391 1102 1425 1139 a
1458 1086 1664 1142 Crasso
1691 1095 1750 1141 et
1775 1081 2056 1159 Pompeio
2076 1079 2363 1140 relictum.
2388 1082 2725 1158 Priusquam

678 1193 874 1241 autem
895 1180 1260 1260 aggrediatur
1285 1199 1545 1250 causam,
1567 1178 1713 1257 petit
1732 1198 1766 1238 a
1784 1177 2080 1257 judicibus
2095 1221 2116 1250 ,
2140 1191 2207 1236 ut
2230 1178 2282 1237 si
2306 1198 2536 1238 causam
2561 1177 2726 1238 Balbi

670 1276 927 1348 ‚viderint
962 1296 1069 1355 per
1107 1296 1169 1335 se
1208 1277 1392 1353 ipsam
1431 1275 1658 1334 firmam
1692 1294 1758 1332 ac
1785 1273 2078 1346 stabilem,
2111 1287 2455 1333 ornamenta
2495 1275 2548 1334 ei
2587 1293 2726 1333 con-

682 1393 839 1434 cessa
884 1371 1215 1450 adjumento
1257 1371 1451 1449 potius
1471 1412 1489 1439 ‚
1542 1389 1715 1448 quam
1759 1383 2002 1448 propter
2044 1369 2384 1430 invidorum
2420 1371 2729 1430 oelumnias

684 1468 1096 1548 impedimento
1122 1486 1245 1526 esse
1269 1466 1499 1539 malint,
1522 1485 1651 1545 cap.
1677 1486 1735 1539 7.

758 1573 887 1627 Jam
921 1564 1081 1643 quod
1115 1576 1414 1623 accusator
1456 1575 1795 1641 negaverat,
1837 1582 1912 1622 ex
1962 1561 2240 1624 foederato
2269 1565 2496 1642 populo
2527 1584 2729 1642 quem-

681 1682 851 1739 quam
884 1663 1139 1739 potuisse
1171 1659 1399 1718 civitate
1434 1679 1669 1719 romana
1698 1659 1942 1731 donari,
1991 1660 2104 1718 nisi
2145 1660 2195 1718 is
2226 1661 2482 1738 populus
2521 1661 2730 1720 fundus

687 1761 870 1817 factus
899 1772 1049 1816 esset
1072 1758 1216 1835 legis
1242 1758 1545 1828 Corneliae,
1558 1756 1616 1816 h.
1635 1776 1686 1815 e.
1707 1757 1820 1816 nisi
1845 1776 1972 1815 eam
2001 1757 2182 1833 legem
2205 1755 2545 1816 adscivisset
2558 1771 2617 1816 et
2631 1778 2729 1836 ap-

681 1853 1019 1932 probasset3
1060 1854 1265 1913 Cicero
1293 1854 1543 1932 primum
1572 1852 1837 1932 imperite
1873 1853 1986 1911 hoc
2013 1853 2129 1911 dici
2159 1854 2244 1911 ait
2280 1852 2597 1913 foederatos
2630 1873 2733 1932 po-

682 1951 849 2028 pulos
876 1950 999 2009 fieri
1033 1950 1242 2010 fundos
1273 1964 1577 2030 oportere,
1618 1969 1797 2027 quum
1822 1948 1935 2008 hoc
1968 1970 2087 2008 non
2116 1950 2300 2028 magis
2326 1950 2405 2008 sit
2429 1952 2729 2030 proprium

683 2047 1092 2108 foederatorum
1114 2091 1131 2120 ,
1181 2066 1352 2125 quam
1424 2047 1680 2106 omnium
1734 2045 2050 2105 liberorum
2102 2049 2474 2125 populorum.
2519 2053 2726 2106 Totum

683 2143 795 2202 hoc
834 2145 1029 2222 potius
1080 2144 1253 2202 fuisse
1304 2142 1556 2222 positum
1595 2143 1655 2200 in
1689 2142 1799 2200 hac
1840 2142 2154 2214 sententia,
2179 2155 2243 2200 ut
2273 2163 2458 2220 quum
2475 2142 2730 2220 jussisset

682 2242 934 2318 populus
996 2261 1271 2301 romanus
1310 2238 1561 2318 aliquid,
1608 2239 1658 2297 si
1707 2238 1769 2296 id
1813 2237 2189 2298 adscivissent
2235 2240 2383 2299 socii
2422 2240 2626 2318 populi
2666 2259 2734 2298 ac

675 2336 901 2409 Latini,
928 2349 987 2395 et
1012 2337 1061 2396 si
1092 2356 1162 2396 ea
1193 2336 1287 2395 lex
1309 2378 1326 2409 ,
1353 2355 1529 2415 quam
1558 2333 1804 2394 Romani
1834 2333 2150 2409 haberent,
2187 2334 2393 2395 eadem
2424 2336 2488 2395 in
2515 2335 2736 2415 populo

681 2434 876 2511 aliquo
906 2446 1195 2512 tamquam
1230 2435 1289 2492 in
1324 2434 1510 2495 fundo
1551 2432 1887 2504 resedisset,
1922 2447 1985 2491 ut
2011 2444 2133 2491 tum
2162 2432 2290 2509 lege
2317 2432 2527 2492 eadem
2557 2435 2606 2492 is
2634 2453 2738 2512 po-

681 2532 853 2611 pulus
882 2544 1209 2602 teneretur;
1241 2549 1358 2588 non
1392 2543 1459 2588 ut
1493 2529 1568 2603 de
1593 2548 1836 2591 romano
1860 2527 1994 2605 jure
2020 2528 2241 2606 aliquid
2280 2528 2738 2600 deminuet-etur,

679 2630 780 2690 sed
802 2644 865 2688 ut
888 2631 973 2690 illi
999 2630 1232 2708 populi,
1249 2642 1349 2687 aut
1368 2629 1502 2706 jure
1524 2627 1802 2704 e0,‘quod
1826 2647 1861 2685 a
1875 2627 2148 2686 Romanis
2168 2641 2318 2687 esset
2337 2630 2740 2696 constitutum,

680 2740 782 2785 aut
802 2726 997 2803 aliquo
1021 2722 1348 2793 commodo,
1362 2735 1466 2781 ¹aut
1490 2721 1774 2781 beneficio
1804 2735 2121 2780 uterentur.
2141 2727 2293 2782 Nam
2316 2723 2368 2780 si
2392 2722 2538 2800 quid
2557 2724 2742 2801 jusse-

682 2823 755 2880 rit
789 2822 1038 2899 populus
1061 2817 1371 2896 ejusmodi,
1402 2831 1466 2876 ut
1490 2817 1836 2895 quibusdam
1860 2820 2111 2896 populis,
2135 2819 2258 2876 sive
2281 2819 2600 2893 foederatis,
2620 2821 2740 2879 sive

678 2917 876 2977 liberis
906 2911 1355 2994 permittendum
1388 2932 1511 2972 esse
1540 2912 1837 2985 videatur,
1870 2925 1936 2970 ut
1961 2927 2217 2973 statuant
2248 2915 2364 2994 ipsi
2389 2914 2464 2974 de
2490 2918 2612 2975 suis
2640 2936 2738 2974 re-

675 3014 784 3074 bus
811 3031 928 3092 quo
947 3011 1080 3089 jure
1108 3011 1192 3069 uti
1223 3010 1432 3082 velint,
1481 3022 1604 3067 tum
1632 3009 2008 3087 quaerendum
2030 3030 2152 3069 esse
2184 3023 2382 3070 utrum
2409 3012 2579 3070 fundi
2602 3013 2739 3072 facti

648 3114 791 3171 ‚sint
820 3131 894 3168 an
920 3130 1080 3181 non;
1129 3121 1189 3167 et
1216 3126 1389 3187 grave
1417 3126 1540 3166 esse
1572 3106 1632 3163 in
1660 3106 1946 3184 populum
1975 3126 2278 3167 romanum
2303 3128 2424 3166 non
2452 3128 2622 3186 posse
2648 3108 2735 3166 uti

681 3209 970 3266 sociorum
1021 3207 1266 3277 virtute,
1316 3204 1418 3282 qui
1462 3203 1645 3262 velint
1694 3222 1827 3260 cum
1876 3200 2150 3281 periculis
2193 3207 2587 3264 Romanorum
2626 3224 2739 3263 sua

678 3304 1135 3375 communicare,
1162 3300 1638 3359 contumeliosum
1665 3317 1807 3357 vero
1836 3299 1897 3355 in
1928 3300 2116 3359 socios
2139 3314 2197 3359 et
2224 3299 2600 3377 injuriosum,
2627 3321 2738 3361 eos

676 3398 767 3456 his
794 3400 1044 3476 praemiis
1069 3413 1127 3456 et
1153 3398 1242 3456 his
1263 3397 1588 3457 honoribus
1621 3394 1850 3454 excludi
1868 3438 1886 3467 ,
1907 3415 2037 3473 quae
2064 3410 2298 3475 pateant
2323 3397 2744 3478 stipendiariis,

676 3493 965 3566 hostibus,
992 3506 1050 3551 et
1074 3513 1225 3570 saepe
1248 3491 1447 3550 servis.
1473 3495 1639 3569 Saepe
1664 3492 1819 3550 enim
1844 3491 2254 3571 stipendiarios
2281 3514 2356 3552 ex
2378 3496 2583 3555 Africa
2599 3538 2621 3568 ,
2644 3495 2747 3557 si-

675 3592 811 3650 cida
830 3633 847 3662 ,
875 3589 1166 3659 Sardinia,
1202 3588 1395 3645 hostes
1415 3588 1518 3664 qui
1548 3587 1622 3646 ad
1652 3589 2034 3668 imperatores
2061 3609 2334 3650 romanos
2355 3593 2753 3672 perfugerint,

658 3671 902 3749 civitate
922 3730 940 3759 ,
994 3688 1247 3763 itemque
1279 3703 1474 3743 servos
1515 3684 1664 3745 bene
1708 3686 1782 3745 de
1824 3687 2127 3765 republica
2154 3689 2391 3748 meritos
2430 3689 2753 3763 libertate,

677 3787 735 3846 h.
766 3807 816 3845 e.
847 3785 1076 3845 civitate
1108 3784 1353 3844 donatos
1388 3803 1544 3852 esse,
1572 3804 1701 3864 cap.
1734 3787 1906 3853 8-10.

753 3888 1038 3941 Praeterea
1063 3881 1158 3958 jus
1179 3880 1466 3942 mutandae
1496 3881 1887 3949 civitan‘swnon
1911 3884 2099 3942 solum
2124 3884 2185 3941 in
2210 3883 2434 3963 legibus
2461 3882 2755 3962 publicis,

675 3979 777 4038 sed
808 3978 981 4038 etiam
1008 3978 1068 4036 in
1098 3979 1458 4057 privatorum
1492 3979 1785 4037 voluntate
1823 3979 2085 4057 positum.
2106 4000 2262 4050 esse,
2293 4000 2422 4059 cap.
2480 4000 2540 4037 u
2568 4023 2591 4052 ,
2652 4003 2752 4040 ιιι.

669 4078 933 4156 Denique
961 4076 1180 4164 nullam
1207 4089 1434 4153 gentem
1461 4095 1585 4157 esse
1612 4095 1683 4134 ex
1707 4076 1862 4134 omni
1893 4077 2127 4153 regione
2155 4092 2439 4137 terrarum
2461 4120 2476 4148 ‚
2506 4097 2584 4134 ex
2618 4099 2750 4155 qna
