2994 4778
684 404 1063 473 ORATIO
1113 406 1318 476 PRO
1369 407 1456 494 Q.
1510 408 1972 475 LIGARIO.
2250 404 2379 502 59¹

252 549 388 595 vos
428 538 581 593 tum
636 524 970 620 paruistis
987 522 1038 611 ⁵,
1085 547 1313 621 quum
1366 526 1609 623 paruit
1651 549 1908 612 nemo,
1955 527 2084 623 qui
2131 526 2383 599 noluit.

254 632 747 732 Reprehendo
782 633 1040 730 igitur?
1091 634 1389 706 Minime
1426 659 1620 706 vero.
1661 637 1912 731 Neque
1949 638 2141 706 enim
2185 636 2390 708 licuit

254 745 466 815 aliter
492 758 729 814 vestro
756 744 1037 839 generi,
1070 745 1387 830 nomini,
1415 743 1730 832 familiae,
1759 741 2216 843 disciplinaess.
2248 747 2388 820 Sed

256 852 403 924 hoc
443 877 594 923 non
647 851 1010 939 conced0,
1073 868 1190 941 ut,
1249 852 1518 951 quibus
1575 852 1797 926 rebus
1850 856 2257 953 gloriemini
2309 861 2385 927 in

255 962 500 1048 vobiS,
540 962 826 1035 easdem
866 964 940 1033 in
973 963 1126 1035 aliis
1163 963 1729 1063 reprehendatis

356 1072 760 1145 Tuberonis
818 1086 1011 1144 sors⁷
1071 1076 1396 1169 conjecta
1447 1090 1556 1146 est
1606 1100 1690 1146 ex
1731 1077 2394 1162 senatusconsultO,

256 1209 489 1280 quum
532 1185 681 1281 ipse
724 1207 876 1253 non
918 1183 1239 1271 adesset,
1293 1183 1555 1256 morbo
1609 1187 1822 1256 etiam
1878 1186 2388 1284 impediretnr;

255 1308 605 1365 statuerat
634 1317 975 1365 excusare
993 1288 1048 1388 ἒ.
1089 1299 1252 1365 Haec
1288 1319 1422 1391 ego
1452 1297 1622 1366 novi
1654 1311 1956 1393 propter
1987 1322 2242 1368 omnes
2269 1323 2392 1369 ne-

255 1403 763 1489 cessitudine8‚
799 1429 961 1501 quae
1002 1404 1179 1475 mihi
1206 1419 1377 1476 sunt
1414 1430 1581 1476 cum
1617 1409 1695 1475 L.
1731 1405 2132 1477 Tuberone.
2167 1412 2386 1479 Domi

256 1540 405 1585 una
447 1512 748 1600 eruditi,
792 1514 1059 1584 militiae
1108 1512 1751 1604 contubernales'9,
1799 1527 2044 1614 post¹⁰
2096 1516 2385 1605 affine5‚

257 1627 331 1696 in
365 1625 568 1696 omni
609 1622 921 1721 denique
966 1626 1107 1694 vita
1147 1621 1549 1696 familiares.
1587 1629 1934 1723 Magnum
1971 1626 2183 1696 etiam
2226 1627 2386 1697 vin-

256 1735 539 1819 culum,
587 1732 787 1830 quod
825 1733 1078 1806 iisdem
1120 1734 1376 1805 studiis
1427 1758 1713 1833 semper
1761 1736 1871 1805 usi
1909 1759 2179 1806 sumus.
2225 1736 2388 1807 Scio

256 1847 474 1943 igitur
498 1842 958 1915 Tuberonem
995 1842 1192 1913 domi
1235 1868 1526 1915 manere
1559 1843 1889 1914 voluisse.
1927 1844 2065 1916 Sed
2098 1847 2193 1915 ita
2221 1846 2388 1942 qui-

254 1957 420 2026 dam
451 1952 756 2049 agebant
778 2005 797 2039 ,
826 1954 923 2022 ita
949 1950 1363 2051 reipublicae
1394 1955 1925 2024 sanctissimum
1954 1977 2225 2025 nomen
2254 1978 2386 2051 op-

256 2064 732 2163 ponebantss,
795 2077 918 2151 ut,
983 2064 1255 2134 etiamsi
1329 2062 1536 2134 aliter
1590 2062 1934 2147 sentiret,
1991 2062 2383 2134 verborum

259 2191 496 2247 tamen
537 2175 857 2271 ipsorum
907 2171 1197 2271 pondus
1230 2175 1585 2244 sustinere
1613 2196 1761 2241 non
1801 2186 2061 2268 posset.

353 2287 583 2357 Cessit
624 2283 1030 2354 auctoritati
1076 2283 1491 2380 amplissimi
1541 2281 1781 2366 virim,
1823 2281 1935 2351 vel
1986 2282 2230 2379 potius
2267 2307 2389 2381 pa-

252 2398 425 2467 ruit.
475 2399 637 2467 Una
687 2410 794 2466 est
842 2392 1208 2493 profectus
1263 2375 1430 2466 cum
1481 2395 1600 2479 iis,
1661 2418 1976 2491 quorum
2031 2408 2188 2465 erat
2240 2420 2386 2467 una

254 2530 490 2577 causa.
527 2503 826 2576 Tardius
867 2506 1004 2575 iter
1040 2501 1229 2576 fecit.
1266 2510 1524 2601 Itaque
1552 2505 1627 2573 in
1661 2501 1970 2573 Africam
2006 2506 2203 2575 venit
2244 2509 2389 2599 jam

254 2609 789 2712 occupatam13.
843 2615 1027 2685 Hinc
1080 2618 1156 2684 in
1208 2615 1569 2713 Ligarium
1627 2614 1901 2684 crimen
1950 2614 2213 2698 oritur,
2274 2615 2387 2685 vel

254 2722 444 2794 ira¹4
506 2726 771 2822 potius.
841 2725 1024 2792 Nam
1080 2724 1140 2794 si
1213 2726 1487 2795 crimen
1542 2738 1649 2794 est
1704 2722 1977 2812 ullum,
2037 2723 2385 2811 voluisse,

329 2865 378 2912 5.
412 2867 507 2911 Vos
529 2873 628 2910 tum
643 2860 886 2926 paruistis.
913 2862 1278 2927 Obtemperavit

252 2943 443 2992 senatui
482 2942 699 3005 Ligarius
730 2952 842 2989 aute
879 2941 1020 2990 civile
1063 2941 1273 3001 bellum,

250 3038 406 3085 quum
426 3023 612 3084 integra
639 3031 687 3067 et
718 3020 896 3069 intacta
924 3022 1127 3069 omniuo
1152 3032 1277 3069 esset

250 3101 358 3161 ejus
382 3100 673 3157 auctoritas3
708 3114 796 3146 vos
832 3112 992 3147 autem
1023 3101 1274 3165 paruistis,

251 3197 407 3245 quum
420 3213 439 3238 ‚
477 3178 753 3243 perturbata
772 3181 975 3227 omniuo
997 3179 1243 3243 republica
1259 3214 1275 3239 ,

251 3259 387 3308 nulla
407 3260 480 3305 vis
497 3269 599 3305 erat
622 3269 815 3305 senatus
837 3257 1060 3307 decretis.

325 3340 376 3386 6.
403 3335 700 3400 Dismplinoe.
721 3337 851 3399 Quia
868 3352 1046 3385 nomen
1067 3347 1278 3385 vestrum

249 3416 438 3465 clarum
464 3426 537 3463 est
551 3448 569 3474 ,
594 3425 643 3463 et
667 3416 856 3462 animus
882 3415 1075 3464 laudem
1099 3417 1277 3464 acerri-

251 3513 331 3544 me
354 3496 564 3559 appetit.

328 3592 377 3636 7.
407 3571 666 3622 Tuberonis
685 3588 806 3622 sors.
828 3573 1101 3622 Tuberonis
1124 3573 1277 3637 patris

250 3669 454 3705 nomen.

324 3734 374 3781 8.
423 3733 672 3780 Statuerat
715 3746 969 3779 excusare.
1015 3731 1133 3780 Nou
1180 3732 1276 3793 ire,

249 3822 454 3875 propter
472 3809 698 3858 morbum
720 3826 823 3873 quo
841 3808 1109 3857 laborabat.

323 3906 376 3951 9.
407 3889 598 3938 Milieiae
624 3889 1011 3937 contubernales.
1049 3891 1109 3935 Iu
1146 3887 1276 3936 bello

248 3969 464 4017 Marsico
481 4003 496 4025 ,
529 3966 667 4032 quod
697 3980 746 4015 et
769 3969 990 4016 Italicum
1016 3978 1065 4015 et
1090 3967 1277 4016 Sociale

249 4048 432 4095 dieitur
451 4082 466 4105 ,
507 4064 611 4110 quo
647 4047 839 4094 Tullius
879 4048 978 4110 tiro
1026 4048 1178 4096 fuerat
1224 4048 1277 4094 in

246 4126 466 4175 exercitu
494 4127 586 4176 Cn.
616 4127 851 4189 Pompeii.

1441 2879 1517 2911 ro.
1554 2867 1675 2911 Post
1704 2861 1902 2929 affines.
1945 2865 2161 2912 Uxorem
2195 2865 2323 2913 enim
2354 2883 2381 2915 a

1362 2953 1507 3007 gente
1523 2941 1687 2990 Tullia
1707 2942 1905 2990 Tubero
1925 2941 2148 2991 duxerat.

1440 3037 1461 3069 ι
1477 3036 1520 3069 r.
1548 3021 1880 3084 opponebant.
1901 3020 2231 3080 Tuberonem,
2252 3035 2392 3087 post-

1363 3116 1508 3164 quam
1544 3098 1754 3162 graviter
1798 3114 1908 3146 eum
1949 3110 2023 3146 est
2063 3099 2351 3163 insequutus
2381 3136 2400 3162 ,

1362 3176 1725 3244 quodammodo
1750 3193 1979 3225 excusare
2005 3176 2224 3241 videtur,
2250 3181 2389 3244 quod

1362 3258 1523 3322 specie
1567 3256 1685 3303 falna
1734 3255 2014 3320 reipublice
2058 3256 2290 3308 inductus
2335 3260 2389 3309 in

1363 3353 1574 3385 errorem
1600 3351 1733 3384 arma
1753 3335 1972 3400 eoeperit.

1441 3432 1526 3464 η.
1551 3413 1853 3479 Amplisse‘mi
1867 3413 1983 3462 viri.
2011 3415 2234 3479 Pompeii
2255 3416 2391 3465 seili-

1362 3507 1469 3553 cet,
1507 3495 1593 3558 qui
1617 3492 1903 3542 hortabatur
1925 3502 1982 3539 ut
2008 3492 2060 3539 in
2087 3493 2303 3542 Africam
2334 3512 2389 3544 se

1362 3575 1614 3639 reciperet.

1440 3654 1520 3702 13.
1552 3656 1663 3701 Jam
1681 3663 1987 3720 occupatam.
2017 3653 2063 3699 A
2089 3654 2222 3699 Varo
2247 3667 2391 3700 uem-

1362 3749 1453 3796 pe,
1480 3732 1568 3794 qui
1589 3731 1721 3778 illam
1748 3730 1843 3778 sibi
1869 3732 2065 3795 propria
2099 3732 2391 3780 auctoritate

1365 3810 1712 3858 vindicaverat.

1440 3897 1524 3943 14.
1560 3885 1651 3934 Vel
1676 3887 1767 3935 ira.
1805 3888 1931 3951 Quia
1963 3886 2148 3934 scilicet
2180 3887 2232 3934 in
2260 3888 2394 3936 Atri-

1364 3983 1469 4015 eam
1497 3966 1682 4030 recepti
1710 3983 1814 4014 non
1840 3966 2002 4023 suere}
2034 3982 2124 4013 nec
2147 3966 2392 4031 appellere

1364 4044 1562 4109 quidem
1585 4055 1851 4109 potueruut
1871 4059 1887 4104 ς
1921 4059 2112 4093 causam
2137 4046 2285 4108 igitur
2310 4062 2395 4094 ac-

1367 4124 1629 4171 cusationis
1662 4124 1808 4185 hujus
1848 4122 2057 4174 artifieio
2088 4123 2303 4172 oratorio
2336 4123 2388 4172 in
