2994 4778
727 400 1114 468 ORATIO
1167 400 1269 469 IN
1320 400 1846 470 VATINIUM.
2208 404 2340 490 143

212 517 695 593 continendas
718 571 740 602 ‚
781 518 909 591 sed
953 520 1379 617 portitorem
1403 529 1438 577 9
1488 515 1580 589 ad
1623 521 2029 618 partiendas
2063 544 2338 599 merces
2442 552 2448 557 ·

220 632 525 729 missum
553 644 888 728 putareS,
929 654 1306 727 quumque
1344 630 1675 699 omnium
1716 627 2002 720 domos,
2044 636 2343 732 apothe-

222 765 377 825 cas,
434 762 693 827 naves,
746 737 1185 810 furacissime
1217 753 1614 811 scrutarere
1634 790 1655 824 ‚
1707 737 2181 839 hominesque
2219 767 2342 818 ne·

216 853 406 946 gotia
424 863 762 946 gerentes
783 848 1063 942 judiciis
1080 850 1542 947 iniquissimis
1566 849 1904 937 irretires‚
1921 867 2348 929 mercatores

214 984 259 1031 e
299 961 469 1030 navi
503 959 959 1055 egredientes
997 972 1325 1045 terreres,
1342 957 1908 1030 conscendentes
1939 983 2340 1036 morarere:

211 1083 568 1141 teneasne
592 1071 964 1155 memoria,
980 1065 1113 1139 tibi
1127 1072 1202 1138 in
1221 1083 1581 1140 conventu
1599 1070 1913 1141 Puteolis
1929 1094 2184 1144 manus
2194 1096 2347 1148 esse

211 1179 514 1250 allatas?
546 1178 637 1249 ad
674 1202 789 1250 me
823 1177 1197 1250 consulem
1240 1177 1797 1250 Puteolanorum
1831 1181 2159 1279 querelas
2195 1206 2347 1257 esse

214 1289 496 1360 delatas
515 1288 548 1356 Ξ)
583 1293 749 1359 Post
780 1301 1244 1385 quaesturam,
1273 1288 1624 1359 exierisne
1652 1286 1926 1386 legatus
1952 1293 2029 1360 in
2057 1291 2349 1365 ulterio-

214 1423 370 1469 rem
429 1400 849 1494 Hispaniam
879 1448 901 1484 ‚
963 1401 1040 1467 C.
1094 1396 1558 1468 Cosconiow
1583 1398 2062 1496 proconsule?
2121 1423 2349 1496 quum

216 1509 401 1580 illud
443 1509 590 1579 iter
641 1507 1112 1603 Hispaniense
1157 1504 1466 1603 pedibus
1509 1503 1658 1578 fere
1692 1505 1951 1579 confici
1976 1518 2031 1552 ¹¹
2088 1509 2349 1599 soleat,

217 1632 343 1689 aut
362 1596 482 1704 ‚xsi
518 1618 687 1713 quis
722 1617 1054 1713 navigare
1085 1614 1298 1703 velit,
1341 1629 1535 1687 certa
1573 1616 1665 1687 sit
1697 1618 1878 1686 ratio
1921 1618 2302 1715 navigandi
2331 1647 2351 1709 3

220 1732 604 1803 venerisne
643 1730 716 1800 in
758 1728 1189 1816 Sardiniam,
1226 1742 1442 1826 atque
1478 1728 1649 1801 inde
1685 1733 1759 1799 in
1804 1728 2158 1802 Africam?
2194 1731 2349 1806 fue-

225 1846 453 1926 risne,
471 1838 680 1937 quod
715 1840 869 1910 sine
897 1839 1522 1910 senatusconsulto
1543 1835 1672 1909 tibi
1698 1836 1932 1911 facere
1951 1864 2099 1911 non
2129 1840 2354 1927 licuit,

228 1956 298 2023 in
332 1974 574 2048 regno
595 1948 1092 2044 Hiempsalis¹²
1110 1945 1467 2020 Pfuerisne
1494 1952 1574 2019 in
1593 1972 1817 2047 regno
1849 1953 2356 2024 Mastanesosi?

228 2063 610 2133 venerisne
651 2055 745 2129 ad
785 2054 1131 2129 fretum¹³
1164 2081 1297 2157 per
1335 2059 1883 2129 Mauritaniam?
1913 2050 2136 2156 qu'em
2174 2064 2355 2135 scias

234 2195 580 2269 umquam
604 2170 921 2267 legatum
942 2170 1484 2266 Hispaniensem
1505 2169 1656 2241 istis
1667 2168 2044 2243 itineribus
2059 2171 2135 2241 in
2163 2171 2356 2244 illam

239 2281 683 2375 provinciam
717 2279 1131 2378 pervenisse
1162 2286 1181 2321 ¹
1192 2277 1273 2346 *Ρ

334 2396 582 2463 Factus
615 2413 693 2462 ὥ
736 2386 1072 2459 tribunus
1106 2385 1340 2484 plebis
1380 2384 1604 2484 (quid
1641 2386 1832 2458 enim
1865 2402 1937 2459 te
1973 2386 2065 2461 de
2104 2391 2357 2489 Hispa-

247 2499 606 2572 niensibus
650 2497 930 2595 flagitiis
970 2498 1152 2584 tuis,
1195 2495 1844 2594 sordidissimisque
1891 2496 2100 2570 furtis
2133 2500 2358 2572 inter·

245 2610 565 2707 rogem?)
596 2636 613 2679 ε
658 2631 909 2706 quaero
938 2606 1068 2678 abs
1095 2622 1166 2679 te
1198 2609 1549 2705 primum,
1576 2608 1778 2706 quod
1823 2631 2052 2704 genus
2089 2613 2362 2706 impro-

240 2716 473 2791 bitatis
518 2733 592 2791 et
632 2717 917 2789 sceleris
953 2719 1030 2788 in
1066 2741 1156 2788 eo
1186 2717 1604 2814 magistratu
1643 2717 2231 2815 praetermiseris?
2264 2722 2363 2791 Ac

243 2828 366 2900 tibi
399 2830 552 2925 jam
595 2825 767 2899 inde
807 2824 1224 2926 praescrib0‚
1256 2851 1348 2897 ne
1394 2841 1553 2898 tuas
1591 2826 1841 2899 sordes
1867 2850 2035 2898 cum
2061 2824 2394 2898 clarissim

244 2961 524 3009 morum
566 2938 890 3009 virorum
948 2934 1309 3032 spendore
1353 2937 1801 3035 permisceas.
1861 2940 2013 3033 Ego
2062 2951 2135 3008 te
2169 2961 2363 3034 quae-

242 3070 559 3144 cumque
612 3043 883 3143 rogabo
910 3099 929 3131 ‚
988 3043 1078 3115 de
1139 3058 1211 3116 te
1254 3047 1415 3142 ipso
1470 3044 1788 3143 rogabo;
1865 3069 2107 3142 neque
2155 3060 2228 3117 te
2276 3071 2364 3118 ex

242 3162 657 3260 amplissimi
705 3155 925 3230 viri¹⁵
961 3159 1340 3256 dignitate,
1378 3160 1504 3231 sed
1552 3184 1637 3231 ex
1688 3161 1832 3229 tuis
1872 3157 2191 3230 tenebris
2244 3184 2368 3230 ex·-

312 3356 364 3402 8.
387 3351 683 3400 maium.
710 3348 886 3398 cicero
915 3348 969 3394 in
998 3346 1254 3395 consulatu
1421 3363 1501 3396 ιι.
1521 3346 1726 3396 Pedibus
1731 3344 1852 3412 ser-e
1877 3345 2056 3416 confici
2077 3348 2240 3397 soleat.
2254 3349 2365 3397 Usi-

246 3431 578 3494 poebibuent,
616 3443 680 3476 ne
696 3434 950 3491 argentum
977 3436 1063 3474 ant
1085 3442 1253 3474 nurum
1344 3436 1497 3476 tatum
1536 3427 1634 3475 hoo
1672 3425 1932 3487 Ciceroni,
1950 3441 2101 3492 quum
2139 3437 2363 3477 terrestre

248 3520 596 3577 exportaretur,
624 3519 812 3555 merces
851 3505 1092 3555 mercibus
1125 3521 1258 3554 com·
1345 3506 1438 3554 iter
1463 3507 1569 3554 vult
1586 3504 1865 3570 significari.

251 3591 419 3639 nutari
441 3599 634 3637 tantum
655 3585 956 3650 permiserat.
1426 3601 1508 3634 ω.
1533 3585 1701 3650 Regno
1725 3581 2030 3649 Hiempsalis.
2056 3585 2114 3633 In
2133 3585 2372 3634 Mauriu-

319 3684 366 3731 9.
393 3670 526 3718 Vett.
545 3666 665 3715 edd.
680 3663 980 3730 partitor-em.
1350 3661 1455 3723 οἶες
1478 3663 1727 3728 quodnam
1750 3678 1864 3712 vero
1883 3662 2029 3710 fuerit
2051 3663 2371 3713 Mastanesosi

329 3763 402 3797 ιο.
416 3745 650 3798 Cosconio
664 3743 973 3810 proconsule.
995 3739 1097 3805 Qui
1122 3750 1261 3803 post·
1352 3757 1552 3806 regnum
1575 3742 1947 3807 haudquaquam
1966 3741 2369 3808 mihideprehen·

261 3840 394 3889 qun
414 3825 654 3878 Cicerone
686 3822 898 3872 consule·
921 3830 1104 3885 pretor
1141 3819 1263 3867 fuis-
1353 3818 1467 3868 dere
1487 3820 1711 3885 contigit.

260 3915 364 3967 set,
401 3908 571 3954 nunus
609 3914 684 3953 est
724 3911 841 3968 post
865 3909 1125 3966 praeturam
1151 3913 1263 3947 cnm
1430 3898 1510 3947 ιδ.
1541 3894 1839 3963 Adsretnm.
1860 3896 2155 3948 Gaditanum
2171 3897 2372 3948 scilieet.

256 3986 582 4050 promul-nt
604 3994 849 4051 potestate
888 3983 941 4030 in
966 3980 1265 4044 IIispani-m.
1433 3984 1511 4031 ιι.
1529 3975 1629 4026 Alii
1646 4012 1663 4038 ,
1685 3976 1892 4040 primum
1919 3975 2155 4026 universe.
2180 3979 2295 4027 LV.
2310 3979 2368 4027 1..

255 4067 482 4131 Hispania
498 4066 707 4114 ulterior
721 4062 997 4120 dicebatur,
1015 4075 1127 4124 qun
1148 4059 1266 4108 clm
1434 4055 1515 4104 15.
1553 4055 1852 4121 Amplissimi
1893 4055 2012 4107 vird.
2042 4055 2100 4107 C.
2136 4056 2371 4107 Caurum

254 4145 526 4195 Quaen
549 4144 733 4210 posin.
1356 4131 1613 4197 intelligit,
1656 4147 1758 4198 qno
1801 4131 2002 4184 consule
2039 4131 2264 4183 tribunus
2299 4134 2372 4198 pl.
