2994 4778
643 406 782 492 [050

1267 407 1361 473 M.
1416 405 1491 473 T.
1545 406 2123 475 CICERONIS

642 526 912 597 bellum
968 526 1040 593 in
1099 525 1259 595 Asia
1313 526 1571 620 gessit,
1626 524 2218 621 Antiochumque
2267 524 2575 611 devicit,
2624 549 2767 594 non

639 636 871 705 solum
910 658 1076 705 cum
1106 633 1515 731 chlamyde,
1549 633 1672 705 sed
1701 636 1920 705 etiam
1946 660 2112 705 cum
2142 632 2500 732 crepidis³
2540 637 2621 705 in
2652 641 2770 707 Ca-

641 746 890 844 pitolio
922 740 1275 816 statuam⁴
1315 743 1587 814 videtis,
1630 747 1966 834 Quorum
2006 745 2393 841 impunitas
2440 744 2591 815 fuit
2628 770 2768 814 nou

637 855 857 927 modo
897 881 940 926 a
976 856 1287 950 judicie,
1331 852 1459 924 sed
1501 855 1713 925 etiam
1752 878 1793 923 a
1826 878 2185 925 sermone.
2228 854 2544 926 Facilius
2585 868 2765 925 certe

636 974 707 1038 Ρ.
749 966 1093 1038 Rutilium
1147 963 1416 1035 Rufum
1440 960 1470 1005 ⁵
1510 965 1948 1035 necessitatis
1976 968 2341 1036 excusatio
2370 963 2763 1036 defendet:

637 1081 766 1173 qui
820 1101 1044 1174 quum
1095 1101 1136 1147 a
1182 1072 1647 1146 Mithridate⁶
1689 1074 2050 1170 Mitylenis
2100 1099 2497 1173 oppressus
2558 1091 2763 1153 esset,

638 1184 1135 1256 crudelitatem
1175 1186 1361 1281 regis
1397 1186 1473 1254 in
1512 1197 1792 1280 togatos
1834 1186 2128 1256 vestitus
2160 1188 2572 1255 mutatione
2611 1187 2767 1279 vitu-

635 1299 756 1366 vit.
795 1302 984 1392 Ergo
1014 1295 1134 1366 ille
1162 1300 1235 1366 P.
1271 1295 1609 1381 Rutilius,
1644 1295 1775 1390 qui
1806 1290 2326 1367 documentum
2366 1293 2505 1366 fuit
2538 1296 2759 1367 homi-

637 1403 850 1477 nibus
895 1407 1159 1476 nostris
1191 1405 1506 1482 virtutis,
1551 1406 1999 1499 antiquitatis
2018 1417 2072 1491 ⁷,
2107 1403 2544 1501 prudentiae,
2588 1428 2759 1474 con-

627 1624 640 1630 *
702 1617 753 1662 3.
807 1616 922 1662 cum
968 1611 1190 1676 crepidis.
1236 1611 1458 1676 Crepidae
1506 1613 1652 1660 calcei

634 1704 772 1740 erant
828 1694 1107 1739 Graecorum
1126 1723 1143 1749 ,
1196 1692 1283 1753 qui
1340 1691 1652 1739 sumebantur

633 1787 742 1819 cum
771 1771 950 1834 pallio;
993 1768 1218 1830 tegebant
1248 1781 1433 1817 tantum
1469 1770 1649 1817 calcem

631 1849 786 1916 pedis.
809 1847 1137 1897 Calceamenta
1162 1863 1276 1895 vero
1292 1851 1649 1907 Romanorum,

631 1946 741 1992 qua·
760 1927 1071 1976 sumebantur
1090 1943 1199 1975 cum
1220 1939 1334 1995 toga
1354 1937 1486 1975 erant
1506 1944 1621 1975 cava
1636 1964 1650 1984 ‚

632 2020 679 2056 et
704 2019 858 2055 totum
886 2006 1057 2071 pedem
1084 2007 1325 2070 tegebant.
1355 2007 1532 2069 Caligae
1554 2009 1647 2053 mi·

633 2087 792 2136 litares
817 2087 1012 2135 fuerunt
1035 2101 1093 2134 ex
1121 2085 1423 2149 crepidarum
1447 2101 1647 2147 genere,

630 2185 766 2232 mque
795 2179 846 2215 ut
883 2167 1012 2213 socci
1036 2200 1051 2227 ,
1086 2177 1135 2214 et
1169 2165 1431 2225 cothurni,
1459 2164 1545 2211 sed
1572 2175 1648 2211 ts·

627 2264 738 2295 men
760 2264 786 2292 n
811 2245 1086 2309 vulgaribus
1110 2243 1319 2307 crepidis
1338 2243 1643 2291 disserebant.

626 2324 754 2372 Vide
773 2323 1025 2371 Albertum
1047 2324 1325 2372 Rubenium
1353 2322 1411 2369 de
1428 2323 1529 2370 lato
1551 2322 1645 2369 cla-

629 2421 720 2462 vo,
748 2403 839 2452 lib.
867 2407 945 2459 11,
971 2420 1083 2467 cap.
1112 2420 1157 2450 r.
1191 2405 1561 2452 Accurstissime
1586 2401 1646 2449 de

629 2485 702 2533 bis
727 2484 958 2547 disputat.

701 2573 750 2620 4.
792 2566 852 2609 In
885 2560 1122 2624 Capitolio
1158 2570 1381 2607 statuam.
1418 2559 1647 2607 Solebant

628 2643 681 2689 in
707 2643 815 2690 foro
836 2640 982 2689 statui
1004 2638 1368 2703 complurium-23
1397 2637 1529 2685 unde
1553 2639 1647 2686 fori

627 2732 906 2769 ornamenta
942 2737 968 2768 s
1006 2718 1167 2766 Plinio
1208 2717 1450 2764 dicuutur.
1487 2720 1647 2764 Locus

629 2800 849 2847 tamenin
871 2798 1059 2847 Rostris
1077 2808 1178 2843 erat
1192 2795 1383 2856 clarior,
1403 2805 1459 2841 ut
1477 2796 1646 2843 scribit

630 2882 803 2929 Cicero
841 2878 891 2923 in
920 2886 1041 2924 orat.
1075 2891 1166 2939 pro
1201 2873 1464 2941 Dejotaro„
1487 2873 1646 2934 Hujus

629 2961 683 3006 L.
728 2956 970 3019 Scipionis
1011 2954 1148 3001 fratri
1190 2953 1420 3000 Africano
1467 2954 1647 3015 positas

631 3039 775 3086 fuisse
799 3036 849 3082 in
870 3034 990 3097 Opis
1007 3066 1022 3091 ,
1046 3033 1097 3079 in
1116 3031 1325 3079 Pollucis
1338 3066 1351 3089 ,
1373 3031 1423 3077 in
1443 3030 1644 3094 Capito·

629 3116 697 3163 lio
723 3125 921 3174 statues,
949 3112 1078 3159 idem
1106 3111 1280 3159 Cicero
1307 3111 1542 3174 scriptum
1570 3126 1648 3156 re·

631 3194 773 3256 liquit
796 3210 874 3257 ep.
912 3207 956 3251 t,
980 3189 1044 3238 sd
1070 3190 1313 3246 Atticum,
1340 3188 1425 3236 lib.
1445 3190 1537 3236 VI.

703 3272 750 3318 5.
791 3275 846 3319 P.
873 3269 1099 3318 Rutilium
1137 3267 1331 3333 Rufiem.
1372 3268 1545 3317 Cicero
1580 3268 1646 3314 ait

630 3350 681 3394 in
704 3351 854 3396 Bruto
874 3365 887 3397 ς
915 3371 941 3390 α
963 3350 1151 3395 Doctus
1170 3349 1260 3404 vir,
1284 3360 1331 3396 et
1356 3347 1523 3410 graecis
1540 3347 1646 3394 lite·

632 3428 696 3472 ris
726 3426 945 3474 eruditus
963 3460 977 3483 ,
1021 3428 1216 3473 Panaetii
1246 3427 1456 3483 auditor,
1492 3442 1648 3489 prope

631 3504 872 3569 perfectus
895 3504 945 3550 in
968 3505 1142 3552 Stoicis
1161 3525 1201 3550 -.
1227 3507 1288 3552 Et
1311 3504 1477 3567 paullo
1500 3515 1643 3568 post:

628 3583 769 3645 «Qui
805 3596 1095 3642 quamquam
1134 3583 1558 3629 innocentissimus
1595 3584 1645 3629 in

624 3660 859 3723 judicium
900 3669 1101 3706 vocatus
1136 3668 1283 3716 esset,
1324 3673 1426 3722 quo
1455 3660 1645 3719 iudicio

628 3738 906 3789 convulsam
945 3753 1045 3784 esse
1086 3737 1279 3800 penitus
1310 3738 1485 3785 scimus
1514 3755 1639 3786 rem-

626 3821 869 3884 publicam
890 3852 904 3876 ,
944 3833 1092 3881 quum
1133 3827 1289 3865 essent
1328 3833 1387 3864 eo
1425 3828 1643 3883 tempore

627 3899 1002 3962 eloquentissimi
1033 3900 1124 3947 viri
1153 3899 1207 3946 L.
1241 3899 1466 3957 Crassus,
1494 3910 1543 3946 et
1572 3900 1641 3947 M.

627 3976 870 4024 Antonius
897 3977 1199 4037 consulares,
1223 3993 1387 4025 eorum
1416 3976 1644 4025 adbibere

626 4068 848 4105 neutrum
873 4057 1027 4104 voluit
1043 4095 1058 4119 ,
1083 4057 1208 4105 dixit
1232 4059 1335 4121 ipse
1360 4073 1455 4122 pro
1482 4074 1584 4105 sese
1603 4079 1641 4105 ι’.

627 4138 758 4185 Idem
785 4152 874 4201 pro
899 4137 1098 4184 Fonteio
1119 4152 1131 4184 ε
1161 4156 1183 4178 ι
1208 4137 1364 4198 Quam
1392 4135 1542 4182 mults
1564 4151 1645 4182 su-

1743 1611 1866 1659 divit
1893 1614 1944 1659 in
1969 1629 2061 1661 suo
2082 1613 2276 1674 judicio
2308 1615 2365 1663 1².
2398 1614 2649 1662 Rutilius?
2680 1616 2760 1678 qui

1740 1692 1832 1738 etsi
1853 1691 2105 1740 damnatus
2123 1702 2220 1751 est,
2245 1692 2367 1740 mihi
2393 1693 2586 1741 videtur
2607 1705 2760 1740 tamen

1740 1770 1868 1818 inter
1885 1771 2016 1818 viros
2033 1772 2247 1834 optimos
2265 1783 2417 1835 atque
2435 1772 2762 1820 innocentissi-

1741 1864 1846 1896 mos
1881 1865 1981 1897 esse
2016 1848 2346 1897 numer-ndu·
2363 1873 2412 1898 -.
2461 1850 2639 1901 Consul
2668 1852 2761 1899 suit

1740 1944 1870 1976 anno
1894 1930 1994 1985 648
2024 1944 2134 1977 cum
2163 1930 2257 1978 Cn.
2287 1930 2500 1978 Manlio.
2527 1931 2600 1977 Ab
2625 1930 2760 1994 equi·

1738 2006 1869 2055 tibus
1891 2007 2167 2065 damnatus,
2190 2007 2329 2071 quod
2348 2008 2403 2054 in
2425 2010 2535 2055 Asis
2553 2019 2761 2071 quaestor

1737 2086 2056 2149 provinciales
2093 2103 2120 2133 a
2157 2086 2533 2150 publicanorum
2570 2086 2758 2146 injuriis

1738 2164 2046 2221 defenderat,
2089 2167 2144 2215 iu
2189 2165 2410 2213 esmdem
2458 2167 2758 2229 provinciam

1738 2245 2002 2301 exsulavit,
2030 2256 2077 2291 et
2103 2244 2165 2292 sb
2193 2245 2372 2292 incolis
2397 2244 2599 2308 benigue
2621 2244 2762 2291 habi-

1738 2334 1815 2371 tus
1843 2336 1931 2371 est.

1806 2404 1860 2452 6.
1911 2402 2010 2465 Qui
2044 2415 2195 2466 ‘quum
2240 2418 2277 2448 a
2319 2400 2628 2450 Mithridate.
2671 2403 2764 2448 me

1737 2484 1989 2547 princeps,
2018 2492 2255 2546 occupet·
2288 2483 2405 2530 Asis
2422 2519 2439 2542 ,
2464 2482 2529 2530 sd
2553 2483 2764 2531 omnium

1735 2562 1863 2609 Asiae
1887 2562 2079 2610 urbium
2098 2561 2338 2625 primooes
2355 2562 2582 2626 scripsit,
2605 2573 2661 2609 ut
2687 2562 2765 2609 tri-

1735 2641 1914 2687 cesimo
1942 2639 2020 2687 die
2056 2656 2154 2703 quo
2183 2640 2382 2702 scriptae
2412 2650 2554 2687 eraut
2591 2641 2766 2699 litera,

1736 2734 1905 2766 omues
1931 2720 2180 2766 Romanos
2214 2717 2473 2781 Italusque
2503 2736 2613 2766 cum
2642 2734 2766 2766 uxo·

1735 2797 1870 2844 ribus
1911 2808 1962 2844 et
2010 2796 2176 2844 liberis
2217 2795 2583 2857 interficerent,
2617 2809 2768 2859 etque

1735 2876 2002 2941 insepultos
2040 2876 2338 2936 abjicerentg
2380 2876 2436 2923 id
2476 2876 2767 2924 facientibus

1734 2956 2006 3019 praemium,
2018 2966 2185 3002 eontra
2207 2971 2325 3002 vero
2349 2971 2544 3020 poeusm
2566 2956 2763 3004 indixit.

1736 3033 2021 3082 Plutarchus
2038 3033 2089 3079 iu
2115 3033 2245 3080 Sulla
2272 3046 2438 3081 narrat
2460 3070 2474 3092 ,
2501 3047 2700 3082 eentum
2721 3046 2763 3082 et

1736 3113 2082 3176 quinquaginta
2110 3113 2292 3160 civium
2319 3129 2643 3162 romanorum
2665 3114 2764 3161 mil·

1736 3190 1797 3238 lis
1817 3228 1832 3252 ,
1862 3192 1947 3255 qui
1974 3192 2021 3238 in
2053 3192 2166 3238 Asis
2192 3192 2535 3254 versabantur,
2568 3208 2666 3240 uuo
2685 3193 2763 3239 die

1735 3272 1896 3317 occisa
1934 3270 2096 3317 fuisse.
2147 3271 2364 3317 Rutilius
2400 3283 2518 3337 toga
2554 3282 2765 3328 mutata,

1736 3365 1902 3397 necem
1926 3350 2119 3413 effugit.

1811 3445 1855 3488 7.
1895 3428 2118 3485 Virtutis,
2146 3430 2477 3491 antiquitatis.
2504 3429 2770 3477 Lambinus

1735 3507 1881 3569 legit,
1912 3504 2130 3565 virentis,
2161 3507 2462 3557 sanctitatis.
2488 3506 2775 3571 Antiquitas

1736 3596 1807 3633 est
1847 3586 2041 3649 antiqua
2086 3586 2337 3649 probitas,
2380 3588 2581 3646 virtus,
2615 3583 2776 3648 fides,

1735 3665 1921 3728 antiqui
1959 3679 2144 3720 mores,
2183 3665 2267 3727 qui
2307 3681 2505 3729 semper
2544 3667 2603 3714 in
2637 3666 2784 3715 laude

1731 3753 1857 3790 sunt.
1892 3742 2018 3790 Plin.
2057 3744 2236 3806 Paneg.
2274 3744 2380 3804 76:
2425 3766 2449 3786 ι
2475 3747 2597 3793 Jem
2636 3762 2783 3810 quam

1731 3822 1981 3884 antiquum
1998 3855 2012 3878 ,
2046 3837 2186 3884 quam
2220 3822 2504 3883 consulare,
2521 3826 2677 3888 quod
2702 3826 2785 3872 tri·

1733 3901 1881 3946 duum
1905 3909 2061 3947 totum
2087 3910 2279 3947 senatus
2302 3899 2397 3947 sub
2427 3904 2680 3968 exemplo
2700 3916 2785 3951 tuo

1731 3978 1853 4027 sedit
1870 4001 1911 4027 ιο.
1941 3978 2075 4025 Idem
2098 4013 2112 4036 ,
2144 3978 2232 4026 lib.
2277 3981 2355 4040 11,
2399 3996 2484 4045 ep.
2519 3998 2554 4029 2
2581 3996 2597 4029 :
2630 4006 2658 4025 ιι
2676 3986 2787 4032 Jem

1730 4058 1826 4105 boc
1851 4061 2009 4122 ipsum
2055 4057 2311 4121 pulchrum
2331 4090 2347 4113 ‚
2388 4070 2442 4106 et
2472 4063 2752 4125 antiquum
2774 4098 2789 4114 .

1731 4147 1945 4184 senatum
1972 4146 2113 4184 nocte
2137 4135 2376 4191 dimittis.
