2994 4778
648 429 1034 498 ORATIO
1087 429 1194 498 IN
1245 429 1325 495 L.
1371 431 1448 495 C.
1500 423 1990 496 PISONEM.
2238 426 2378 525 369

250 551 626 623 consulem
661 573 813 619 esse
849 561 1139 645 oportet
1162 603 1178 634 ‚
1209 546 1508 618 consilio
1530 599 1551 631 ,
1580 546 1760 633 fide,
1795 548 2130 642 gravitate
2151 603 2171 637 ,
2205 553 2381 647 vigi-

250 662 512 748 lantia,
558 683 764 746 cura;
806 674 964 730 toto
1007 657 1323 754 denique
1356 681 1662 727 munere
1714 657 2126 729 consulatus
2176 665 2380 730 omni

246 771 497 843 officio
533 769 804 840 tuendo
830 796 850 856 3
879 772 1367 864 maximeque,
1400 767 1476 837 id
1506 768 1706 863 quod
1733 772 1840 837 vis
1871 770 2180 839 nominis
2203 794 2378 867 prze-

248 881 537 968 scribit,
594 878 1006 977 reipublicae
1059 876 1530 948 consulendo.
1587 882 1739 973 Ego
1792 877 2166 947 consulem
2225 903 2376 949 esse

249 1006 540 1089 putem,
581 990 709 1085 qui
738 1003 1084 1059 senatum
1125 1011 1278 1059 esse
1318 990 1393 1057 in
1445 986 1817 1085 republica
1864 1011 2014 1057 non
2061 992 2381 1085 putavit?

248 1116 319 1171 et
373 1103 532 1171 sine
583 1110 719 1170 eo9
756 1099 1056 1170 consilio
1129 1097 1502 1169 consulem
1550 1122 1966 1184 numerem,
2027 1100 2179 1169 sine
2231 1125 2382 1197 quo

246 1217 496 1282 Romae
534 1234 626 1280 ne
665 1231 871 1306 reges
920 1206 1215 1305 quidem
1267 1232 1416 1279 esse
1455 1207 1901 1306 potuerunt?
1935 1210 2217 1279 Etenim
2265 1210 2381 1281 illa

238 1322 384 1414 jam
417 1322 716 1390 omitto:
754 1343 984 1415 quum
1021 1342 1394 1389 servorum
1436 1318 1837 1389 delectus¹⁰
1873 1315 2274 1398 haberetur
2308 1325 2382 1410 in

244 1428 450 1516 foro;
515 1453 711 1499 arma
744 1431 819 1498 in
856 1428 1207 1524 templum
1247 1430 1562 1499 Castoris
1607 1430 1766 1499 luce
1811 1417 1883 1497 et
1912 1429 2146 1524 palam
2183 1455 2381 1512 com,-

244 1551 759 1637 portarentur3
821 1535 897 1606 id
930 1552 1171 1608 autem
1217 1537 1600 1635 templum,
1650 1537 1936 1609 sublato
1977 1539 2213 1626 aditu,
2275 1565 2382 1612 re·

244 1648 466 1718 vulsis
504 1646 949 1744 gmdihus¹1‚
985 1671 1048 1717 a·
1076 1647 1625 1742 conjuratorum
1682 1648 1998 1742 reliquiis
2021 1701 2044 1734 ,
2082 1662 2301 1744 atque
2341 1675 2382 1720 a

242 1758 569 1830 Catilinae
600 1759 1137 1855 praevaricatore
1157 1768 1216 1801 ¹²
1237 1757 1610 1854 quondam
1631 1808 1650 1844 ,
1677 1772 1832 1827 tum
1868 1756 2138 1844 ultore,
2168 1760 2382 1829 armis

241 1882 655 1954 teneretur;
693 1891 921 1963 quum
963 1868 1244 1964 equites
1286 1869 1568 1938 romani
1605 1866 2201 1962 relegarentur13,
2246 1871 2380 1939 viri

238 1977 420 2048 honi
460 1976 821 2074 lapidibus
858 2001 897 2047 e
939 1974 1099 2047 foro
1137 1962 1603 2074 pellerentur,
1641 1978 1921 2048 senatui
1950 2002 2099 2047 non
2137 1979 2378 2049 solum

233 2091 487 2184 juvare
533 2086 1052 2186 rempublicam
1080 2141 1098 2175 ,
1156 2087 1282 2159 sed
1321 2112 1412 2158 ne
1466 2085 1712 2183 lugere
1755 2085 2049 2182 quidem
2095 2087 2377 2175 liceret;

239 2222 468 2294 quum
513 2199 685 2268 civis
725 2198 820 2281 is,
851 2220 1069 2293 quem
1105 2196 1223 2267 hic
1248 2196 1465 2282 ordo,
1503 2197 1936 2267 assentiente
1968 2196 2168 2267 Italia
2197 2223 2375 2268 cun-

241 2309 521 2405 ctisque
563 2307 971 2404 ·gentibuS‚
1035 2321 1611 2377 conservatorem
1679 2306 1923 2403 patriae
1982 2306 2376 2402 judicarat,

236 2417 446 2487 nullo
471 2416 747 2511 judicio
772 2471 792 2504 ,
828 2416 1026 2487 nulla
1071 2418 1268 2513 lege,
1317 2416 1522 2487 nullo
1551 2441 1787 2501 more,
1828 2418 2117 2488 servitio
2153 2433 2373 2515 atque

230 2532 451 2598 armis
486 2527 900 2624 pelleretur,
931 2552 1079 2597 non
1103 2526 1334 2598 dicam
1361 2526 1627 2597 auxilio
1663 2540 1901 2597 vestro
1922 2580 1942 2609 ,
1973 2528 2172 2622 quod
2207 2554 2374 2600 vere

232 2638 400 2708 licet
455 2636 736 2724 dicere,
798 2636 921 2707 sed
978 2651 1171 2707 certe
1226 2637 1509 2708 silentio
1540 2663 1561 2723 ς
1625 2651 1781 2706 tum
1836 2641 2077 2706 Romae
2149 2635 2368 2709 fuisse

229 2750 572 2821 consules
598 2751 983 2845 quisquam
1009 2747 1486 2818 existimabit?
1507 2749 1650 2836 Qui
1682 2748 1996 2817 latrones
2031 2747 2273 2841 igitur,
2311 2749 2372 2818 si

305 2905 361 2952 9.
404 2888 519 2936 Sine
553 2904 612 2935 eo
648 2886 864 2935 consilio.
906 2886 1019 2934 Sine
1053 2896 1257 2933 senatu:

220 2968 371 3031 quod
395 2982 641 3014 summum
672 2966 931 3014 consilium
953 2963 1233 3012 vocabatur.

300 3062 325 3093 1
339 3061 393 3094 o.
434 3047 678 3093 Servorum
716 3045 945 3093 delectus.
972 3043 1122 3091 Nefas
1157 3056 1259 3092 erat

217 3138 403 3175 servos
427 3123 491 3171 ad
512 3123 749 3172 delectum
769 3123 952 3182 vocari,
970 3133 1115 3186 atque
1134 3122 1258 3171 adeo
1297 3170 1302 3175 ,

216 3205 319 3252 hoc
358 3219 613 3251 servornm
640 3202 834 3250 delectu
870 3201 1044 3265 populi
1073 3202 1259 3249 romani

217 3284 450 3344 majestas
466 3317 482 3340 ‚
509 3294 601 3330 etc.
625 3282 899 3330 imminuta.

295 3382 317 3413 ι
334 3381 381 3412 1.
415 3362 619 3410 Sublato
652 3362 790 3410 aditu
812 3395 829 3420 ‚
867 3359 1058 3408 revulsis
1080 3360 1251 3425 gradi-

217 3447 321 3493 bus.
364 3443 447 3491 Ne
488 3442 600 3497 cni,
643 3442 826 3488 serente
867 3440 998 3504 leges
1044 3439 1221 3489 Clodio
1237 3472 1251 3497 ‚

214 3523 543 3578 obnuntiare,
588 3519 912 3577 intercedere,
963 3531 1047 3567 ant
1085 3519 1249 3582 aliquo

214 3604 369 3650 modo
408 3599 650 3664 impedire
681 3600 924 3663 cupienti,
952 3598 1148 3646 daretur
1174 3599 1248 3646 in-

212 3684 415 3730 unitus.
451 3682 551 3727 Pro
580 3680 771 3726 Domo:
809 3698 831 3720 ι
853 3679 1019 3739 Quum
1040 3692 1170 3725 arma
1194 3678 1244 3724 in

207 3761 388 3819 aedema
423 3758 641 3810 Castoris
684 3755 1029 3820 comportabas
1055 3788 1070 3813 ,
1124 3755 1247 3803 nihil

203 3839 386 3897 aliud,
420 3839 521 3884 nisi
558 3837 630 3884 uti
667 3853 727 3883 ne
760 3835 879 3899 qnid
906 3852 995 3899 per
1035 3835 1134 3881 vim
1168 3834 1247 3897 agi

202 3929 384 3984 posset
404 3954 420 3977 ,
465 3916 806 3963 machinabare
852 3930 866 3963 :
932 3931 1083 3978 quum
1129 3930 1246 3960 vero

202 3999 399 4064 gradus
435 3996 651 4044 Castoris
686 3994 992 4052 convellisti,
1009 4010 1066 4041 ac
1089 4009 1249 4041 remo-

199 4079 358 4138 visti;
392 4090 528 4132 tum,
574 4085 626 4120 nt
652 4074 869 4122 modeste
896 4074 986 4121 tibi
1017 4089 1155 4138 agere
1183 4071 1243 4118 li-

199 4170 345 4207 ceret
381 4156 611 4202 homines
648 4155 852 4201 audaces
889 4154 950 4201 ab
986 4155 1088 4215 ejus
1124 4167 1241 4202 tem-

362 4244 430 4311 V
439 4297 453 4311 .
512 4258 600 4306 Cic.
621 4274 735 4320 pars
751 4257 962 4305 secunda.

1347 2886 1420 2950 pli
1443 2884 1583 2933 editu
1619 2895 1764 2948 atque
1788 2885 2021 2931 adscensu
2049 2883 2298 2931 removisti
2318 2908 2364 2935 u.

1424 2980 1507 3011 12.
1527 2967 1572 3010 A
1595 2963 1817 3011 Catilina.-
1825 2962 2219 3026 praevaricutore.
2237 2964 2368 3013 Cati-

1346 3044 1495 3093 linam
1528 3060 1554 3090 a
1582 3046 1636 3092 P.
1668 3043 1844 3092 Clodio
1869 3042 2240 3106 repetundarum
2260 3060 2364 3092 esee

1345 3137 1623 3173 accusatum
1640 3159 1656 3184 ,
1674 3138 1829 3185 eoque
1855 3121 2196 3184 praevaricante
2222 3121 2363 3171 abso-

1344 3204 1502 3255 lutum
1525 3238 1538 3259 ,
1577 3213 1625 3250 et
1667 3201 1911 3249 Asconius
1955 3211 2128 3247 auctor
2171 3211 2271 3262 est,
2310 3213 2360 3251 et

1345 3284 1516 3332 Cicero
1542 3282 1647 3346 ipse
1676 3279 1754 3326 bis
1792 3278 1953 3326 verbis
1991 3279 2044 3325 in
2070 3295 2124 3325 ea
2154 3278 2214 3327 de
2241 3284 2357 3331 Her.

1342 3365 1489 3425 Resp.
1524 3383 1549 3403 ι
1568 3378 1595 3407 a
1622 3348 1827 3408 Catilina
1852 3358 2110 3421 pecuniam
2137 3362 2327 3425 aceepit
2343 3394 2357 3419 ,

1340 3451 1396 3488 ut
1414 3439 1689 3504 turpissime
1708 3437 2101 3502 praevaricaretur
2120 3459 2164 3484 ι.

1416 3522 1496 3569 13.
1526 3522 1687 3585 Quum
1724 3516 1907 3581 equites
1946 3517 2144 3565 romani
2174 3518 2355 3585 relega-

1335 3611 1518 3649 rentur.
1559 3601 1670 3647 Hoc
1704 3598 1826 3646 dicit
1860 3608 2061 3663 propter
2095 3600 2151 3646 1..
2175 3599 2355 3646 AElinm

1334 3680 1574 3740 Lamiam,
1619 3677 2023 3725 studiosissimum
2065 3678 2315 3726 Ciceronis
2337 3711 2353 3735 ,

1335 3761 1607 3822 principem
1645 3758 1878 3820 equestris
1913 3757 2100 3805 ordinis
2119 3791 2135 3817 ‚
2194 3758 2356 3805 edicto

1337 3835 1772 3883 Gabiniiconsulis
1804 3835 2068 3897 relegatum
2085 3870 2101 3892 ,
2123 3836 2261 3899 quod
2295 3850 2355 3881 eo

1333 3926 1534 3962 auctore
1557 3915 1784 3960 vestitum
1812 3915 2021 3976 equites,
2055 3913 2160 3977 lege
2182 3913 2356 3963 Clodia

1334 3991 1665 4058 promulgata,
1693 4002 1996 4039 mutaverant
2015 4026 2030 4051 ,
2052 4003 2100 4040 et
2124 4008 2218 4040 una
2244 4009 2354 4040 cum

1336 4074 1442 4136 ipso
1463 4084 1557 4133 pro
1576 4069 1726 4117 salute
1746 4071 1994 4119 Ciceronis
2021 4071 2209 4133 populo
2236 4086 2353 4131 sup-

1333 4151 1652 4216 plicaverunt.

2023 4237 2111 4317 24
