2994 4778
649 426 795 477 112¹
1260 403 1359 473 M.
1407 405 1487 474 T.
1542 403 2133 478 CICERONIS

634 525 1031 625 quentioris
1092 526 1393 623 populi,
1438 549 1659 622 quam
1705 525 1883 598 illud
1927 526 2480 625 gladiatorium3
2521 552 2767 627 neque

637 637 1019 719 concionis
1066 634 1318 721 ullius,
1376 659 1618 731 neque
1679 660 1851 708 vero
1911 636 2226 708 ullorum
2279 640 2768 711 comitiorum.

634 750 801 815 Haec
843 747 1062 842 igitur
1100 742 1643 813 innumerabilis
1681 743 2057 817 hominum
2108 747 2538 832 multitudo,
2611 750 2772 821 haec

638 855 891 953 populi
926 856 1201 926 romani
1249 866 1444 923 tanta
1497 853 1959 949 significatio,
1997 858 2152 927 sine
2189 856 2331 927 ulla
2381 859 2770 947 varietate,

639 967 991 1052 universi,
1017 985 1243 1060 quum
1280 960 1415 1032 illis
1460 965 1636 1060 ipsis
1670 962 1929 1034 diebus
1958 963 2051 1035 de
2086 989 2203 1038 me
2238 981 2474 1037 actum
2519 969 2604 1037 iri
2639 992 2772 1065 pu-

636 1090 950 1161 taretur,
995 1069 1170 1168 quid
1212 1069 1600 1141 declaravit
1625 1124 1645 1159 ‚
1689 1074 1824 1143 nisi
1868 1076 2309 1171 optimorum
2353 1077 2621 1147 civium
2660 1103 2770 1148 sa·

638 1187 865 1257 lutem
901 1197 975 1255 et
1015 1179 1430 1276 dignitatem
1475 1182 1751 1278 populo
1778 1207 2080 1256 romano
2113 1209 2347 1257 caram
2399 1202 2551 1256 esse
2598 1189 2766 1257 uni-

642 1293 895 1365 verso?
923 1296 1017 1362 At
1038 1314 1211 1361 vero
1248 1305 1320 1360 et
1346 1289 1464 1361 ille
1488 1289 1825 1363 tribunus
1852 1293 2144 1391 plebis¹,
2163 1296 2292 1391 qui
2316 1293 2408 1366 de
2427 1319 2545 1366 me
2563 1349 2584 1383 ,
2611 1321 2766 1367 non

642 1403 896 1502 patris,
953 1400 1102 1487 avi,
1165 1402 1451 1497 proavi,
1490 1402 1848 1496 majorum
1903 1404 2217 1500 denique
2261 1428 2558 1475 suorum
2603 1429 2766 1476 om-

639 1513 887 1600 nium,
919 1510 1043 1581 sed
1088 1508 1580 1581 Graeculorum
1635 1513 1965 1584 instituto
1990 1523 2045 1600 ²,
2078 1515 2500 1584 concionem
2538 1515 2767 1585 inter-

638 1644 889 1718 rogare
946 1619 1258 1706 solebat,
1288 1618 1618 1691 Velletne
1667 1645 1785 1692 me
1846 1620 2124 1712 redire;
2177 1638 2287 1712 et,
2329 1648 2561 1720 quum
2612 1639 2768 1695 erat

640 1730 1106 1805 reclamatum
1165 1728 1520 1800 semivivis
1573 1732 2182 1802 mercenariorum
2241 1730 2576 1818 vocibus,
2629 1755 2766 1829 po-

637 1842 892 1941 pulum
926 1863 1305 1912 romanum
1344 1863 1607 1935 negare
1648 1840 1978 1913 dicebat:
2006 1844 2104 1930 is,
2150 1864 2381 1939 quum
2434 1841 2766 1938 quotidie

635 1950 1060 2049 gladiatores
1083 1948 1434 2047 spectaret
1453 2002 1474 2036 ,
1499 1974 1894 2046 numquam
1915 1965 2023 2022 est
2049 1965 2503 2048 conspectus»,
2530 1975 2766 2048 quum

637 2058 983 2135 veniret-³.
1011 2058 1438 2156 Emergebat
1481 2059 1768 2148 subito,
1812 2085 2041 2157 quum
2089 2059 2225 2131 sub
2269 2058 2549 2131 tabulas
2585 2059 2764 2132 sub·

641 2189 961 2274 repserat
974 2228 993 2261 ‚
1012 2189 1095 2246 ut
1114 2228 1134 2262 ‚
1151 2203 1185 2239 α
1199 2176 1453 2262 Mater,
1468 2188 1541 2245 te
1567 2175 1855 2273 appello
1869 2174 2345 2246 n—dicturus
2375 2173 2762 2245 videretur.

634 2291 887 2383 Itaque
913 2283 1029 2354 illa
1058 2286 1169 2354 via
1190 2281 1591 2374 latebrosa,
1627 2310 1769 2382 qua
1804 2300 2203 2382 spectatum
2240 2285 2357 2357 ille
2393 2284 2767 2373 veniebat,

635 2398 863 2496 Appia
887 2399 919 2448 4
951 2395 1094 2490 jam
1142 2393 1555 2467 vocabatur.
1600 2398 1746 2486 Qui
1784 2411 2058 2482 tamen,
2093 2420 2395 2494 quoquo
2434 2411 2766 2493 tempore

635 2521 1066 2603 conspectus
1130 2519 1315 2594 erat,
1377 2531 1532 2577 non
1590 2504 1811 2578 modo
1867 2506 2292 2603 gladiatores
2322 2560 2342 2594 ‚
2406 2506 2532 2577 sed
2590 2509 2766 2603 equi

636 2621 775 2716 ipsi
801 2613 832 2659 ⁵
884 2614 1361 2714 gladiatorum
1419 2618 1815 2714 repentinis
1883 2616 2106 2688 sibilis
2179 2616 2765 2689 extimescebant.

703 2794 835 2840 mx.
868 2808 913 2838 ι.
939 2794 1005 2838 Ee
1025 2785 1105 2838 ille
1131 2789 1526 2854 tribunusplebis.
1548 2792 1654 2839 Ma·
1812 2794 1863 2842 3.
1897 2793 2051 2854 Quum
2078 2790 2287 2839 venir-ee.
2317 2792 2488 2855 Neque
2514 2793 2646 2840 enim
2675 2811 2769 2859 pa-

636 2872 801 2918 nutius
825 2871 920 2916 boc
948 2869 1007 2917 de
1034 2868 1209 2916 Attilio
1244 2868 1342 2915 dici
1370 2869 1653 2928 contendit,
1739 2872 1834 2920 lam
1851 2883 1933 2920 ant
1952 2886 2038 2935 per
2058 2883 2270 2935 apertam
2295 2873 2420 2918 viam
2440 2873 2533 2920 iter
2554 2872 2768 2921 habebat

636 2948 771 3014 quod
796 2947 995 2996 omnino
1022 2947 1191 2994 falsum
1216 2957 1319 3004 est;
1342 2963 1455 2995 nam
1479 2948 1565 2995 bic
1593 2949 1654 2997 de
1741 2951 1883 2999 ludos
1911 2962 2241 3014 spectaturus,
2270 2951 2513 2999 metuebat
2543 2953 2673 2999 enim
2700 2969 2766 3001 ne

636 3026 831 3085 Clodio,
848 3037 902 3074 nt
916 3027 1265 3090 supra,agitur;
1283 3028 1443 3090 itaque
1458 3039 1655 3076 coactus

635 3119 707 3156 est
733 3107 855 3154 infra
880 3116 1063 3153 mutare
1076 3104 1242 3171 Appia
1262 3106 1314 3153 in
1330 3106 1518 3166 Attilia,
1541 3108 1654 3170 quia

638 3202 737 3235 vox
775 3186 858 3234 illa
901 3184 1096 3233 minime
1134 3201 1243 3232 cum
1278 3185 1474 3234 illorum
1512 3202 1657 3234 sensu

637 3265 954 3329 congruebat.

708 3360 757 3392 a.
786 3342 1117 3389 δηναιῶν-ιιι»
1137 3341 1375 3392 instituto.
1403 3343 1522 3390 Illos
1547 3358 1657 3390 ora-

636 3434 715 3471 tor
739 3419 924 3468 deridet
942 3453 957 3476 ,
985 3421 1070 3482 qui
1098 3420 1229 3466 inani
1254 3420 1500 3468 literarum
1527 3436 1653 3483 grae-

638 3515 801 3549 carum
821 3499 1018 3545 scientia
1037 3498 1147 3546 elati
1174 3514 1223 3544 se
1243 3500 1477 3563 sapientes
1496 3501 1654 3547 omni-

635 3595 702 3626 no
725 3576 1107 3637 arbitrabantur3
1130 3576 1352 3639 quidam,
1380 3594 1439 3624 ex
1458 3579 1653 3642 Gorgia!

636 3657 785 3706 veteri
823 3666 1099 3719 precepto,
1129 3655 1401 3711 adstantes,
1440 3657 1652 3705 interro·

635 3737 811 3802 gabant
829 3771 842 3793 ‚
862 3735 1099 3797 numquid
1125 3733 1296 3798 aliquis
1317 3747 1575 3800 quaereret,
1605 3747 1653 3784 et

633 3815 866 3865 adomnia
880 3830 930 3861 se
943 3829 1261 3877 responsuros
1278 3815 1649 3878 profitebantur.

634 3897 853 3958 Quorum
890 3893 1040 3956 igitur
1071 3895 1468 3944 consuetudinem
1504 3895 1652 3944 tribu·

633 3991 726 4024 nus
765 3972 845 4020 hic
892 3970 1044 4035 plebis
1080 3974 1217 4037 sequi
1256 3975 1526 4036 videbatur,
1562 3976 1651 4040 qui

633 4056 789 4102 civem
808 4065 1047 4116 quemque
1068 4051 1383 4118 interrogaret
1399 4088 1415 4117 ,
1446 4055 1651 4104 velletne

632 4133 840 4182 reditum
866 4123 1063 4180 meum?

1740 3029 1913 3095 populi
1935 3029 2089 3076 sibilis
2106 3031 2436 3093 exciperetur,
2459 3041 2507 3078 et
2532 3032 2768 3096 subrepe-

1740 3108 1827 3156 bat
1874 3124 1961 3173 per
2003 3107 2188 3156 tabulas
2225 3124 2303 3155 eas
2342 3125 2452 3172 qua!
2500 3112 2769 3173 spectaculi

1735 3203 1876 3235 causa
1905 3187 2274 3234 exstruebantur
2291 3200 2307 3247 3
2326 3197 2374 3234 et
2395 3187 2509 3236 inde
2535 3188 2681 3238 flebat
2707 3187 2788 3240 ut'

1734 3283 1885 3330 quum
1929 3283 2238 3316 consessurus
2281 3280 2532 3332 appareret
2577 3272 2767 3335 optime

1742 3347 2041 3410 Polydorum
2065 3348 2368 3407 mentiretur,
2394 3350 2481 3412 qui
2507 3366 2570 3397 ex
2590 3350 2766 3398 umbra

1740 3436 1937 3488 repente
1984 3428 2213 3490 emergit,
2258 3438 2309 3476 et
2355 3444 2570 3476 sororem
2617 3446 2765 3493 quam

1741 3515 1938 3552 matrem
1955 3505 2216 3553 arbitratur
2231 3505 2307 3554 his
2327 3507 2531 3555 vocibus
2551 3511 2736 3558 excitat
2751 3546 2768 3568 ,

1740 3606 1765 3625 ι
1784 3586 1942 3631 Mater
1966 3596 2013 3632 te
2036 3585 2232 3649 appello
2255 3606 2296 3632 ι.

1810 3671 1862 3717 4.
1882 3664 2064 3727 Appia.
2088 3665 2169 3713 Ad
2192 3665 2317 3712 viam
2336 3665 2547 3729 Appiam
2567 3666 2769 3728 alludit,

1739 3757 1881 3804 quam
1893 3759 2067 3791 censor
2078 3745 2270 3807 Appius
2283 3743 2533 3803 Claudius,
2555 3762 2684 3794 unus
2703 3765 2770 3797 ex

1737 3821 1901 3868 Clodii
1925 3824 2076 3869 atavis
2092 3858 2106 3877 ,
2131 3823 2467 3870 exstruendam
2492 3840 2769 3877 curaverat.

1811 3901 1858 3948 5.
1909 3900 2039 3965 Equi
2076 3901 2182 3966 ipsi.
2230 3904 2340 3950 Hoc
2377 3904 2526 3950 ferme
2575 3916 2766 3954 tantum

1736 3978 1851 4026 luco
1878 3981 2035 4042 agitur
2064 3979 2123 4028 de
2153 3979 2500 4044 gladiatoribus
2530 3999 2595 4030 ex
2627 3987 2767 4050 equis

1738 4058 2092 4121 pugnantibus3
2112 4060 2327 4124 praelium
2349 4061 2504 4120 enim,
2530 4062 2686 4112 solito
2704 4064 2770 4112 de

1738 4151 2030 4204 merearque
2043 4139 2151 4188 solo
2161 4139 2285 4188 inter
2294 4157 2379 4190 eos
2395 4143 2762 4194 conserebatur.
