2994 4778
565 430 961 501 oRA‘rlo
1009 435 1214 502 Pno
1262 436 1337 501 T.
1376 435 1454 501 A.
1492 412 1926 505 M'1LoNE.
2171 435 2316 522 485

193 556 380 626 viam
432 556 812 642 munierit,
864 580 1014 625 non
1062 580 1206 652 qua
1260 554 1579 654 populus
1620 571 1969 643 uteretur,
2011 559 2132 630 sed
2193 561 2319 632 ubi

191 670 498 762 impune
532 668 643 736 sui
679 669 947 762 posteri
985 664 1604 736 latrocinarentu-r.
1656 664 1910 763 It'aque
1943 669 2019 737 in
2067 668 2317 741 eadem

195 774 326 845 ista
352 775 585 871 Appia
606 775 717 843 via
739 826 759 860 ‚
786 798 1016 870 quum
1038 775 1573 846 ornatissimum
1602 777 1920 872 equitem
1941 800 2318 850 romanum

194 887 270 954 P.
321 882 618 955 Clodius
679 887 775 954 M.
813 886 1171 982 Papirium
1229 884 1729 974 occidisset¹⁰‚
1774 910 1924 957 non
1967 884 2105 957 fuit
2140 888 2318 961 illud

198 991 474 1064 facinus
506 993 956 1090 puniendum
1003 1023 1021 1065 t
1071 994 1290 1066 homo
1330 998 1525 1067 enim
1564 993 1831 1066 nobilis
1872 997 1947 1067 in
1982 999 2129 1069 suis
2166 1018 2337 1068 mo-·

199 1106 566 1174 numentis
594 1107 912 1201 equitem
942 1129 1322 1177 romanum
1355 1103 1729 1177 occiderat.
1758 1111 1970 1177 Nunc
1999 1107 2321 1202 ejusdem

206 1213 444 1309 Appiae
514 1237 784 1285 nomen
862 1228 1170 1311 quantas
1238 1215 1618 1311 tragoedias
1682 1218 2072 1289 excitat¹¹?
2140 1223 2319 1310 Quae

203 1338 571 1396 cruentata
619 1340 827 1396 antea
880 1324 1072 1396 caede
1120 1325 1406 1397 bonesti
1453 1341 1672 1423 atque
1727 1329 2133 1398 innocentis
2183 1330 2317 1398 viri

203 1431 568 1518 silebatur,
605 1433 859 1505 eadem
886 1459 1084 1506 nunc
1111 1434 1369 1507 crebro
1395 1452 1812 1533 usurpatur,
1847 1452 2317 1536 posteaquam

202 1540 501 1613 latronis
536 1557 610 1614 et
639 1543 1085 1640 parricidae12
1124 1540 1470 1642 sanguine
1510 1546 1789 1619 imbuta
1829 1563 1957 1619 est.

291 1653 432 1724 Sed
472 1652 647 1750 quid
691 1677 825 1749 ego
866 1654 985 1725 illa
1027 1659 1567 1727 commemoro?
1595 1659 2181 1755 Comprehensus·
2208 1673 2317 1729 est

207 1765 276 1833 in
320 1761 598 1859 templo
635 1757 1025 1835 Castoris1³
1073 1789 1321 1836 servus
1364 1769 1437 1835 Ρ.
1476 1765 1745 1855 Clodii,
1793 1793 2015 1864 quem
2065 1767 2182 1837 ille
2224 1767 2314 1837 ad

202 1877 328 1944 Cn.
371 1874 794 1969 Pompeium
824 1872 1398 1961 interficiendum
1436 1874 1841 1946 collocarat.
1881 1881 2174 1947 Extorta
2211 1890 2319 1946 est

201 1981 574 2053 confitenti
608 1984 746 2054 sica
783 1980 874 2054 de
899 1983 1250 2056 manibus,
1286 1987 1535 2056 Cat-uit
1561 1984 1722 2056 foro
1742 1985 1804 2041 ¹4
1832 2001 2079 2083 postea
2112 1990 2318 2057 Pom-

199 2093 442 2189 peius,
511 2094 739 2162 caruit
802 2107 1053 2164 senatu
1083 2147 1102 2178 ‚
1165 2098 1393 2166 caruit.
1453 2094 1783 2191 publico;
1827 2095 2046 2189 janua
2100 2120 2174 2166 se
2235 2119 2320 2165 ac

199 2201 624 2299 parietibus,
654 2227 801 2273 non
834 2203 996 2297 jure
1023 2204 1259 2301 legum
1283 2203 1870 2301 judiciorumque
1900 2207 2096 2274 texit.
2126 2209 2316 2275 Num

202 2336 362 2409 quae
404 2312 683 2409 rogatio
735 2312 920 2383 lata?
969 2337 1142 2382 num
1201 2338 1363 2411 quae
1422 2337 1612 2383 nova
1671 2316 1973 2409 quaestio
2028 2311 2316 2384 decreta

202 2423 348 2494 est?
398 2426 652 2519 Atqui,
707 2425 766 2494 si
814 2446 964 2510 res»,
998 2424 1058 2494 si
1109 2426 1238 2512 vir,
1293 2426 1351 2495 si
1401 2438 1689 2522 tempus
1732 2423 1960 2494 ullum
2013 2424 2312 2522 dignum

201 2530 441 2620 fuit¹⁵,
487 2547 680 2604 certe
713 2532 867 2605 haec
905 2533 980 2603 in
1014 2532 1133 2603 illa
1163 2557 1375 2604 causa
1408 2557 1685 2605 summa
1720 2536 1962 2603 omnia
1999 2532 2315 2604 fuerunt.

201 2624 588 2716 Insidiatoi·
629 2659 781 2716 erat
820 2647 893 2715 in
938 2643 1099 2716 foro
1143 2647 1574 2735 collocatus,
1612 2661 1827 2742 atque
1855 2649 1932 2717 in
1961 2645 2318 2717 vestibulo

204 2752 441 2855 ipso¹⁶
479 2772 799 2843 senatu53
846 2756 913 2828 ei
953 2759 1109 2827 viro
1150 2771 1392 2829 autem
1429 2781 1625 2829 mors
1658 2754 2067 2854 parabatur,
2115 2757 2322 2852 cujus

281 2945 362 2978 xo.
390 2933 461 2980 ΙΙ.
489 2931 737 2996 Papirium
760 2930 1027 2982 occidisset.
1054 2933 1223 2997 Tigra·
1310 2936 1523 2982 atrocius
1559 2944 1839 2999 ρωποι-ειη
1880 2935 2133 2995 Clodiani,
2168 2937 2330 2984 verbis
2364 2923 2380 2940 ⁶

201 3010 281 3060 uia
317 3008 469 3071 filius,
495 3026 522 3057 a
551 3011 783 3076 Pompeio
815 3020 985 3076 captus
1004 3043 1021 3070 ,
1054 3012 1225 3059 Rome
1311 3013 1615 3078 gravioribus
1642 3013 1938 3073 utebantur,
1957 3026 2012 3062 ut
2040 3018 2123 3079 qui
2153 3018 2204 3063 in
2229 3027 2331 3064 tra-

203 3087 340 3153 apud
376 3088 620 3137 Valerium
661 3090 872 3153 equitem
912 3089 1222 3139 servabatur:
1311 3093 1485 3158 goediia
1509 3110 1584 3141 res
1602 3094 1653 3140 in
1673 3095 1826 3155 majus
1841 3094 2159 3158 amplificant.

203 3168 349 3235 petiit
373 3185 484 3217 eum
514 3171 718 3220 Clodius
744 3182 799 3219 ut
822 3171 1035 3230 videret,
1061 3171 1224 3219 addu-
1387 3188 1470 3220 ω.
1520 3170 1807 3221 Parricida.
1850 3174 2092 3221 Parricida
2130 3185 2204 3222 est
2242 3177 2331 3240 qui

203 3247 372 3312 xitque
399 3247 607 3298 Flavius.
631 3249 725 3297 Sed
753 3250 997 3315 captivum
1022 3249 1225 3299 Clodius
1309 3260 1493 3316 patrem
1512 3284 1528 3309 ‚
1551 3260 1634 3298 aut
1654 3251 1738 3314 qui
1758 3251 1912 3297 civem
1932 3252 2132 3308 oceidit.

205 3326 415 3374 vinculis
443 3328 654 3376 solutum
682 3329 803 3375 mari
845 3329 1113 3388 commisit,
1146 3328 1223 3376 fu·
1249 3353 1258 3363 ·
1388 3330 1472 3379 13.
1506 3331 1564 3376 In
1591 3329 1765 3393 templo
1795 3329 2024 3381 Castoris.
2052 3334 2204 3396 Quod
2229 3350 2333 3387 aas

205 3421 311 3469 gam
346 3406 573 3455 suadens.
611 3410 916 3472 Tempestate
952 3408 1127 3457 relatus
1154 3417 1227 3454 est
1314 3395 1423 3457 foro
1443 3418 1490 3455 et
1510 3409 1655 3456 euriae
1673 3408 1968 3472 proximum.

206 3485 430 3548 Tigranis
469 3474 645 3534 filius
654 3489 916 3551 Quumque
953 3489 1009 3536 Ρ.
1049 3486 1226 3536 Clodio
1391 3496 1472 3542 14.
1504 3483 1810 3551 Cat-uitsoro.
1828 3487 1974 3534 Domi
1994 3504 2045 3536 ae
2065 3493 2335 3554 continuit,

205 3563 515 3611 reducendus
540 3565 601 3613 ad
632 3567 939 3631 Pompeium,
970 3582 998 3612 a
1024 3581 1124 3630 quo
1148 3581 1226 3612 re·
1314 3565 1553 3630 salutique
1588 3583 1687 3615 suae
1720 3567 1824 3630 ipse
1853 3566 2154 3630 invigilavit,
2181 3589 2333 3636 quum

205 3642 463 3706 petebatur
481 3676 497 3701 ,
542 3642 682 3692 datus
735 3654 884 3703 esset,
931 3645 1124 3693 Flavius
1163 3643 1228 3692 ad
1314 3660 1415 3692 non
1441 3645 1568 3693 bene
1590 3662 1616 3694 a
1639 3645 1826 3711 legibus
1848 3644 2202 3698 defenderetur.
2292 3679 2301 3688 ·

206 3719 539 3783 diripiendum
582 3739 689 3770 eum
725 3723 977 3788 profectus
1019 3735 1109 3772 est.
1149 3721 1229 3771 Ad
1394 3726 1471 3773 ιδ.
1503 3723 1709 3789 Dignum
1722 3723 1847 3790 ficit.
1894 3727 2013 3773 Tres
2042 3744 2156 3791 ergo
2182 3745 2338 3778 eausa

206 3810 437 3863 quartum
471 3800 534 3847 ab
572 3801 691 3849 urbe
721 3801 933 3866 lapidem
964 3817 1126 3866 pugna
1160 3811 1232 3848 est
1317 3802 1749 3849 extraordinarium
1761 3803 2002 3863 judicium
2015 3805 2215 3853 suadere
2231 3825 2343 3874 pos-

209 3878 497 3937 eommim,
530 3880 582 3927 iu
621 3897 713 3945 qua
752 3881 972 3945 Papirius
1006 3896 1235 3929 romanus
1320 3889 1464 3927 sunt:
1489 3879 1775 3942 magnitudo
1800 3881 1904 3941 rei,
1934 3881 2143 3945 dignitas
2169 3902 2339 3950 perso-

209 3971 359 4018 eques
375 3992 390 4015 ,
418 3959 750 4023 Pompeioque
770 3959 1115 4020 amicissimus,
1143 3958 1237 4007 fuit
1323 3973 1428 4014 nae,
1455 3969 1501 4004 et
1533 3957 1654 4005 ratio
1675 3961 1906 4024 temporis
1931 3975 1944 4009 :
1976 3977 2085 4023 qnae
2110 3965 2272 4014 omnia
2291 3967 2344 4015 in

211 4035 519 4086 interfectus,
1326 4035 1492 4088 Clodii
1510 4052 1627 4084 nece
1646 4037 1782 4085 nullo
1800 4039 1950 4086 modo
1970 4043 2308 4095 occurrebant.

289 4131 370 4165 ιι.
433 4120 657 4181 Quantas
717 4117 980 4183 vaga-dias
1033 4115 1238 4169 excitat.
1406 4116 1485 4166 16.
1518 4115 1761 4165 Vestibula
1789 4116 1916 4182 ipso.
1944 4121 2069 4168 Nam
2094 4124 2351 4188 aepiuain

212 4193 355 4258 Quos
380 4196 620 4246 tumultus
643 4213 657 4245 ε
685 4211 796 4245 nam
825 4211 926 4262 quo
968 4194 1020 4243 id
1056 4196 1240 4244 facinus
1331 4194 1514 4263 templo
1536 4195 1750 4247 Castoris
1766 4196 2050 4248 habebatur.

2134 4331 2230 4394 Q·
