2994 4778
710 437 1089 505 ORATIO
1139 440 1343 507 PRO
1393 438 1464 505 P.
1520 437 1905 510 SEXTIO.
2277 463 2363 540 77

260 580 412 625 cam
455 556 621 650 jure
675 550 1029 649 laesissetss.
1075 557 1516 631 Gladiatores
1556 572 1634 627 tu
1679 561 2018 648 novitios,
2074 586 2210 661 pro
2251 591 2371 636 ex-

257 680 568 762 spectata
616 665 951 738 aedilitate
999 668 1441 766 suppositos,
1492 691 1657 737 cum
1709 670 1973 740 sicariis
2010 696 2051 741 e
2086 696 2367 746 carcere

253 777 581 846 emissis9
637 791 806 847 ante
862 776 1098 847 lucem
1156 777 1543 848 immittas?
1601 780 2050 873 magistratus
2099 784 2368 881 templo

247 883 589 979 dejicias?
644 885 911 957 caedem
963 889 1335 956 maximam
1372 883 1633 956 facias?
1674 882 1912 956 forum
1942 896 2006 930 ¹⁰
2057 894 2369 987 purges?

245 1013 318 1068 et
338 1052 357 1083 ‚
390 1023 633 1095 quum
671 1001 913 1069 omnia
945 1001 1013 1069 vi
1049 1016 1120 1071 et
1143 1002 1355 1071 armis
1393 1000 1648 1096 egeriS‚
1679 1024 1967 1072 accuses
2000 1025 2204 1089 eum,
2244 1009 2367 1101 qni

242 1135 321 1181 se
372 1111 719 1209 praesidio
762 1114 1140 1199 munierit,
1182 1137 1331 1184 non
1375 1127 1458 1182 ut
1500 1127 1570 1183 te
1610 1128 2093 1211 oppugnaret,
2130 1116 2257 1188 sed
2291 1133 2374 1188 ut

243 1227 460 1295 vitam
502 1250 711 1297 suam
744 1239 988 1323 posset
1023 1224 1448 1297 defendere?

336 1339 706 1407 XXXVII.
749 1338 969 1432 Atqui
1012 1361 1102 1406 ne
1140 1361 1227 1407 ex
1265 1361 1354 1406 eo
1393 1334 1683 1432 quidem
1729 1350 2052 1436 tempore
2101 1338 2175 1409 id
2226 1341 2370 1437 egit

238 1444 527 1513 Sextius
547 1496 569 1530 ,
589 1457 673 1513 ut
696 1467 735 1513 a
767 1447 913 1514 suis
949 1446 1267 1515 munitus
1291 1499 1310 1531 ‚
1340 1459 1500 1515 tuto
1530 1446 1606 1514 in
1648 1442 1845 1515 fot-0¹
1882 1450 2366 1545 magistratum

242 1567 524 1646 gereret
550 1605 571 1636 ,
633 1551 1153 1649 rempublicam
1215 1544 1758 1623 administraret.
1826 1560 2076 1651 Itaque
2142 1555 2368 1630 fretus

240 1661 624 1731 sanctitate
658 1659 1098 1748 tribunatu&
1143 1685 1371 1757 quum
1406 1683 1482 1732 se
1511 1684 1661 1731 non
1700 1663 1917 1733 modo
1946 1680 2194 1736 contra
2221 1668 2365 1738 vim

242 1783 308 1838 et
347 1768 676 1852 ferrum,
726 1764 852 1839 sed
895 1771 1107 1839 etiam
1153 1784 1401 1840 contra
1442 1769 1660 1841 verba
1708 1787 1924 1868 atque
1969 1775 2365 1848 interfatio-

243 1888 461 1947 nem²
513 1876 802 1974 legibus
861 1880 1146 1949 sacratis
1196 1902 1348 1949 esse
1405 1893 1757 1949 armatum
1802 1896 2117 1977 putaret,
2168 1888 2368 1956 venit

242 1987 311 2056 in
364 1987 732 2084 templum
790 1989 1134 2072 Castoris3
1197 1986 1653 2058 obnuntiavit
1706 1988 2083 2062 consuli3:
2133 2018 2362 2090 quum

242 2096 485 2167 subito
517 2094 781 2168 manus
807 2097 925 2167 illa
960 2095 1298 2167 Clodiana
1319 2150 1338 2182 ‚
1374 2098 1451 2166 in
1485 2097 1677 2169 caede
1713 2099 1974 2168 civium
2009 2124 2190 2198 saepe
2218 2104 2362 2198 jam

243 2208 491 2277 victrix
515 2259 539 2293 ‚
581 2207 974 2293 exclamat,
1007 2207 1365 2292 incitatur,
1402 2205 1711 2293 invadit3
1765 2208 2109 2279 inermem
2145 2226 2364 2309 atque

248 2319 678 2415 imparatum
723 2315 1096 2387 tribunum
1134 2316 1251 2387 alii
1294 2313 1543 2412 gladiis
1584 2315 2030 2406 adoriuntur,
2073 2319 2190 2389 alii
2220 2319 2362 2393 fra·

248 2428 547 2523 gmentis
583 2432 1008 2525 septorum‘·
1051 2441 1123 2497 et
1164 2424 1510 2509 fustibus,
1556 2447 1597 2493 a
1627 2423 1891 2520 quibus
1925 2426 2079 2515 hic,
2117 2431 2361 2502 multis

248 2536 665 2607 vulneribus
701 2538 1043 2633 acceptis,
1089 2560 1169 2606 ac
1216 2533 1587 2606 debilitato
1619 2558 1922 2631 corpore
1958 2552 2033 2607 et
2067 2554 2362 2609 contru-

246 2646 516 2731 cidato,
554 2651 636 2717 se
667 2644 928 2739 abjecit
971 2645 1415 2716 exanimatus
1449 2668 1465 2710 ε
1514 2666 1754 2739 neque
1797 2641 1942 2713 ulla
1977 2643 2112 2715 alia
2154 2670 2234 2716 re
2268 2647 2359 2718 ab

245 2779 316 2826 se
344 2769 660 2826 mortem
681 2808 701 2840 ,
736 2756 872 2824 nisi
901 2756 1242 2862 opinione
1266 2754 1517 2823 mortis
1541 2751 1838 2848 depulit.
1872 2755 2106 2844 Quem
2133 2780 2357 2851 quum

241 2865 595 2958 jacentem
644 2877 719 2933 et
769 2865 1137 2933 concisum
1175 2863 1500 2961 plurimis
1541 2860 1988 2950 vulneribus,
2035 2877 2358 2936 exn-erno

315 3053 365 3099 8.
404 3051 524 3097 Iure
567 3051 775 3100 lenisset.
815 3053 931 3100 Non
974 3050 1108 3115 quod
1150 3051 1259 3110 jure

246 3129 614 3189 intercessisset,
659 3130 746 3179 sed
782 3129 918 3193 qnod
960 3129 1259 3178 intercedens

243 3208 461 3271 legitimo
485 3219 537 3255 et
562 3210 695 3270 justo
728 3209 1057 3274 impedimenti
1087 3223 1259 3272 genere

246 3303 356 3334 mu}
381 3297 525 3334 esset.

315 3380 360 3426 9.
399 3366 609 3413 Cat-cere
640 3365 835 3414 emissis.
874 3367 920 3414 A
956 3365 1152 3414 tribuno
1189 3365 1257 3428 pl.

250 3443 300 3490 P.
320 3443 516 3492 Clodio.

320 3536 395 3569 xo.
422 3524 602 3569 For-unu
613 3527 829 3586 purges?
845 3523 1031 3570 Vacues
1043 3556 1060 3581 ‚
1083 3521 1259 3570 exhau-

250 3599 363 3656 rias,
397 3601 637 3665 populum
666 3600 895 3665 dissipem
925 3601 1093 3649 eodem
1119 3617 1259 3649 sensu

254 3690 344 3736 quo
380 3694 530 3741 purus
560 3677 740 3724 dicitnr
775 3693 998 3742 campus,
1029 3677 1078 3725 h.
1105 3693 1148 3726 e.
1183 3694 1260 3726 va·

262 3767 377 3801 cuns.
400 3757 628 3803 Manutio
654 3756 841 3820 placuit
863 3772 1073 3820 spurces.
1106 3758 1260 3804 Gara·

264 3834 406 3880 tonnus
430 3834 680 3897 vulgatam
718 3834 916 3894 retinet3
942 3850 1052 3897 qnae
1086 3835 1126 3881 si
1161 3849 1264 3882 non

261 3911 461 3960 omuibus
507 3913 773 3977 probatur,
818 3911 867 3959 t‘n
890 3910 1016 3977 foro
1037 3928 1225 3977 pugnes
1245 3946 1261 3972 ,

254 3992 457 4047 qumi,
473 3991 759 4040 diffidenter
778 3991 995 4051 conjicit.
1017 3993 1265 4039 Ernestius

253 4068 377 4113 omni
412 4086 463 4116 se
500 4071 723 4136 molestia
772 4070 996 4117 facillime
1034 4070 1265 4136 expedit,

252 4142 350 4192 duo
366 4145 466 4196 haee
484 4149 629 4197 verba
648 4148 868 4199 tribuens
885 4149 1233 4213 interpolatori.

1413 3050 1683 3097 xxxvn.
1702 3062 1746 3097 1.
1764 3050 1891 3096 Foru
1909 3059 2009 3096 tuo.
2027 3048 2223 3097 Lallem.
2243 3060 2361 3098 eum.

1314 3126 1391 3174 J.
1410 3127 1477 3174 V.
1509 3129 1563 3173 L.

1416 3219 1465 3251 α.
1516 3205 1677 3266 Aeque
1716 3200 2090 3265 interfationem.
2134 3204 2249 3252 Non
2287 3206 2358 3253 li·

1344 3282 1486 3330 cebat
1527 3281 1725 3329 tribuno
1775 3281 1930 3345 plebis
1971 3282 2184 3330 interfari
2203 3316 2218 3342 ‚
2263 3301 2348 3334 een

1342 3360 1632 3424 interloqui.

1416 3441 1466 3488 3.
1499 3437 1707 3487 Consua.
1742 3437 1940 3486 Metello
1966 3437 2118 3502 legem
2153 3441 2358 3506 aliquam

1344 3518 1515 3566 serenti
1535 3553 1550 3579 ‚
1578 3532 1720 3580 quam
1753 3518 1945 3565 Sextius
1973 3517 2130 3565 miuus
2155 3534 2184 3566 e
2214 3535 2362 3585 repu-

1344 3597 1471 3645 blica
1483 3595 1751 3657 judicaret:
1772 3611 1872 3643 non
1891 3597 2016 3642 enim
2035 3597 2132 3645 hoe
2148 3597 2213 3644 ad
2231 3600 2364 3648 Cice·

1347 3676 1481 3725 tonis
1509 3689 1696 3722 cauum
1724 3675 1958 3737 pertinuit
1975 3707 1990 3733 ‚
2019 3687 2190 3724 contre
2216 3694 2359 3741 quem

1345 3755 1465 3803 nihil
1486 3754 1639 3817 egisse
1652 3753 1904 3801 Metellum
1917 3753 1967 3799 in
1981 3754 2232 3803 consulatu
2247 3757 2363 3804 ntis

1349 3843 1538 3881 constat
1565 3847 1578 3880 :
1616 3833 1713 3892 jam
1755 3831 1882 3878 enim
1922 3830 2088 3879 odium
2130 3849 2271 3882 suum
2309 3837 2362 3883 in

1349 3911 1632 3960 Ciceronem
1652 3908 1927 3971 reipublicae
1943 3909 2140 3974 largitus
2158 3924 2277 3962 erat.

1426 3997 1478 4045 4.
1503 3991 1768 4051 Septorum.
1789 3989 1884 4050 Qui
1903 3989 2100 4037 ancelli
2120 3991 2171 4037 iu
2189 3990 2298 4038 foro
2315 4001 2367 4038 et

1352 4069 1405 4116 in
1428 4066 1626 4114 comitio
1651 4076 1787 4114 eraut
1812 4065 1982 4126 loe-ti,
2008 4079 2058 4115 et
2079 4078 2246 4131 postea
2274 4066 2365 4115 mh

1355 4144 1727 4213 imperatoribus
1745 4145 1854 4194 aerei
1874 4156 1985 4193 snut
2009 4145 2137 4193 faeti.
