2994 4778
549 464 931 535 ORATIO
979 464 1185 531 PRO
1226 460 1505 531 REGE
1552 461 2113 531 DEIOTARO.
2247 460 2389 535 635

258 603 458 658 tasse
494 611 583 657 eo
625 587 1173 683 praetermissus,
1223 584 1388 680 quia
1435 583 1615 653 nihil
1658 582 1949 680 vulgare
1983 598 2056 655 te
2092 583 2392 683 dignum

259 697 501 767 videri
532 708 789 792 potest.

375 810 563 877 XIII.
620 803 816 875 Nihil
853 828 892 873 a
938 828 1053 875 me
1090 803 1405 874 arbitror
1440 803 2062 901 praetermissum¹‚
2108 801 2235 873 sed
2273 804 2398 873 ali-

267 914 456 1011 quid
499 913 589 985 ad
642 927 1030 984 extremam
1088 938 1315 984 causae
1373 927 1649 1011 partem
1674 925 1702 957 ²
1764 927 2206 984 reservatum
2256 940 2272 982 ε
2327 912 2401 983 id

273 1039 518 1096 autem
554 1022 827 1121 aliquid
869 1038 1010 1110 est,
1074 1039 1146 1095 te
1198 1038 1280 1094 ut
1337 1023 1550 1121 plane
1599 1022 1939 1116 Dejotaro
1990 1021 2408 1094 reconciliet

277 1136 511 1205 oratio
553 1158 727 1204 mea.
766 1137 928 1204 Non
973 1134 1165 1203 enim
1201 1133 1348 1227 jam
1394 1147 1678 1217 metuo,
1726 1157 1819 1203 ne
1854 1148 1934 1203 tu
1974 1134 2075 1204 illi
2112 1157 2407 1204 succen-

280 1267 436 1314 seas
473 1269 488 1312 ε
528 1243 708 1313 illud
754 1267 1049 1330 vereor,
1085 1267 1180 1313 ne
1236 1241 1368 1312 tibi
1408 1243 1612 1313 illum
1669 1267 2088 1314 succensere
2136 1242 2404 1339 aliquid

282 1353 667 1449 suspicere.
696 1351 914 1440 Quod
943 1350 1145 1423 abest
1171 1351 1580 1447 longissime
1597 1349 1650 1439 ³,
1675 1352 2118 1440 mihicrede,
2136 1358 2406 1425 Caesar:

285 1461 465 1560 quid
507 1465 699 1533 enim
738 1463 1042 1532 retineat
1086 1486 1216 1559 per
1261 1476 1370 1548 te,
1412 1465 1809 1550 meminit&
1840 1489 1990 1534 non
2023 1463 2200 1562 quid
2238 1466 2412 1534 ami-

288 1574 497 1656 serit;
536 1594 776 1667 neque
812 1596 888 1642 se
930 1596 968 1641 a
1004 1584 1077 1642 te
1114 1562 1491 1641 multatum
1529 1571 1954 1661 arbitratum
1984 1573 2106 1645 sed
2131 1628 2150 1658 ‚
2183 1598 2411 1672 quum

290 1682 760 1766 existimaret,
803 1680 1048 1752 multis
1086 1680 1218 1751 tibi
1272 1681 1494 1752 multa
1543 1706 1696 1754 esse
1756 1674 2211 1770 tribuenda⁵‚
2261 1708 2413 1780 quo

292 1793 529 1862 minus
565 1816 606 1861 a
656 1816 767 1875 se,
816 1794 944 1888 qui
988 1794 1064 1861 in
1102 1791 1320 1863 altera
1360 1805 1562 1889 parte
1610 1790 1892 1880 suisset,
1943 1819 2023 1866 ea
2061 1817 2415 1878 sumere5‚

292 1927 447 1972 non
472 1902 844 1972 recusavit.
896 1903 1179 1972 Etenim
1218 1903 1277 1972 si
1306 1902 1704 1973 Antiochus
1723 1957 1743 1989 ,
1772 1927 2075 1999 magnus
2101 1901 2264 1975 ille⁶
2289 1927 2413 1973 rex

298 2013 507 2099 Asiae,
539 2036 798 2108 quum,
830 2010 1295 2109 posteaquam
1323 2038 1363 2082 a
1391 2013 1767 2111 Scipione⁷
1798 2010 2151 2100 devictus»,
2183 2018 2418 2084 Tauro

300 2226 463 2287 Quum
482 2234 681 2288 stupore
700 2223 1136 2290 quodampercnlsi
1156 2226 1312 2273 homi·
1399 2240 1505 2273 nou
1552 2235 1713 2273 antem
1755 2225 1973 2273 meminit
2016 2224 2112 2273 sibi
2144 2224 2419 2289 ademptam

302 2318 411 2360 nes,
453 2303 772 2353 admiratione
817 2304 964 2352 defixi
1001 2304 1224 2361 silerent,
1265 2314 1313 2351 et
1399 2303 1547 2351 fuisse
1569 2303 1810 2351 Armenia!
1830 2306 2320 2367 partem,exercitum
2341 2304 2420 2350 in-

301 2382 555 2446 indignum
581 2382 766 2446 aliquid
795 2400 846 2432 se
879 2385 1092 2432 facturos
1113 2383 1318 2442 arbitra-
1403 2381 1590 2431 dictum
1609 2417 1624 2442 ,
1642 2384 1902 2446 pecuniam
1928 2384 2232 2448 imperatam.
2250 2384 2423 2447 Neque

303 2473 485 2521 rentur,
501 2463 543 2509 si
560 2471 610 2509 te
631 2461 802 2510 eodem
822 2463 972 2512 modo
998 2480 1098 2527 qno
1125 2463 1313 2528 pleros·
1402 2462 1458 2510 id
1472 2462 1637 2510 multa!
1656 2464 1851 2510 nomine
1871 2464 2153 2527 impositum
2166 2462 2261 2510 sibi
2277 2463 2421 2510 fnisse

304 2557 399 2605 que
436 2543 729 2605 exciperent.
777 2544 935 2605 Quam
975 2543 1115 2591 facile
1155 2552 1319 2590 autem
1405 2541 1685 2600 arbitratur,
1711 2542 1797 2590 sed
1821 2559 1972 2606 quum
2000 2552 2048 2590 te
2074 2541 2259 2589 videret
2285 2558 2425 2605 pecu·

227 2655 234 2660 .
306 2635 475 2667 manus
493 2621 544 2667 in
564 2620 843 2684 plaudendo
865 2632 1202 2671 consumerent
1220 2623 1321 2669 Ro·
1408 2620 1502 2667 niis
1533 2636 1695 2684 egere,
1724 2620 1902 2684 quibus
1924 2637 2009 2669 eos
2045 2622 2132 2684 qui
2160 2632 2208 2668 te
2233 2620 2427 2684 sequuti

306 2700 434 2746 mani
448 2735 461 2756 ‚
480 2699 590 2764 quis
609 2699 797 2747 nescit?
1408 2699 1601 2747 fuerant
1627 2716 1898 2748 munerares
1912 2734 1929 2759 ‚
1965 2700 2173 2748 libenter
2196 2716 2252 2754 ,ea
2278 2699 2429 2747 tradi·

377 2778 519 2825 1111.
563 2795 606 2826 1.
656 2776 815 2827 Nihil.
837 2815 850 2827 .
865 2815 879 2828 .
896 2813 908 2827 .
930 2777 1323 2844 proeeermissum.

308 2858 483 2904 Omnia
513 2857 632 2904 mihi
667 2856 834 2905 videor
862 2869 1194 2906 accusatorum
1227 2859 1323 2905 cri-

309 2936 437 2983 mina
466 2934 692 2993 diluisse,
718 2953 808 2985 nec
836 2937 1099 3002 quidquam
1123 2938 1323 3003 [iraeter-

310 3014 495 3061 misisse
536 3030 703 3062 eorum
731 3030 841 3078 qun
866 3013 930 3062 ad
961 3032 1150 3064 causam
1177 3017 1326 3081 perti·

314 3102 502 3140 nerent.

385 3187 434 3218 a.
486 3172 573 3218 Ad
611 3183 878 3220 extremam
921 3189 1082 3221 causoe
1115 3185 1329 3238 partem.

314 3248 462 3313 Quod
504 3249 758 3299 videbatur
809 3252 1108 3315 perorationi
1161 3253 1332 3301 melius

315 3345 457 3393 qnam
479 3329 648 3377 ceteris
672 3330 902 3378 orationis
920 3331 1139 3395 partibus
1156 3349 1335 3380 conve-

316 3408 436 3454 nire.
465 3406 725 3454 Lambinus
749 3406 893 3454 docet
919 3407 1153 3471 quosdam
1180 3409 1334 3457 libros

317 3495 498 3533 veteres
516 3483 692 3532 babere
717 3483 812 3532 ..d
830 3496 1098 3535 extremum
1116 3505 1271 3537 causae
1290 3512 1331 3539 a.

390 3565 441 3611 3.
470 3561 618 3626 Quod
631 3579 683 3612 a.
706 3563 996 3626 longissime.
1024 3566 1175 3629 Qnod
1196 3568 1334 3617 nullo

320 3643 474 3690 modo
496 3643 693 3706 cogitat.
706 3645 965 3694 Lambinus
982 3647 1241 3697 arbitratur
1265 3650 1333 3697 le-

318 3722 530 3787 gendum
556 3722 652 3782 vel,
680 3724 820 3788 quod
836 3724 973 3773 abest
993 3726 1056 3773 ab
1078 3745 1137 3776 eo
1160 3728 1337 3794 longis·

318 3801 467 3858 sime,
506 3803 614 3860 vel,
652 3820 685 3849 a
722 3820 818 3868 quo
856 3803 996 3853 abest
1034 3795 1354 3872 longissime.‘

321 3879 556 3928 Patricius
571 3914 586 3938 ,
610 3884 744 3945 quod
762 3884 825 3931 ab
848 3900 905 3940 eo
926 3894 996 3932 est
1011 3884 1298 3949 longissime.

395 3967 445 4014 4.
475 3959 697 4008 Retineat
708 3978 799 4025 per
817 3974 889 4025 te,
911 3964 1141 4013 meminit.
1166 3966 1337 4014 Memi-

323 4037 399 4086 nit
424 4054 474 4086 se
491 4050 579 4087 tuo
602 4038 838 4090 beneficio
857 4043 1158 4092 tetrarchiam
1173 4046 1338 4094 Gallo-

325 4119 533 4183 graeciae,
545 4135 690 4182 quam
704 4121 750 4167 ei
766 4121 874 4182 jure
898 4122 1113 4171 victoriae
1130 4124 1340 4173 adimere

330 4207 522 4261 poteras
539 4233 554 4256 ,
596 4213 645 4247 et
677 4217 854 4249 nomen
880 4203 1065 4265 regium
1095 4206 1298 4252 retinere
1326 4221 1340 4254 :

1411 2775 1481 2824 dit
1499 2812 1514 2835 ,
1533 2794 1642 2842 quae
1669 2779 1776 2826 aliis
1798 2779 2048 2828 tribueres.

1485 2858 1532 2905 5.
1569 2857 1731 2904 Multa
1760 2873 1858 2904 esse
1882 2857 2155 2906 tribuenda.
2183 2856 2281 2904 Dio
2299 2890 2316 2916 ,
2345 2854 2432 2903 lib.

1409 2938 1579 2985 XLIII
1594 2950 1608 2986 ε
1627 2939 1895 2985 -Praetores
1914 2938 2279 3002 quatuordecim
2290 2973 2304 2996 ,
2321 2952 2433 3001 qua·

1412 3015 1632 3078 draginta
1663 3026 1927 3079 qua-stores
1963 3016 2078 3064 facti
2111 3027 2253 3076 suut3
2290 3015 2432 3062 aliam

1415 3095 1545 3142 enim
1583 3094 1743 3143 Caesar
1776 3096 2011 3143 rationem
2053 3095 2313 3160 praestandi
2347 3110 2402 3142 ea
2423 3129 2440 3152 ‚

1418 3188 1528 3235 quae
1549 3173 1713 3221 multis
1735 3173 1883 3221 multa
1910 3177 2196 3238 promiserat
2211 3209 2225 3233 ‚
2254 3173 2434 3221 nullam

1417 3249 1655 3310 habebat,
1697 3262 1744 3299 et
1771 3252 1983 3300 eamdem
2019 3252 2084 3300 ob
2119 3269 2310 3300 causam
2338 3263 2438 3300 tam

1422 3329 1602 3376 multos
1640 3329 1801 3393 allegit
1841 3331 1894 3377 in
1933 3342 2187 3390 senatum,
2225 3330 2348 3379 adeo
2381 3341 2438 3378 ut

1419 3424 1602 3455 summa
1639 3421 1915 3458 senatorum
1952 3421 2307 3475 nongentorum
2343 3410 2441 3458 fuc-

1419 3489 1504 3546 rit,
1525 3500 1619 3537 etc.
1642 3510 1664 3531 ι

1492 3571 1543 3619 6.
1576 3568 1631 3617 si
1654 3567 1943 3626 Antiochus,
1973 3586 2180 3634 magnus
2205 3569 2302 3618 ille.
2330 3568 2441 3615 Me-

1420 3649 1562 3698 minit
1578 3651 1724 3711 hujus
1744 3648 1974 3698 Antiochi
1998 3652 2140 3698 etiam
2162 3648 2331 3697 Cicero
2351 3662 2443 3710 pro

1421 3730 1624 3778 Sextio:
1661 3730 2008 3777 «Antiochum
2041 3728 2178 3776 illum
2214 3741 2442 3789 magnum

1420 3810 1629 3869 majores
1654 3809 1810 3856 nostri
1836 3824 2004 3873 magna
2025 3807 2143 3854 belli
2170 3803 2443 3853 contentio·

1422 3904 1515 3944 ne,
1563 3897 1687 3934 terra
1738 3887 1954 3952 marique
2002 3895 2277 3950 superatum
2317 3884 2445 3931 intra

1424 3974 1639 4014 montem
1673 3968 1885 4014 Taurum
1927 3980 2124 4028 regnare
2164 3965 2409 4024 jusserunt
2427 3999 2444 4025 ,

1427 4057 1519 4094 etc.
1542 4069 1566 4087 n

1504 4143 1555 4186 7.
1594 4128 1642 4172 A
1668 4125 1904 4189 Scipione.
1944 4125 1999 4175 L.
2032 4127 2167 4192 Scip.
2199 4125 2448 4182 Asiatico,

1429 4207 1575 4254 mtr-
1594 4204 1793 4265 majoris
1812 4192 2045 4254 Africani.
