2994 4778
669 477 803 521 212
1160 465 1163 470 ’
1236 452 1332 517 Μ.
1385 451 1462 517 Τ.
1520 449 2100 520 CICERONIS

664 573 881 642 terius
944 567 1242 637 domum
1304 582 1521 662 atque
1576 564 1923 656 famam⁶;
1979 592 2074 639 ne
2118 567 2465 665 probrum
2514 571 2765 653 castis,

666 676 894 749 labem
941 678 1269 771 integris,
1315 674 1670 745 infamiam
1716 673 1930 746 bonis
1969 675 2260 764 inferat3
2301 702 2393 748 ne
2441 703 2665 774 quem
2705 683 2768 748 vi

663 807 919 862 terreat
939 803 965 846 ⁷
988 816 1007 873 ;
1033 814 1124 860 ne
1151 790 1424 858 intersit
1448 785 1758 874 insidiis3
1784 786 2047 858 scelere
2075 802 2346 873 careat;
2375 803 2768 885 postrem0‚

662 925 890 997 quum
955 898 1268 996 paruerit
1328 894 1815 993 voluptatibus
1842 889 1897 980 ⁸,
1947 895 2224 967 dederit
2273 893 2543 992 aliquid
2595 910 2769 966 tem·

664 1010 856 1105 poris
908 1007 994 1076 ad
1054 1005 1301 1076 ludum
1356 1005 1610 1090 aetatis,
1652 1018 1864 1100 atque
1910 1004 1999 1075 ad
2048 1006 2294 1076 inanes
2334 1005 2548 1076 hasce
2590 1004 2768 1075 ado-

658 1119 1006 1189 lescentiae
1051 1113 1507 1210 cupiditateS,
1547 1127 1838 1203 revocet
1871 1137 1947 1184 se
1977 1111 2361 1209 aliquando
2394 1112 2486 1183 ad
2523 1136 2766 1183 curam

661 1232 761 1298 rei
800 1224 1240 1312 domesticae,
1283 1225 1384 1293 rei
1427 1220 1770 1310 forensis,
1817 1225 1919 1294 rei
1961 1222 2263 1321 publicae
2291 1251 2307 1294 ε
2340 1237 2424 1294 ιιι
2451 1247 2569 1311 ea,
2604 1249 2767 1320 quae

657 1337 931 1405 ratione
993 1348 1198 1403 antea
1251 1357 1401 1403 non
1450 1347 1911 1430 perspexerat
1936 1387 1955 1421 ,
2011 1334 2332 1405 satietate
2389 1331 2765 1428 abjecisse,

659 1441 1089 1540 experiendo
1132 1444 1643 1539 contempsisse
1682 1442 2027 1513 videatur.
2295 1533 2301 1538 Α

751 1557 849 1621 Ac
893 1550 1099 1620 multi
1153 1564 1223 1620 et
1276 1563 1586 1637 nostr-39,
1632 1567 1702 1622 et
1740 1566 2026 1647 patrum
2075 1553 2576 1649 majorumque
2613 1578 2765 1625 me-

657 1661 923 1745 moria,
970 1658 1277 1752 judices,
1331 1662 1590 1729 summi
1643 1659 2007 1748 homines,
2046 1674 2120 1730 et
2154 1661 2523 1733 clarissimi
2575 1664 2765 1735 cives

657 1767 979 1855 fuerunt,
1023 1792 1334 1864 qnorum
1378 1792 1604 1864 quum
1650 1766 2140 1839 adolescentiae
2170 1768 2595 1866 cupiditates
2639 1770 2765 1841 de·

657 1878 1135 1964 fervissent¹⁰‚
1177 1879 1448 1948 eximiae
1483 1878 1819 1965 virtutes,
1852 1875 2130 1950 firmata
2173 1879 2322 1973 jam
2362 1893 2601 1968 aetate,
2649 1905 2768 1951 ex·

656 2096 856 2145 soenoris
883 2111 1022 2143 usura
1045 2116 1086 2140 ιο.
1124 2094 1184 2141 Et
1223 2109 1333 2157 cap.
1377 2094 1443 2142 25
1472 2107 1485 2141 :
1539 2113 1563 2136 ιι
1585 2090 1664 2140 Ab

656 2175 751 2222 hoc
781 2191 971 2222 usuram
999 2173 1164 2236 exige,
1192 2188 1332 2236 quem
1356 2189 1454 2220 non
1480 2172 1545 2219 sit
1568 2171 1662 2218 cri-

658 2268 765 2299 men
788 2253 1009 2300 occidere
1023 2272 1045 2293 ·
1060 2283 1073 2298 .

1751 2094 1900 2154 chus,
1936 2106 1994 2143 ιιι
2025 2111 2170 2158 supr·
2204 2093 2445 2155 diximus;
2483 2111 2654 2160 nempe
2676 2097 2766 2159 qui

1753 2173 1899 2221 semel
1946 2175 2195 2236 paruerint
2233 2174 2585 2238 voluptatibus,
2633 2191 2766 2238 agre

1754 2261 1901 2315 ceput
1928 2251 2188 2317 expedient
2213 2252 2413 2317 laqueis.
2435 2255 2602 2301 Senec.
2619 2254 2768 2316 epist.

726 2331 778 2379 6.
804 2329 1183 2394 Atquesamam.
1209 2328 1331 2378 cod.
1361 2345 1486 2376 unns
1509 2329 1670 2376 Mem-

657 2410 803 2456 mian.
827 2406 972 2455 habet
996 2418 1143 2472 atque
1160 2406 1432 2472 familiam.

730 2504 777 2548 7.
808 2488 886 2535 Ne
903 2502 1042 2550 quem
1064 2487 1120 2534 υἱ
1137 2498 1330 2535 terreat.
1350 2487 1547 2549 Vulgat.
1565 2507 1590 2527 ι-
1608 2502 1669 2534 ue

659 2581 802 2629 quem
822 2565 1062 2612 interimet
1074 2586 1115 2613 n.
1134 2566 1263 2613 Note
1284 2566 1362 2612 hic
1379 2563 1670 2628 singulerem

659 2644 864 2692 oratoris
917 2643 1222 2707 prudentiam
1246 2658 1263 2703 ς
1309 2643 1437 2690 iuter
1489 2653 1670 2690 ceteras

659 2723 1048 2787 praescriptiones
1074 2720 1524 2783 moderatione-que
1551 2736 1671 2783 quas

660 2804 712 2849 in
734 2800 1055 2848 adolescentie
1070 2799 1271 2861 requirit
1284 2832 1298 2855 ,
1315 2815 1367 2846 en
1387 2801 1546 2863 ponit,
1561 2815 1668 2861 quse

658 2878 916 2928 adversarii
942 2877 994 2923 iu
1023 2878 1098 2924 M.
1124 2876 1334 2924 Coelium
1364 2876 1669 2937 objecerant,

663 2975 725 3006 ne
750 2956 1081 3022 desperatione
1111 2969 1265 3000 csnsae
1296 2952 1358 3003 sd
1377 2956 1473 3002 hoe
1503 2955 1671 3003 defen-

661 3037 810 3085 sionis
873 3049 1022 3097 genus
1083 3032 1353 3095 confugisse
1413 3032 1668 3095 videatur-3

660 3117 795 3182 qussi
814 3114 968 3162 diest:
994 3114 1156 3175 Quum
1181 3111 1365 3175 aliquid
1391 3111 1672 3160 adolescen-

664 3196 794 3243 tibus
837 3191 1186 3254 indulgendum
1236 3206 1337 3238 esse
1389 3191 1634 3239 contendo
1652 3224 1669 3249 ‚

665 3273 769 3320 boec
806 3272 919 3319 ideo
957 3286 1058 3316 non
1096 3269 1244 3327 dico,
1292 3280 1346 3316 ut
1380 3269 1578 3335 impune
1610 3270 1674 3317 sit

666 3346 737 3392 M.
768 3347 953 3405 Coelio,
983 3349 1022 3394 si
1057 3363 1167 3393 vern
1208 3358 1320 3394 sunt
1355 3365 1443 3409 ee,
1475 3365 1584 3412 quae
1611 3347 1674 3396 nb

669 3422 950 3471 adversariis
974 3425 1165 3484 objecta
1189 3436 1330 3483 sunt3
1375 3428 1416 3472 si
1440 3429 1676 3489 patrimo-

670 3502 803 3549 nium
833 3499 1124 3564 absumpsit,
1159 3518 1402 3549 versuram
1434 3504 1575 3561 feeit,
1611 3520 1675 3551 ει

668 3581 876 3628 alienum
913 3580 1188 3635 contraxit,
1229 3575 1551 3626 seditionibus
1575 3582 1673 3629 Pn-

673 3657 875 3706 teolnuis
895 3655 1136 3713 interfuit,
1156 3666 1249 3701 ete.
1278 3656 1394 3702 Nou
1410 3690 1424 3713 ,
1448 3656 1671 3720 inquam,

669 3736 779 3784 ideo
806 3735 947 3790 dico,
969 3745 1023 3781 ut
1046 3732 1098 3780 id
1119 3734 1316 3797 impune
1334 3735 1398 3782 sit
1419 3734 1506 3794 ini,
1526 3753 1676 3801 quum

670 3814 784 3862 setis
818 3828 1054 3876 superque
1093 3828 1153 3859 ex
1195 3813 1522 3876 supet-loribus
1558 3831 1677 3863 con-

670 3881 787 3949 stet,
823 3891 1029 3939 Coelinm
1054 3890 1198 3939 fuisse
1222 3891 1395 3940 borum
1420 3894 1675 3943 criminum

567 4012 578 4022 .
668 3973 990 4019 innocentem.

740 4052 788 4099 8.
810 4049 964 4111 Quum
982 4047 1204 4109 paruerit
1227 4048 1570 4113 vuluptatibus.
1588 4052 1676 4101 Ci-

670 4143 892 4180 ceronem
940 4124 1110 4172 merito
1158 4125 1444 4190 vituperavit
1486 4130 1674 4177 Plutar-

1757 2331 1853 2393 39:
1888 2331 2108 2379 «Netum
2136 2347 2278 2378 snum
2315 2329 2461 2380 finem
2484 2332 2654 2392 babet,
2676 2349 2770 2380 vo-

1755 2411 1965 2475 luptates
2004 2410 2108 2458 siue
2143 2412 2350 2458 termino
2384 2423 2514 2461 snut.
2541 2413 2772 2462 Serviunt

1755 2489 1882 2553 illis,
1918 2505 2019 2537 non
2054 2490 2304 2551 fruuntur3
2332 2490 2449 2537 mah
2475 2507 2594 2551 sua,
2634 2492 2770 2556 quod

1756 2568 1992 2616 melorum
2014 2568 2266 2628 ultimum,
2306 2580 2496 2616 amant:
2528 2581 2647 2618 tuuc
2678 2587 2769 2618 au·

1759 2658 1854 2694 tem
1894 2657 2222 2694 consummate
2257 2658 2330 2695 est
2367 2644 2654 2705 infelicius,
2683 2649 2770 2696 ubi

1759 2726 1916 2788 turpis
1934 2741 2032 2773 non
2057 2725 2213 2773 solum
2239 2724 2495 2783 delectant,
2514 2726 2602 2774 sed
2624 2728 2770 2774 etiam

1754 2803 1972 2867 pleceut:
1994 2814 2041 2851 et
2066 2803 2241 2851 desinit
2259 2820 2361 2851 esse
2379 2804 2598 2853 remedio
2614 2806 2772 2864 loeus,

1755 2881 1841 2929 ubi
1862 2897 1970 2945 quae
1996 2882 2183 2930 fuerent
2203 2881 2352 2941 vitia,
2378 2898 2537 2930 mores
2554 2895 2669 2931 sunt
2702 2904 2749 2933 ο.

1828 2976 1877 3023 9.
1897 2960 2043 3008 Hulti
2065 2972 2113 3008 ee
2143 2971 2326 3009 noste-a.
2355 2961 2553 3010 Scilicet
2583 2965 2651 3026 Q.
2684 2965 2774 3013 c·-

1757 3037 1887 3085 tulns
1913 3048 1962 3086 et
1993 3035 2170 3088 Caesar.
2204 3066 2274 3075 —
2300 3039 2643 3105 Musarumque
2667 3059 2776 3092 me-

1758 3115 1935 3164 moria.
1957 3117 2224 3181 Scipiones.

1834 3209 1913 3244 ιο.
1944 3194 2236 3259 Cupiditam
2269 3193 2591 3259 defervissent.
2627 3197 2771 3248 Pluto

1760 3273 1974 3322 seeundo
2010 3272 2071 3321 de
2107 3274 2349 3338 Legibus:
2376 3278 2648 3324 «Juvenum
2671 3292 2771 3325 ιιι-

1762 3363 1866 3400 tnra
1890 3368 2040 3415 quum
2057 3352 2197 3415 ignee
2217 3354 2309 3412 sit,
2333 3365 2382 3402 et
2401 3371 2628 3414 ιοοαισι,
2658 3354 2774 3405 fieri

1761 3446 1862 3478 non
1888 3440 2075 3495 potest,
2099 3441 2151 3478 ut
2184 3431 2276 3480 sibi
2313 3449 2472 3498 neque
2504 3435 2774 3485 seeundum

1761 3524 1940 3572 eorpus
1952 3545 1969 3573 ‚
1989 3525 2146 3572 neque
2165 3511 2432 3559 seeundum
2448 3529 2619 3561 voeem
2636 3516 2778 3578 quie-

1762 3595 1857 3633 tem
1883 3588 2151 3651 impertiat,
2181 3599 2273 3639 ete.
2300 3610 2322 3633 ι
2362 3592 2520 3639 Docet
2553 3607 2638 3640 eos
2666 3593 2776 3641 vini

1760 3677 1888 3730 potu
1915 3666 2090 3714 debere
2113 3666 2380 3729 abstinere,
2408 3681 2456 3718 et
2482 3671 2644 3735 ignem
2667 3672 2777 3735 igni

1761 3759 1861 3791 non
1878 3760 1979 3792 esse
1998 3745 2336 3797 invehendum.
2365 3750 2414 3796 S.
2439 3749 2776 3814 Hieronymus

1761 3821 1824 3868 ed
1849 3822 2175 3887 Nepotianum
2200 3823 2271 3892 {de
2304 3827 2403 3875 vita
2445 3828 2776 3879 elericorum:

1762 3922 1787 3943 ι
1805 3902 1955 3962 Quod
1979 3902 2020 3948 si
2046 3903 2227 3967 absque
2260 3906 2379 3954 vino
2414 3904 2566 3954 ordeo
2603 3907 2778 3957 adole·

1760 3979 1962 4038 scentia,
1984 3991 2032 4027 et
2049 3980 2317 4031 inflammor
2331 3984 2495 4033 miore
2507 3986 2775 4051 unguinis.

1759 4054 1967 4104 libenter
1984 4058 2159 4107 carebo
2176 4061 2382 4125 poculo,
2412 4063 2465 4110 iu
2485 4080 2587 4126 quo
2610 4067 2773 4129 suspi-

1763 4132 1842 4180 cio
1867 4137 2040 4183 veneni
2064 4149 2136 4184 est
2148 4160 2189 4186 n.
