2994 4778
631 514 773 602 646
1126 519 1235 588 IN
1286 520 1573 588 ORAT.
1611 520 2247 591 VATINIANAM

704 643 918 717 Legem
942 637 1175 716 quidem
1201 641 1349 697 hanc
1379 658 1499 696 non
1526 639 1970 717 improbabilem
1993 643 2294 702 videbatur
2318 649 2385 703 P.
2407 645 2667 704 Vatinius
2688 646 2741 703 io

631 733 929 794 tribunatu
960 755 1066 794 suo
1106 756 1468 815 perrogasse,
1519 752 1580 795 ut
1616 738 1969 798 alternorum
1993 739 2259 817 judicum
2297 741 2535 820 rejectio
2567 743 2738 802 fieret.

628 830 744 889 Sed
785 843 950 889 acute
993 830 1243 889 detrahit
1287 846 1344 891 et
1385 831 1613 891 laudem
1656 852 1829 910 qnam
1879 834 1954 893 de
1989 837 2258 913 aequitate
2296 838 2428 915 legis
2466 839 2740 916 consequi

630 939 890 1005 poterat,
940 947 1011 985 eo
1065 928 1280 987 scilicet
1323 929 1479 1007 quod
1525 928 1739 1007 egerit,
1795 943 1859 989 ut
1902 935 1967 989 C.
2018 933 2337 1005 Antonium,
2380 936 2472 1011 qui
2526 935 2741 1013 collega

629 1030 710 1086 M.
734 1026 915 1084 Tullii
945 1027 1131 1085 fuerat
1156 1028 1218 1085 in
1243 1029 1576 1100 consulatu,
1601 1041 1733 1086 ante
1759 1047 1893 1087 reus
1914 1029 2103 1101 fieret,
2131 1031 2528 1092 accusantibus
2549 1037 2625 1103 Q.
2646 1036 2743 1090 Fa-

629 1121 729 1180 bio
758 1123 1015 1181 Maximo
1048 1136 1107 1181 et
1141 1128 1226 1181 M.
1256 1123 1439 1182 Coelio
1471 1124 1659 1194 Ruso,
1705 1141 1882 1201 quam
1919 1125 2014 1184 lex
2046 1126 2280 1185 Vatinia
2318 1125 2393 1184 de
2437 1126 2740 1203 rejectione

619 1218 881 1297 judicum
920 1223 1307 1301 perferre-turi
1348 1236 1412 1280 ut
1440 1234 1635 1300 posset
1676 1224 2004 1300 aequissimo
2033 1223 2257 1300 judicio
2297 1245 2437 1284 rens
2470 1226 2741 1283 Antonius

626 1337 693 1376 ea
736 1318 897 1377 feriri
918 1319 1019 1398 (ι).
1062 1324 1256 1392 Quum
1301 1319 1617 1397 pransertim
1664 1332 1814 1377 esset
1845 1320 1932 1378 illi
1964 1321 2226 1380 Vatinius
2269 1321 2428 1380 idem
2470 1322 2741 1380 affinitate

628 1414 985 1492 conjunctus.
1034 1419 1185 1473 Nam
1235 1416 1407 1473 filiam
1446 1421 1526 1473 M.
1570 1415 1806 1473 Antonii
1828 1415 1913 1493 (2)
1955 1417 2149 1475 fratris
2197 1416 2319 1495 ejus
2362 1416 2643 1476 habuerat
2684 1419 2740 1475 in

628 1525 1010 1572 matrimomo.

720 1670 875 1736 XII.
936 1688 996 1732 1.
1040 1663 1169 1734 Illo
1208 1665 1363 1757 ipso
1410 1685 1601 1731 anno
1640 1685 1788 1759 quo
1827 1662 1942 1732 lex
1989 1662 2125 1732 lata
2162 1676 2267 1734 est
2300 1661 2391 1733 de
2424 1662 2742 1759 pecuniis

623 1770 1060 1875 repetundis.

708 1916 1148 1993 Locupletatum
1167 1917 1483 1976 interversa
1507 1917 1757 1994 pecunia
1784 1935 1925 1994 pop.
1949 1917 2029 1995 (3)
2069 1930 2128 1974 et
2155 1917 2414 1994 spoliatis
2440 1917 2614 1974 etiam
2639 1934 2746 1991 pu·

624 2013 863 2072 blicanis
889 2013 1182 2072 Vatinium
1209 2009 1376 2086 dicit,
1407 2027 1475 2073 ut
1493 2034 1566 2072 ex
1585 2027 1926 2092 paupertate
1948 2013 2022 2071 ad
2046 2033 2295 2084 summas
2315 2012 2548 2071 divitias
2572 2013 2748 2090 perti-

624 2123 812 2182 neret,
834 2129 953 2168 non
985 2112 1106 2168 sine
1134 2110 1383 2187 quadam
1421 2115 1683 2169 cautione
1722 2131 1796 2170 ne
1840 2116 2124 2171 Caesarem
2154 2111 2477 2184 offenderet
2494 2109 2576 2188 (4)
2601 2152 2615 2179 ‚
2658 2108 2748 2165 cui

623 2207 1049 2284 acceptissimus
1087 2219 1213 2264 erat
1242 2207 1325 2284 (5)
1358 2228 1371 2261 :
1419 2226 1521 2278 eo,
1555 2206 1768 2284 inquit,
1805 2226 1956 2264 anno
1996 2204 2212 2264 ditatus
2247 2217 2363 2272 est,
2391 2224 2508 2282 quo
2544 2205 2636 2262 lex
2679 2202 2750 2261 de

624 2426 649 2446 ··
668 2403 838 2466 Legem
857 2401 1164 2463 jndiciariam
1191 2401 1303 2449 tulit
1322 2400 1341 2463 (
1362 2403 1413 2448 P.
1431 2399 1693 2462 Vatinius)
1720 2399 1780 2448 de
1797 2400 1996 2467 alternis
2019 2399 2234 2447 consiliis
2255 2399 2559 2462 rejiciendis,
2579 2408 2635 2446 ut
2652 2413 2754 2445 eam

624 2486 836 2551 appellat
859 2486 1059 2542 Cicero,
1085 2501 1181 2547 qna
1224 2486 1309 2531 ndo
1341 2483 1592 2546 acturique
1632 2482 1836 2530 dabatur
1868 2482 2052 2530 alterna
2086 2482 2288 2542 micetio
2322 2481 2562 2541 indicum.
2600 2482 2752 2541 Quam

623 2571 776 2634 legem
794 2586 945 2632 qnnm
959 2567 1311 2632 promulgasset
1334 2567 1587 2625 Vatinius,
1609 2578 1657 2614 et
1676 2567 1735 2615 C.
1760 2568 2032 2614 Antonium
2054 2566 2219 2631 paullo
2238 2577 2353 2628 post
2378 2581 2514 2612 reum
2540 2566 2752 2612 fntnrmn

626 2654 935 2718 cognovisset
951 2687 967 2712 ,
994 2649 1294 2714 exspectavit
1315 2651 1431 2696 inea
1449 2649 1733 2712 perferenda
1748 2684 1762 2707 ‚
1786 2650 1943 2697 donec
1972 2651 2217 2698 Antonius
2239 2665 2348 2696 rens
2373 2647 2540 2707 fieret,
2567 2647 2756 2710 legique

630 2750 733 2786 tum
757 2734 948 2782 addidit
969 2734 1303 2801 limitationem
1321 2768 1335 2791 ,
1365 2741 1421 2779 ut
1446 2732 1753 2780 solummodo
1781 2733 1840 2780 de
1867 2733 1925 2780 iis
1947 2738 2117 2797 posset
2148 2733 2382 2795 intelligi,
2419 2747 2628 2794 quorum
2663 2744 2757 2777 no·

628 2821 756 2867 mina
796 2828 908 2882 post
952 2833 1060 2864 eam
1092 2818 1236 2864 latam
1260 2816 1564 2887 deferrentur
1583 2837 1627 2862 u.
1649 2817 1983 2877 Reiz-ctionem
2004 2805 2223 2876 judicum
2243 2815 2542 2863 alternorum
2574 2829 2753 2861 memo·

627 2912 701 2948 rat
723 2901 892 2950 Cicero
917 2901 1057 2946 etiam
1082 2901 1133 2946 in
1153 2910 1277 2946 orat.
1297 2903 1387 2962 pro
1408 2899 1634 2959 Plancio,
1670 2900 1728 2946 15
1751 2934 1766 2958 ,
1802 2906 1911 2962 q'nae
1931 2898 2128 2962 quidem
2168 2899 2329 2946 oratio
2360 2898 2490 2945 dicta
2520 2898 2611 2945 fait
2628 2913 2756 2944 anno

627 2984 775 3034 Urbis
803 2982 928 3038 600,
971 2982 1197 3030 videlicet
1224 2982 1397 3045 quinto
1439 2994 1551 3046 post
1586 2983 1769 3029 Vatinii
1816 2981 2111 3030 tribunatum
2131 3018 2144 3039 ‚
2199 2997 2292 3045 qua
2334 2990 2575 3046 potestate
2606 2994 2756 3043 qnnm

628 3069 930 3132 fungeretur,
958 3066 1136 3115 tulerat
1164 3082 1267 3114 eam
1290 3066 1448 3130 legem
1464 3066 1711 3114 Vatinius.
1732 3067 1796 3113 A.
1818 3068 1894 3114 M.

698 3154 771 3216 (ι)
814 3150 874 3201 C.
902 3152 1146 3199 Antonius
1191 3151 1326 3198 velut
1359 3151 1653 3199 Catilinariae
1692 3150 1890 3213 quidem
1923 3149 2277 3209 conjurationis
2312 3148 2475 3194 socius
2501 3152 2752 3193 accusatus

631 3247 729 3291 est,
753 3233 839 3282 sed
868 3235 1124 3282 damnatus
1161 3250 1187 3280 a
1221 3233 1472 3293 jndicibus
1518 3233 1655 3297 quod
1674 3232 1951 3296 provincias
1989 3231 2314 3295 spoliavisset.
2349 3230 2480 3279 Vide
2519 3229 2756 3281 Dionem,

629 3321 926 3377 xxxvm,
950 3334 1027 3366 to.
1048 3317 1175 3363 Vide
1195 3317 1339 3364 etiam
1354 3317 1620 3365 Asconinm
1641 3317 1703 3363 ad
1727 3327 1847 3364 orat.
1866 3316 1914 3363 in
1933 3318 2070 3378 Toga
2091 3314 2316 3362 candida.
2333 3313 2393 3362 C.
2417 3311 2628 3361 Antonii
2650 3326 2756 3357 ωυ-

631 3417 731 3449 sam
755 3403 856 3448 sine
881 3401 1045 3449 fructu
1070 3399 1171 3463 egit
1197 3400 1366 3448 Cicero
1386 3410 1555 3448 contra
1584 3401 1652 3448 M.
1684 3399 1890 3450 Coelium
1918 3401 2097 3446 Rufum
2119 3435 2132 3456 ,
2155 3399 2242 3461 qui
2269 3393 2352 3459 (ut
2367 3397 2436 3445 ait
2454 3396 2558 3461 ipse
2585 3395 2757 3444 Cioem

631 3476 681 3531 in
706 3494 826 3530 orat.
852 3500 946 3548 pro
987 3485 1095 3547 ipso
1145 3485 1334 3544 Caelio,
1373 3486 1458 3547 31)
1501 3484 1632 3532 hunc
1669 3493 1993 3531 accusaverat.
2021 3484 2159 3531 Dixit
2207 3483 2258 3529 in
2294 3481 2560 3529 Antonium
2604 3477 2755 3524 etiam

633 3569 696 3629 Q.
724 3564 996 3622 Maximus,
1038 3578 1090 3613 nt
1108 3576 1242 3628 'patet
1265 3584 1327 3613 ex
1348 3568 1585 3615 Cicerone
1605 3568 1656 3614 in
1686 3567 1776 3614 hac
1809 3567 2058 3623 oratione,
2080 3583 2190 3631 cap.
2219 3581 2238 3613 x
2255 3582 2272 3613 1
2295 3602 2309 3625 ‚
2344 3576 2393 3614 et
2412 3580 2473 3612 ex
2491 3565 2758 3626 Interprere

632 3660 833 3705 nostre,
861 3662 972 3713 pag.
997 3647 1316 3710 praecedente.
1334 3646 1398 3695 Α.
1420 3651 1493 3698 Μ.

701 3733 778 3796 (a)
801 3732 988 3795 Nempe
1013 3732 1217 3790 Cretici,
1237 3734 1320 3797 qni
1345 3733 1491 3781 frater
1520 3733 1610 3780 fuit
1624 3733 1678 3781 C.
1696 3733 1902 3780 Antonii
1922 3734 2139 3781 consulis
2171 3750 2284 3781 cum
2324 3730 2580 3780 Cicerone.
2603 3731 2662 3776 A.
2686 3728 2754 3774 M.

702 3815 777 3878 (3)
810 3814 1011 3878 Explica
1049 3816 1251 3879 populi,
1290 3814 1365 3862 vel
1380 3812 1600 3879 publica.
1632 3817 1724 3863 Vel
1759 3817 1924 3880 potius
1966 3817 2167 3863 transfer
2205 3818 2263 3864 P.
2301 3826 2413 3862 ante
2471 3812 2720 3860 Vatinium
2742 3844 2755 3865 ‚

630 3899 766 3959 enjus
810 3914 1091 3962 praenomen
1127 3899 1271 3946 fuisse
1308 3898 1526 3947 Publium
1558 3911 1692 3963 patet
1730 3916 1790 3946 ex
1829 3912 2000 3948 nostro
2027 3903 2295 3962 Inter-prete
2322 3898 2384 3945 ad
2419 3896 2754 3948 Planciamm.

638 3981 697 4029 16
716 4016 730 4038 ,
748 3979 811 4027 ad
842 3965 966 4028 lianc
991 3980 1325 4040 Vatinianam‚
1358 3999 1377 4028 1
1396 3997 1448 4039 ις
1493 3983 1728 4030 Cicerone
1762 3982 1823 4029 ad
1852 3982 2017 4029 Famil.
2044 3980 2090 4027 V
2109 4015 2123 4039 ‚
2159 3996 2219 4045 ruo
2251 3990 2301 4027 et
2333 3994 2387 4028 11
2414 4014 2428 4035 ,
2473 3990 2521 4026 et
2561 3977 2723 4024 Dione
2749 4010 2760 4028 ,
2797 3988 2810 3993 “

632 4064 931 4120 xxxvur,
968 4066 1017 4112 6.
1045 4069 1107 4112 Δ.
1136 4066 1208 4113 Μ.

704 4147 776 4210 (4)
807 4147 929 4194 cod.
957 4164 1056 4195 non
1083 4148 1186 4195 sine
1211 4148 1427 4211 quadam
1461 4186 1470 4196 .
1496 4186 1508 4196 .
1532 4183 1543 4193 .
1573 4149 1745 4196 relicto
1774 4148 1959 4231 ‘'paim''
1983 4166 2043 4195 ne
2083 4151 2316 4196 Coesarem
2344 4145 2452 4201 συί,
2488 4154 2584 4191 etc.
2606 4145 2662 4189 Δ.
2683 4138 2758 4189 Μ.

626 4226 633 4233 ’
702 4229 777 4291 (5)
820 4231 1192 4293 Acceptissimns
1223 4232 1400 4280 Caesari
1438 4242 1536 4279 erat
1558 4232 1782 4279 Vatinius
1804 4267 1816 4289 ‚
1861 4233 1972 4295 quia
2000 4232 2044 4279 ei
2071 4228 2261 4279 consuli
2298 4228 2525 4277 tribunus
2552 4222 2754 4274 faverat.
