2994 4778
571 447 955 517 ORATIO
1005 445 1207 514 PRO
1254 445 1331 511 T.
1376 445 1456 510 A.
1508 443 1941 515 MILONE.
2180 441 2311 518 531
2386 390 2389 391 ⁷

190 585 331 634 nec
351 558 872 635 vicissitudines
897 581 1138 629 rerum
1163 571 1382 653 atque
1401 553 1692 627 ordines
1710 571 2026 643 movent,
2057 582 2345 659 neque,-

192 673 265 744 id
315 670 523 770 quod
566 672 956 747 maximum
995 682 1138 755 est,
1180 667 1536 762 majorum
1584 680 2000 738 nostrorum
2038 673 2325 768 sapien-

196 785 333 869 tia,
378 785 508 879 qui
556 805 788 866 sacra,
835 782 961 877 qui
1012 779 1488 864 caerimoniam,
1540 780 1667 873 qui
1719 779 2031 875 auspicia
2077 796 2149 853 et
2190 784 2325 881 ipsi

199 893 642 965 sanctissime
680 890 1090 974 coluerunt,
1130 904 1199 967 et
1246 888 1497 973 nobis,
1538 889 1685 959 suis
1722 891 2059 984 posteris,
2087 894 2332 989 prodi..

202 1003 487 1079 derunt.

299 1116 554 1185 XXXI.
599 1116 764 1195 Est,
807 1125 915 1183 est
970 1106 1295 1207 profecto
1346 1106 1465 1178 illa
1520 1110 1666 1178 vis¹
1727 1136 1742 1178 ε
1794 1134 2036 1205 neque
2091 1115 2165 1182 in
2220 1113 2331 1185 his

206 1221 634 1321 corporibus
685 1236 903 1317 atque
958 1221 1033 1289 iu
1105 1218 1240 1289 hac
1299 1216 1785 1289 imbecillitate
1842 1233 2086 1293 nostra
2149 1224 2338 1295 inest

207 1333 587 1430 quiddam,
619 1331 816 1428 quod
860 1331 1094 1425 vigeat
1137 1343 1208 1400 et
1250 1329 1535 1412 sentiat,
1567 1344 1640 1400 et
1675 1354 1822 1399 non
1866 1330 2051 1400 inest
2079 1334 2153 1403 in
2195 1333 2337 1405 hoc

207 1459 411 1515 tanto
459 1456 760 1527 naturae,
806 1456 949 1510 tam
996 1439 1336 1537 praeclaro
1370 1454 1597 1510 motu.
1646 1442 1795 1513 Nisi
1833 1439 2019 1513 sorte
2064 1443 2336 1515 idcirco

208 1578 360 1625 esse
420 1577 568 1623 non
607 1563 907 1648 putant,
956 1551 1124 1646 quia
1177 1574 1327 1620 non
1383 1564 1722 1646 apparet,
1780 1575 1916 1623 nec
1956 1558 2278 1627 cernitur
2319 1583 2334 1625 ε

212 1660 518 1758 proinde
561 1658 765 1757 quasi
801 1673 1114 1729 nostram
1144 1661 1373 1757 ipsam
1414 1673 1726 1731 mentem
1750 1714 1768 1745 ‚
1803 1685 1948 1756 qua
1986 1665 2342 1761 sapimus,

208 1797 351 1869 qua
398 1771 899 1869 providemus,
952 1793 1098 1865 qua
1146 1767 1296 1839 haec
1345 1769 1496 1865 ipsa
1549 1772 1826 1865 agimus
1873 1795 1957 1843 ac
1995 1772 2342 1860 dicimuS,

207 1887 486 1970 videre,
538 1899 661 1956 aut
701 1885 949 1982 plane,
1001 1881 1271 1979 qualis,
1312 1897 1437 1953 aut
1484 1883 1611 1952 ubi
1651 1884 1775 1966 sit,
1818 1887 2084 1959 sentire
2120 1889 2346 1985 possi-

208 2022 395 2068 mus.
435 2000 535 2069 Ea
583 1998 730 2078 vis,
781 2018 863 2065 ea
910 1995 1130 2090 igitur
1191 1998 1386 2091 ipsa,
1431 2018 1595 2089 quae
1647 2017 1837 2090 saepe
1889 1995 2345 2070 incredibiles
2448 2088 2455 2097 Ἰ

212 2106 381 2177 huic
418 2103 584 2177 urbi
633 2101 1005 2177 felicitates
1056 2116 1276 2198 atque
1321 2127 1499 2200 opes
1548 2102 1825 2186 attulit,
1861 2103 2056 2175 illam
2100 2110 2345 2203 perni-

208 2219 397 2288 ciem
433 2216 771 2289 exstinxit
806 2239 888 2286 ac
923 2214 1213 2287 sustulit
1244 2240 1260 2283 z
1301 2217 1419 2285 cui
1461 2215 1780 2310 primum
1811 2228 2130 2287 mentem
2165 2218 2344 2313 inje-

211 2327 379 2409 cit',
403 2339 484 2396 ut
508 2325 578 2394 vi
597 2324 870 2396 irritare
890 2323 1234 2421 ferroque
1253 2322 1598 2410 lacessere
1617 2319 2085 2400 fortissimum
2111 2329 2342 2401 virum

208 2435 545 2522 auderet,
583 2437 1137 2532 vincereturque
1168 2433 1258 2507 ab
1287 2459 1412 2520 e0‚
1453 2458 1674 2530 quem
1703 2434 1761 2504 si
1789 2436 2072 2508 vicisset
2092 2490 2111 2523 ,
2144 2436 2346 2508 habi-

212 2561 420 2618 turus
480 2559 663 2616 esset
718 2549 1224 2642 impunitatem
1274 2558 1346 2617 et
1397 2543 1753 2616 licentiam
1812 2550 2341 2642 sempiternam.

213 2657 379 2726 Non
424 2670 530 2725 est
575 2654 897 2725 humano
928 2655 1267 2739 consili0‚
1306 2679 1400 2726 ne
1433 2651 1828 2728 mediocri3
1868 2654 2195 2751 quidem,
2225 2656 2344 2750 ju·

212 2764 439 2850 dices,
477 2764 780 2835 deorum
825 2766 1338 2835 immortalium
1391 2789 1608 2850 cura,
1665 2789 1798 2852 res,
1826 2764 1943 2834 illa
2003 2764 2368 2862 perfecta..

213 2876 627 2972 Religiones
654 2874 1063 2946 mehercule
1088 2877 1254 2975 ipsae
1275 2929 1295 2957 ,
1331 2899 1491 2971 quae
1516 2872 1707 2944 illam
1744 2873 2063 2945 belluam
2092 2876 2347 2949 cadere

211 2984 590 3070 viderunt,
627 3009 1027 3058 commosse
1071 3011 1146 3058 se
1182 2984 1546 3070 videntur,
1589 2977 1661 3056 et
1692 2985 1813 3079 jus
1847 2988 1925 3055 in
1968 2985 2094 3064 illo
2131 3011 2346 3062 suum

210 3097 618 3167 retinuisse.
659 3101 808 3165 Vos
849 3100 1043 3167 enim
1079 3097 1260 3191 jam,
1298 3095 1557 3166 Albani
1605 3095 1866 3164 tumuli
1892 3110 2116 3192 atque
2159 3096 2343 3182 luci,

287 3297 484 3345 xxxl.
520 3314 566 3345 1.
611 3296 829 3364 Profecto
859 3297 948 3345 illa
974 3296 1067 3346 vis.
1099 3296 1237 3361 Opti·

215 3393 292 3423 me
340 3375 423 3423 hie
465 3376 526 3423 de
570 3376 662 3425 diis
707 3389 875 3426 orator
912 3376 1054 3424 verba
1094 3375 1236 3437 facit,

215 3454 331 3519 quin
378 3465 563 3503 mentes
610 3457 766 3504 acrius
807 3455 1055 3521 percellit3
1098 3466 1145 3502 et
1185 3454 1237 3501 in

217 3548 313 3580 una
358 3534 523 3582 Clodii
568 3535 777 3583 facinora
820 3535 989 3583 oculos
1029 3534 1236 3591 detinet,

217 3612 434 3676 deosque
460 3614 608 3660 iratos
634 3615 700 3662 ita
721 3614 910 3661 inducit
925 3651 940 3676 ,
963 3624 1014 3661 ut
1035 3613 1237 3662 omuino

215 3708 319 3739 non
342 3692 441 3751 jem
471 3692 648 3741 Miloni
685 3693 958 3742 accusando
983 3693 1124 3742 locus
1157 3709 1239 3741 su·

215 3786 409 3834 pet-esse
425 3771 664 3820 videatur.

290 3866 340 3897 a.
363 3851 573 3898 Mentem
593 3850 773 3918 injecit.
795 3851 1089 3900 ,Iamdudum
1110 3850 1240 3914 apud

217 3929 340 3977 deos
353 3941 588 3978 statutum
602 3942 701 3978 erat
721 3942 777 3978 ut
789 3931 990 3981 Clodius
1003 3948 1029 3978 a
1051 3929 1238 3978 Milone

218 4009 591 4074 opprimeretur.
644 4012 812 4073 Itaque
850 4027 1029 4058 numen
1080 4009 1240 4073 ipsum

219 4089 348 4136 hane
389 4089 720 4138 incredibilem
763 4089 940 4138 Clodio
994 4087 1241 4137 audaciam

1324 3293 1520 3342 tandem
1560 3292 1823 3358 aliquando
1863 3310 1890 3340 a
1929 3293 2038 3340 viro
2083 3295 2349 3348 fortissimo

1322 3372 1605 3421 incendium
1634 3372 1755 3420 illud
1775 3372 2053 3437 reipublicae
2073 3377 2352 3443 exstingue-

1323 3463 1471 3500 retur.
1501 3454 1605 3500 Hac
1632 3453 1845 3513 ratione,
1877 3453 2015 3501 nullo
2044 3455 2194 3505 modo
2222 3458 2351 3507 vitu·

1323 3535 1480 3598 peruri
1500 3532 1627 3580 Milo
1653 3545 1813 3599 potest
1830 3570 1843 3594 ,
1872 3534 1957 3598 qui
1985 3550 2011 3581 ι
2040 3533 2132 3583 diis
2153 3537 2351 3587 immor·

1326 3612 1503 3660 talibus
1535 3612 1597 3660 ad
1635 3599 1821 3662 facinus
1852 3615 2232 3679 perpetrandum
2258 3617 2349 3664 fuit

1403 3773 1447 3818 3.
1473 3769 1727 3819 Mediocri,
1752 3771 1993 3834 Singulari
2017 3772 2219 3818 deorum
2241 3789 2354 3837 pro·

1329 3848 1540 3896 videntia
1567 3865 1641 3896 res
1661 3860 1766 3896 acta
1788 3860 1884 3906 est;
1907 3865 2007 3913 quo
2029 3850 2182 3913 magis
2201 3867 2353 3917 appa-

1325 3938 1430 3983 ret,
1463 3939 1647 3991 quanto
1677 3927 1794 3974 odio
1825 3928 2054 3977 Clodium
2081 3945 2349 3995 proseque-

1328 4016 1522 4066 rentur,
1572 4022 1721 4069 quum
1771 4006 1832 4054 de
1877 4006 2219 4057 interficiendo
2264 4010 2351 4058 illo

1329 4084 1587 4133 consilium
1605 4086 1669 4131 ite
1691 4085 1869 4132 inirent
1884 4119 1901 4145 ,
1921 4097 1975 4133 ut
1998 4103 2047 4134 se
2060 4088 2161 4148 jum
2178 4087 2354 4153 laqueo

219 4167 495 4228 efflaverat,
533 4169 753 4233 viresque
793 4167 1127 4225 ministrabat,
1166 4165 1244 4214 uti
1332 4180 1432 4213 non
1454 4173 1617 4227 posset
1636 4162 1882 4229 expedire.

2015 4256 2124 4341 34.
