2994 4778
564 375 704 449 350
1172 341 1178 348 ’
1250 376 1538 446 ARGU
1556 376 1904 446 MENTI]
1921 377 2017 444 M.

712 494 914 554 Multis
950 494 1060 551 hac
1089 494 1151 551 in
1177 494 1443 552 oratione
1471 495 1697 554 Tullius
1734 493 1983 573 superbe
2009 494 2184 553 nimis
2209 493 2285 552 de
2312 514 2374 552 se
2399 494 2589 572 egisse
2620 494 2724 575 fi·-

641 592 843 663 detur3
891 611 999 649 nec
1028 590 1317 649 immerito
1349 613 1363 648 ε
1391 609 1522 649 nam
1558 591 1858 650 fatendum
1886 605 1973 650 est
2001 604 2310 670 perpetuas
2337 611 2482 668 quas
2511 593 2724 649 virtu-

640 687 795 746 tibus
820 686 937 745 suis
960 685 1160 744 laudes
1179 686 1436 764 impertit
1458 700 1674 759 orator,
1698 687 1914 766 legenti
1942 686 2232 746 fastidium
2264 705 2522 745 movere.
2557 685 2724 744 Inde

641 783 879 861 quidam
895 782 1157 840 arbitrati
1175 794 1311 840 sunt
1328 782 1477 841 hanc
1489 784 1829 856 orationem,
1849 803 1967 841 non
1982 798 2092 841 tam
2113 783 2333 841 Pisonis
2352 782 2513 849 odie,
2528 803 2723 860 qnam

643 881 732 939 sui
760 880 940 958 ipsius
963 897 1179 950 amore,
1205 899 1239 937 a
1261 881 1542 939 Cicerone
1571 881 1746 939 fuisse
1770 881 2078 958 scriptam3
2106 900 2284 958 quum
2310 892 2428 937 tam
2453 881 2721 959 amplam

645 977 733 1036 sui
749 975 1009 1054 jactandi
1039 976 1335 1035 materiam
1364 977 1609 1037 haberet
1625 1022 1644 1049 ,
1670 978 1774 1036 ubi
1801 978 1980 1036 vitam
2004 997 2185 1048 suam,
2209 991 2269 1035 et
2293 977 2356 1034 in
2383 975 2724 1055 rempubli-

649 1092 775 1131 cam
821 1073 1027 1129 merita
1043 1114 1060 1144 ,
1103 1092 1236 1130 cum
1279 1074 1484 1131 Pisone
1528 1073 1658 1131 viro
1691 1074 1982 1132 conferret
2029 1072 2438 1151 perditissimo,
2485 1074 2724 1151 Saepius

648 1167 857 1227 deinde
878 1168 1103 1226 hostem
1128 1168 1209 1227 ita
1231 1168 1583 1246 aggreditur,
1602 1182 1667 1227 ut
1687 1169 1867 1229 verba
1887 1170 1987 1228 illa
2010 1171 2239 1247 impura
2253 1213 2271 1242 ,
2293 1184 2353 1228 et
2373 1170 2721 1248 turpissima

648 1284 892 1344 quaeque
935 1285 1065 1343 quae
1106 1279 1303 1324 narrat
1321 1309 1339 1338 ‚
1388 1286 1660 1325 nauseam
1708 1280 1994 1337 moveant.
2038 1271 2181 1340 Quae
2228 1280 2422 1324 tamen
2462 1286 2718 1325 excusa-

653 1363 870 1419 tionem
908 1360 1126 1420 habent
1164 1362 1222 1419 in
1251 1362 1509 1439 graviori
1537 1364 1675 1421 odio
1702 1384 1820 1441 quo
1846 1363 1909 1422 in
1938 1363 2206 1421 Pisonem
2235 1362 2625 1435 esset-ebatum
2649 1376 2721 1422 et

566 1450 575 1459 ’
652 1458 853 1537 siquid
879 1458 951 1516 de
971 1479 1031 1517 se
1054 1458 1365 1536 jactantius
1388 1461 1652 1538 protulit,
1677 1460 1892 1540 aliquid
1924 1473 2080 1519 certe
2102 1461 2344 1534 oratori,
2363 1464 2485 1538 qui,
2511 1461 2721 1538 pulsus

638 1542 723 1623 ,in
739 1554 1022 1628 exsilium,
1050 1575 1205 1614 nunc
1224 1571 1530 1629 revocatus
1553 1558 1613 1616 in
1636 1558 1886 1635 patriam
1900 1600 1918 1631 ,
1937 1572 1998 1617 et
2017 1558 2209 1633 studio
2235 1558 2451 1617 civium
2471 1577 2716 1616 suorum

654 1651 952 1728 pristinam
1003 1652 1065 1710 in
1113 1652 1406 1714 fortunam
1438 1656 1757 1731 *restitutus
1807 1655 1976 1715 nimis
2022 1657 2306 1727 exsultat,
2353 1667 2443 1714 est
2485 1654 2712 1714 condo-

660 1746 938 1806 nandum.
