2994 4778
718 402 1126 470 ORATIO
1179 405 1385 473 PRO
1435 405 1510 470 P.
1565 405 1980 475 sEleo.
2281 409 2411 479 125

290 548 532 613 omnes
583 520 741 593 fere
780 521 1197 620 reipublicae
1249 547 1536 621 poenaS‚
1585 541 1710 597 aut
1751 526 2111 624 praeseuti⁶
2148 546 2413 617 morte,

290 652 407 706 aut
440 634 640 731 turpi
671 632 959 714 exsilic,
991 633 1513 730 dependerunt.

373 744 599 837 Quod
626 746 683 814 si
719 742 915 842 apud
947 743 1449 830 Athenienses,
1476 744 1812 815 homines
1842 749 2161 835 GraecoS,
2191 748 2409 846 louge

280 880 316 925 a
357 868 790 925 nostrorum
834 852 1211 923 hominum
1252 855 1592 950 gravitate
1630 855 2062 950 disjunctos»,
2098 882 2247 928 non
2285 858 2414 930 de-

274 980 480 1036 erant
502 1020 524 1051 ,
589 968 722 1061 qui
779 962 1297 1057 rempublicam
1337 978 1590 1034 contra
1637 963 1887 1061 populi
1948 967 2417 1038 temeritatem

271 1071 801 1157 defenderent,
825 1097 1053 1169 quum
1082 1096 1333 1143 omnes
1353 1127 1373 1158 ,
1392 1075 1520 1170 qui
1541 1075 1636 1143 ita
1674 1073 1991 1145 fecerant
2009 1129 2028 1163 ‚
2057 1097 2098 1143 e
2136 1077 2417 1149 civitate

272 1182 760 1275 ejicerentur-3
812 1182 868 1250 si
927 1180 1475 1253 Themistoclem
1533 1182 1772 1268 illum,
1837 1201 2415 1260 conservatorem

273 1295 524 1389 patriae
552 1303 614 1375 7,
681 1315 829 1360 non
882 1290 1227 1361 deterruit
1278 1316 1318 1362 a
1372 1291 1742 1390 republica
1789 1291 2240 1366 defendenda
2282 1320 2416 1367 nec

271 1401 623 1472 Miltiadis
678 1400 1037 1471 calamitas
1059 1396 1113 1487 ⁸,
1159 1401 1285 1495 qui
1331 1400 1524 1471 illam
1575 1402 1928 1472 civitatem
1968 1402 2214 1499 paullo
2255 1420 2421 1476 ante

272 1525 599 1583 servarat
622 1522 683 1596 9,
710 1534 846 1580 nec
875 1509 1201 1580 Aristidis
1216 1507 1384 1606 fuga
1406 1564 1426 1597 ‚
1456 1510 1584 1605 qui
1609 1534 1799 1581 unus
1823 1515 2148 1582 omnium
2178 1513 2415 1608 justis-

274 1626 499 1693 simus
544 1619 773 1692 fuisse
808 1618 1146 1706 traditur3
1186 1621 1244 1689 si
1293 1634 1537 1716 postea
1582 1622 1845 1691 summi
1885 1622 2205 1715 ejusdem
2243 1625 2412 1694 civi·

275 1733 434 1803 tatis
465 1733 649 1817 viri,
687 1753 875 1826 quos
910 1731 1337 1799 nominatim
1370 1729 1716 1827 appellari
1757 1756 1907 1803 non
1946 1746 2052 1803 est
2087 1757 2412 1819 necesse,

276 1841 675 1939 propositis
722 1854 832 1909 tot
881 1838 1225 1935 exemplis
1250 1846 1315 1883 ¹⁰
1351 1839 1733 1910 iracundiae
1778 1840 2230 1939 levitatisque
2280 1868 2414 1940 po-

278 1953 553 2048 pularis
571 2005 591 2033 ‚
616 1965 860 2020 tamen
889 1972 1090 2019 suam
1118 1948 1640 2045 rempublicam
1668 1950 1860 2021 illam
1889 1949 2414 2042 defenderuut3

277 2060 452 2157 quid
482 2084 628 2130 nos
658 2058 946 2128 taudem
986 2056 1217 2128 facere
1245 2049 1633 2147 debemus,
1679 2063 1993 2157 primum
2021 2063 2093 2132 iu
2129 2087 2212 2134 ea
2251 2063 2414 2134 civi·

282 2186 418 2243 tate
448 2170 610 2241 nati
636 2223 656 2253 ,
697 2166 896 2238 unde
922 2182 1080 2238 orta
1117 2167 1296 2237 mihi
1324 2171 1629 2263 gravitas
1656 2184 1728 2240 et
1756 2170 2173 2267 magnitudo
2196 2175 2414 2243 animi

286 2279 612 2351 videtur?
649 2293 809 2349 tum
835 2280 908 2347 in
941 2292 1137 2348 tanta
1166 2277 1390 2372 gloria
1423 2279 1867 2366 insistentes,
1903 2296 1983 2351 ut
2011 2284 2249 2354 omnia
2278 2283 2413 2354 hu·

296 2417 491 2461 mana
534 2389 812 2460 leviora
848 2387 1071 2459 videri
1109 2386 1468 2459 debeant?
1500 2387 1760 2495 deinde
1802 2388 1889 2460 ad
1933 2417 2088 2466 eam
2128 2417 2416 2492 rempu-

297 2498 541 2572 blicam
586 2497 935 2570 tuendam
975 2500 1307 2595 aggressi,
1340 2524 1502 2595 quae
1543 2514 1738 2570 tanta
1767 2499 2107 2596 dignitate
2143 2517 2289 2583 est,
2336 2519 2418 2574 ut

295 2633 440 2682 eam
484 2607 1001 2680 defendentem
1053 2606 1382 2680 occidere
1420 2633 1570 2679 non
1616 2607 1810 2679 aliud
1852 2612 1983 2697 sit,
2021 2633 2235 2707 quam
2282 2636 2417 2710 op-

286 2733 728 2818 pugnantem
766 2741 1009 2788 rerum
1049 2718 1307 2813 potiri?

376 2834 699 2901 LXVIII.
777 2829 1122 2899 Homines
1176 2831 1445 2911 Graeci,
1500 2852 1687 2923 quos
1739 2842 1950 2900 antea
2006 2831 2414 2918 nominavi,

283 2943 538 3037 inique
572 2965 614 3010 a
656 2940 808 3010 suis
843 2937 1117 3010 civibus
1160 2937 1476 3009 damnati
1514 2953 1728 3036 atque
1764 2939 2087 3036 expulsi,
2128 2955 2368 3012 tamen
2394 2995 2415 3025 ,

356 3173 409 3219 6.
438 3170 671 3218 Pru-senti
693 3180 870 3217 morte.
892 3170 963 3217 Ut
985 3170 1075 3233 Sp.
1100 3167 1303 3225 Melius,

280 3253 361 3299 Μ.
378 3250 595 3299 Manlius
610 3248 920 3312 Capitolinus
932 3284 947 3307 ‚
964 3245 1064 3296 ddo
1082 3248 1306 3305 Gracchi,

280 3331 337 3376 L.
361 3328 607 3392 Apuleius
632 3326 951 3382 Saturninus,
984 3336 1035 3374 et
1057 3327 1110 3374 P.
1144 3325 1308 3389 Sulpi-

280 3408 406 3456 eins.
434 3434 508 3443 --
538 3406 691 3469 Turpi
712 3404 907 3454 exsilio.
930 3406 999 3454 Ut
1020 3406 1187 3463 Cast),
1193 3405 1308 3455 C·-

282 3488 445 3536 millns
458 3498 517 3533 ‘et
541 3485 796 3534 Servilius.

355 3583 402 3626 7.
446 3566 844 3612 conservatorem
860 3563 1059 3627 patria.
1074 3525 1151 3611 ‘In
1177 3563 1307 3612 bello

283 3656 455 3692 contu
471 3645 691 3691 Xerxem
711 3645 961 3690 Persarum
982 3658 1149 3706 regem.

354 3724 401 3769 8.
431 3721 723 3770 Calamitas.
748 3725 1015 3769 Accusatus
1039 3721 1167 3768 enim
1184 3737 1306 3784 pro·-

295 3799 479 3848 ditionis
492 3836 509 3858 ,
527 3800 691 3864 qnod,
709 3816 865 3864 quum
879 3802 1049 3847 Parum
1066 3814 1312 3863 expugna·

294 3893 343 3924 re
364 3893 551 3942 posset,
578 3895 608 3927 ι
636 3894 751 3942 rege
775 3881 1024 3926 Persarum
1050 3889 1310 3941 corruptus

293 3956 472 4005 infectis
490 3959 639 4006 rebus
659 3975 686 4004 a
709 3971 873 4021 pugna
893 3957 1181 4006 discessisset
1196 3993 1211 4016 ,
1233 3973 1310 4005 en-

286 4034 402 4097 pitis
437 4036 635 4099 quidem
672 4037 928 4084 absolutus
968 4047 1041 4084 est
1057 4072 1070 4095 ,
1105 4036 1310 4101 pecunia

289 4128 406 4161 vero
437 4125 570 4163 tants
604 4116 873 4178 multatus,
901 4127 1125 4179 qnantum
1158 4131 1308 4179 qun-n

1394 3166 1581 3213 solvere
1601 3181 1702 3213 non
1725 3176 1887 3229 posset
1900 3200 1916 3225 ,
1939 3167 1992 3214 in
2011 3167 2202 3214 vincula
2223 3167 2418 3231 public·

1395 3245 1643 3305 conjectus
1657 3279 1672 3302 ‚
1694 3245 1958 3293 miserrima
1979 3255 2125 3308 atque
2144 3245 2422 3310 indignissi-

1396 3339 1472 3371 ma
1494 3334 1652 3371 morte
1670 3323 1801 3372 diem
1820 3323 1962 3373 obiit.

1467 3418 1517 3466 9.
1545 3404 1791 3452 Servat-at.
1829 3405 1885 3450 In
1912 3403 2214 3452 Marathonis
2238 3421 2420 3469 pugna.

1396 3509 1457 3522 --
1497 3481 1728 3529 Aristidis
1748 3480 1911 3545 fuga.
1944 3483 2039 3530 Hic
2052 3480 2189 3546 ficga
2209 3500 2237 3530 ει
2263 3499 2418 3547 greca

1394 3577 1516 3608 voce
1530 3559 1656 3630 φυγὴ
1668 3559 1892 3619 defluxit,
1908 3578 2018 3624 quae
2034 3562 2255 3610 exsilium
2270 3564 2419 3627 signi-

1393 3637 1521 3688 ficat.
1567 3644 1676 3688 Hoc
1720 3641 1851 3688 enim
1890 3656 2032 3688 sensu
2066 3641 2147 3687 hie
2184 3653 2256 3689 est
2289 3643 2418 3690 acei-

1394 3719 1588 3783 pienda.

1473 3816 1555 3847 so.
1586 3799 1853 3863 Pmposieis
1883 3809 1954 3846 cot
1991 3798 2243 3861 exemplis.
2288 3801 2412 3848 Nam

1396 3879 1692 3942 quinamque
1715 3878 1793 3925 vel
1818 3879 1884 3935 rei
1905 3877 2125 3926 militaris
2143 3877 2314 3937 laude,
2341 3880 2416 3926 vel

1397 3956 1671 4018 eloquentia
1696 3991 1713 4016 ,
1755 3966 1943 4004 ceteros
1995 3956 2231 4014 anteiret,
2283 3957 2416 4004 hunc

1398 4034 1744 4092 Athenienses,
1791 4036 1961 4084 testula
2006 4035 2314 4092 damnatum,
2355 4052 2418 4082 ex

1396 4113 1519 4161 urbe
1547 4113 1819 4173 ejiciebant.
2353 4145 2358 4148 v
