2994 4778
608 364 752 461 476
1239 364 1340 431 M.
1391 364 1470 431 T.
1524 363 2092 432 CICERoms

611 504 698 558 ut
732 482 1121 569 statuatis⁵‚
1160 497 1406 554 utrum
1440 508 1614 571 nos,
1648 489 1779 580 qui
1814 507 2101 581 semper
2138 497 2390 554 vestrae
2421 487 2750 554 auctori-

617 589 794 667 tati⁶
827 592 1053 665 dediti
1099 592 1404 680 fuimuS‚
1436 617 1719 690 semper
1759 595 2001 665 miseri
2038 593 2435 689 lugeamus3
2480 618 2571 664 an
2610 594 2751 664 diu

615 705 849 776 vexati
883 729 922 774 a
959 704 1458 800 perditissimis
1493 702 1808 790 civibuS,
1848 702 2235 800 aliquando
2261 727 2393 799 per
2444 729 2609 790 vos,
2656 728 2752 775 ac

614 827 925 883 vestram
959 811 1180 883 fidem
1199 824 1252 899 7,
1295 815 1664 897 virtutem,
1704 814 2271 910 sapientiamque
2300 836 2748 885 recreemur.

712 921 911 1013 Quid
958 924 1151 994 enim
1207 921 1421 994 nobis
1468 921 1761 994 duobus
1779 919 1836 1011 ⁸,
1894 922 2214 1017 judices,
2265 922 2752 995 laboriosius?

617 1032 794 1130 quid
828 1033 1052 1129 magis
1089 1033 1508 1119 sollicitum,
1551 1037 1775 1129 magis
1808 1034 2204 1104 exercitum
2232 1031 2373 1104 dici
2408 1048 2528 1104 aut
2556 1032 2749 1131 fingi

616 1143 900 1241 potest?
941 1143 1071 1239 qui
1113 1167 1241 1240 spe
1272 1142 1871 1241 amplissimorum
1900 1142 2408 1239 praemiorum9
2437 1142 2520 1213 ad
2543 1167 2751 1215 rem-

619 1251 984 1351 publicam
1025 1252 1354 1341 adducti‚
1398 1268 1597 1326 metu
1649 1251 2310 1323 crudelissimorum
2359 1252 2753 1350 supplicio-

617 1387 779 1433 rum
821 1386 1062 1434 carere
1110 1388 1260 1434 non
1297 1374 1790 1465 possumus¹⁰.
1848 1359 2202 1459 Equidem
2247 1378 2509 1434 ceteras
2542 1377 2747 1433 tem-

622 1487 932 1571 pestates
1003 1488 1076 1544 et
1136 1473 1481 1570 procellas
1511 1526 1535 1560 ‚
1593 1475 1671 1543 in
1745 1472 1881 1543 illis
1962 1471 2337 1542 dumtaxat
2400 1471 2747 1553 fluctibus

623 1587 1097 1672 concionum,
1149 1608 1434 1682 semper
1482 1586 1726 1682 putavi
1779 1583 2035 1655 Miloni
2092 1607 2246 1653 esse
2293 1580 2747 1660 subeundas..

622 1692 819 1788 quod
851 1718 1135 1790 semper
1160 1717 1299 1790 pro
1334 1693 1549 1765 bonis
1581 1709 1835 1765 contra
1865 1691 2241 1790 improbos
2270 1706 2583 1763 senserat
2613 1718 2637 1760 ε
2664 1693 2747 1761 in

615 1801 890 1895 judicio
927 1827 1133 1890 vero,
1175 1818 1247 1874 et
1279 1806 1352 1875 in
1393 1830 1482 1876 eo
1522 1803 1859 1892 consilio,
1895 1805 1970 1872 in
2012 1822 2165 1899 quo
2193 1826 2282 1873 ex
2317 1804 2589 1874 cunctis
2617 1827 2749 1873 οι·-

625 1908 918 1981 dinibus
953 1912 1369 2011 amplissimi
1406 1915 1543 1984 viri
1570 1914 2021 2008 judicarent,
2064 1936 2461 2009 numquam
2499 1915 2746 1984 existi-

626 2022 812 2091 mavi
852 2045 1055 2121 spem
1093 2024 1313 2095 ullam
1351 2049 1507 2096 esse
1534 2023 1913 2095 habi-turos
1937 2021 2226 2094 Milonis
2253 2023 2609 2110 inimicos,
2651 2021 2747 2092 ad

626 2129 780 2224 ejus
827 2156 981 2202 non
1041 2134 1344 2205 salutem
1404 2131 1626 2204 modo
1677 2130 2311 2229 exstinguendam,
2357 2132 2475 2203 sed
2525 2135 2747 2204 etiam

626 2239 922 2335 gloriam
963 2268 1094 2341 per
1126 2244 1301 2315 tales
1335 2245 1527 2314 viros
1560 2240 2116 2339 infringendam.

718 2352 1176 2450 Quamquam
1218 2357 1293 2426 in
1340 2354 1475 2426 hac
1519 2362 1832 2440 causan,
1873 2348 2189 2448 judices,
2235 2355 2313 2426 T.
2365 2350 2577 2421 Annii
2613 2351 2748 2421 tri-

1802 2585 1855 2632 8.
1884 2584 2034 2632 Nobis
2068 2582 2269 2631 duobus.
2295 2580 2499 2633 Miloni·
2534 2581 2752 2630 facinora

1730 2680 1843 2711 cnm
1865 2664 1965 2711 suis
1987 2664 2053 2712 ita
2076 2663 2331 2727 conjungit
2345 2698 2361 2722 ‚
2377 2673 2434 2711 ut
2456 2662 2585 2714 illius
2606 2679 2751 2711 eausa

625 2587 822 2634 aerariis.
859 2585 1103 2635 Mennim
1147 2585 1341 2650 scripsit
1377 2599 1641 2649 numquam

629 2667 844 2714 sanctius
867 2665 1078 2713 tribunal
1107 2666 1254 2714 fuisse
1279 2665 1532 2720 selectum.

701 2746 746 2791 5.
769 2747 830 2791 Ue
845 2746 1088 2793 statuatis.
1114 2747 1302 2793 Etenim
1334 2745 1431 2793 hoe
1449 2744 1641 2806 judicio

627 2823 914 2871 declaraturi
941 2834 1105 2882 erant,
1143 2840 1207 2872 an
1233 2840 1423 2889 semper
1450 2840 1475 2871 a
1507 2823 1645 2871 malis

626 2902 747 2951 boni
784 2903 918 2949 cives
956 2904 1382 2966 opprimerentur3
1427 2914 1475 2951 et
1512 2902 1648 2951 brevi

627 2983 859 3030 sententia
890 2981 988 3029 boc
1024 2992 1125 3030 erat
1161 2983 1559 3048 cor-probatura,
1584 2999 1646 3030 an

626 3061 799 3110 melior
820 3060 1100 3126 reipublicoe
1115 3079 1230 3126 pars
1243 3062 1437 3112 tandem
1455 3063 1647 3110 animos

626 3142 854 3205 erigeret,
880 3152 967 3189 aut
990 3153 1116 3190 esset
1144 3142 1347 3190 omnino
1378 3141 1441 3188 de
1466 3142 1647 3194 virtute

627 3229 679 3266 et
703 3219 926 3268 libertate
952 3220 1332 3280 conclamatum,
1349 3220 1441 3268 His
1461 3227 1650 3270 meum

622 3296 844 3358 judicum
881 3298 1136 3356 accendit,
1170 3309 1229 3347 nt
1271 3300 1324 3345 in
1364 3299 1649 3346 sententiam

629 3374 784 3422 multo
807 3377 995 3424 cantius
1021 3389 1134 3425 eant
1150 3412 1167 3437 ,
1189 3393 1346 3440 quum
1369 3392 1456 3424 eoa
1480 3377 1649 3425 admo·

631 3464 741 3512 net,
762 3468 873 3516 quoe
892 3454 1132 3512 iudicium
1159 3454 1259 3500 sint
1277 3465 1647 3517 prosequutura.

701 3533 752 3581 6.
772 3534 953 3578 Vestra·
972 3530 1270 3579 auctoritati.
1292 3532 1491 3593 Semper
1513 3545 1651 3578 sena-

632 3610 811 3659 torium
837 3616 889 3655 et
917 3617 1185 3670 equestrem
1218 3607 1438 3654 ordinem
1474 3608 1649 3656 Cicero

633 3679 805 3737 contra
835 3684 1099 3735 Clodianos
1126 3684 1314 3733 furores
1342 3686 1648 3745 defendet-au

595 3825 606 3837 .
630 3779 684 3818 et
721 3766 847 3815 Milo
887 3779 1018 3828 sepe
1058 3762 1229 3812 utilem
1276 3765 1322 3813 ei
1358 3766 1651 3831 prestiterat

630 3863 847 3910 operam.

701 3942 748 3985 7.
776 3927 1000 3972 Vestram
1025 3922 1201 3988 fidem.
1227 3926 1341 3974 Hoc
1365 3936 1465 3985 est,
1491 3929 1649 3989 equi·

627 4015 773 4054 tatem
799 4013 848 4052 et
884 4013 1186 4051 sacramento
1218 4005 1434 4054 debitam
1460 4005 1648 4070 moligio-

622 4101 749 4134 nem.

1730 2757 1864 2791 suam
1920 2741 2075 2810 ipsius
2115 2740 2465 2803 complectatur
2489 2757 2505 2798 3
2557 2750 2606 2788 et
2648 2755 2751 2804 quo

1733 2824 1965 2883 maiorem
1988 2821 2128 2870 simul
2156 2821 2510 2870 miserationem
2527 2831 2719 2867 moveat
2734 2853 2751 2874 ‚

1732 2901 1955 2949 laborum
1982 2903 2241 2956 memoria,
2267 2903 2395 2964 qnos
2424 2898 2518 2963 ipsi
2548 2914 2645 2962 pro
2666 2913 2753 2963 pa-

1734 2980 1826 3030 tria
1857 2979 2242 3028 annumerant.

1803 3075 1855 3121 9.
1865 3058 2282 3123 Amplissimomm
2288 3057 2621 3122 punior-m.
2628 3059 2751 3106 Nata

1733 3140 1959 3188 tribunus
1986 3137 2329 3188 tantummodo
2347 3137 2507 3186 fuerat
2523 3138 2685 3198 nito,
2706 3148 2753 3184 et

1734 3218 1831 3267 hoe
1851 3229 2073 3283 tempore
2089 3217 2395 3266 consulatum
2419 3217 2633 3282 petebat.

1813 3313 1893 3346 so.
1925 3297 2102 3345 Carere
2125 3312 2514 3360 transponamus.
2537 3297 2756 3362 Capitab

1737 3377 1866 3425 enim
1891 3376 1988 3423 hoc
2006 3376 2250 3437 judiciuin
2274 3388 2389 3424 erat.
2426 3375 2620 3424 Deinde
2646 3377 2758 3425 clo-

1737 3455 1871 3503 diani
1896 3455 2084 3502 furores
2109 3470 2213 3503 non
2247 3456 2453 3502 omnino
2480 3464 2755 3510 cesserant:

1736 3544 1786 3580 et
1806 3533 2075 3597 periculum
2105 3533 2304 3598 quidem
2340 3545 2470 3590 erat,
2505 3550 2569 3582 ne
2594 3548 2761 3581 rursm

1736 3614 1789 3659 in
1825 3612 2102 3661 damnatum
2146 3612 2386 3662 Milonem
2407 3646 2422 3672 ,
2461 3625 2510 3661 et
2550 3614 2602 3661 in
2650 3629 2758 3661 enm

1736 3692 1823 3755 qni
1846 3691 2128 3740 defenderat
2143 3728 2159 3753 ,
2184 3691 2491 3741 exarderent.

1818 3785 1899 3819 11.
1937 3771 2245 3835 Quamquam
2275 3768 2328 3816 ιἰι
2355 3769 2453 3817 kae
2477 3786 2654 3819 eamn.
2687 3774 2761 3819 Ita

1740 3859 1953 3897 uncum
1982 3866 2085 3897 esae
2110 3848 2311 3899 Milonis
2343 3866 2541 3897 causam
2579 3851 2759 3914 praedi·

1738 3939 1816 3976 cat
1833 3966 1849 3987 ‚
1876 3938 1931 3976 nt
1970 3929 2111 3977 nullo
2141 3931 2290 3979 modo
2326 3930 2388 3977 ad
2429 3929 2760 3977 defensionem

1737 4023 1865 4070 opus
1887 4008 1951 4054 sit
1967 4025 2021 4055 ea
2042 4010 2217 4057 referre
2233 4044 2248 4068 ,
2271 4025 2381 4073 φιτ
2399 4024 2492 4072 pro
2510 4009 2759 4073 republica

1682 4084 1695 4098 ⁰
1734 4087 2119 4136 constantissime
2144 4100 2193 4137 et
2220 4089 2481 4137 fortinime
2512 4090 2755 4153 sucepit.
