<?xml version="1.0" encoding="UTF-8"?>
<!DOCTYPE html PUBLIC "-//W3C//DTD XHTML 1.0 Transitional//EN"
    "http://www.w3.org/TR/xhtml1/DTD/xhtml1-transitional.dtd">
<html xmlns="http://www.w3.org/1999/xhtml" xml:lang="en" lang="en">
 <head>
  <title>
</title>
<meta http-equiv="Content-Type" content="text/html;charset=utf-8" />
  <meta name='ocr-system' content='tesseract 3.04.00' />
  <meta name='ocr-capabilities' content='ocr_page ocr_carea ocr_par ocr_line ocrx_word'/>
</head>
<body>
  <div class='ocr_page' id='page_1' title='image "./mtciceronisquae06lemagoog_0383.png"; bbox 0 0 2994 4778; ppageno 0'>
   <div class='ocr_carea' id='block_1_1' title="bbox 687 372 2408 468">
    <p class='ocr_par' dir='ltr' id='par_1_1' title="bbox 687 372 2408 468">
     <span class='ocr_line' id='line_1_1' title="bbox 687 372 2408 468; baseline 0.003 -29"><span class='ocrx_word' id='word_1_1' title='bbox 687 372 1079 440; x_wconf 86' lang='lat' dir='ltr'><strong>ORATIO</strong></span> <span class='ocrx_word' id='word_1_2' title='bbox 1130 374 1237 441; x_wconf 85' lang='lat' dir='ltr'><strong>IN</strong></span> <span class='ocrx_word' id='word_1_3' title='bbox 1292 377 1366 442; x_wconf 89' lang='lat' dir='ltr'><strong>L.</strong></span> <span class='ocrx_word' id='word_1_4' title='bbox 1407 374 1484 440; x_wconf 90' lang='lat' dir='ltr'><strong>C.</strong></span> <span class='ocrx_word' id='word_1_5' title='bbox 1527 373 2014 442; x_wconf 88' lang='lat' dir='ltr'><strong>PISONEM.</strong></span> <span class='ocrx_word' id='word_1_6' title='bbox 2270 373 2408 468; x_wconf 79' lang='lat'><strong>373</strong></span> 
     </span>
    </p>
   </div>
   <div class='ocr_carea' id='block_1_2' title="bbox 269 491 2409 2462">
    <p class='ocr_par' dir='ltr' id='par_1_2' title="bbox 269 491 2409 2462">
     <span class='ocr_line' id='line_1_2' title="bbox 283 491 2404 592; baseline 0.003 -30"><span class='ocrx_word' id='word_1_7' title='bbox 283 491 543 563; x_wconf 88' lang='lat' dir='ltr'><strong>deinde</strong></span> <span class='ocrx_word' id='word_1_8' title='bbox 600 517 752 563; x_wconf 88' lang='lat' dir='ltr'><strong>non</strong></span> <span class='ocrx_word' id='word_1_9' title='bbox 794 491 1133 579; x_wconf 73' lang='lat' dir='ltr'><strong>libenter,</strong></span> <span class='ocrx_word' id='word_1_10' title='bbox 1190 492 1276 563; x_wconf 90' lang='lat' dir='ltr'><strong>ad</strong></span> <span class='ocrx_word' id='word_1_11' title='bbox 1335 509 1736 564; x_wconf 87' lang='lat' dir='ltr'><strong>extremum</strong></span> <span class='ocrx_word' id='word_1_12' title='bbox 1785 509 2021 563; x_wconf 87' lang='lat' dir='ltr'><strong>tamen</strong></span> <span class='ocrx_word' id='word_1_13' title='bbox 2086 521 2220 592; x_wconf 87' lang='lat' dir='ltr'><strong>pro</strong></span> <span class='ocrx_word' id='word_1_14' title='bbox 2275 503 2404 568; x_wconf 88' lang='lat' dir='ltr'><strong>Cn.</strong></span> 
     </span>
     <span class='ocr_line' id='line_1_3' title="bbox 280 601 2405 702; baseline 0.003 -31"><span class='ocrx_word' id='word_1_15' title='bbox 280 601 629 698; x_wconf 90' lang='lat' dir='ltr'><strong>Pompeio</strong></span> <span class='ocrx_word' id='word_1_16' title='bbox 661 625 827 671; x_wconf 85' lang='lat' dir='ltr'><strong>vere</strong></span> <span class='ocrx_word' id='word_1_17' title='bbox 861 601 1473 701; x_wconf 83' lang='lat' dir='ltr'><strong>vehementerque</strong></span> <span class='ocrx_word' id='word_1_18' title='bbox 1510 607 1874 701; x_wconf 83' lang='lat' dir='ltr'><strong>pugnavit.</strong></span> <span class='ocrx_word' id='word_1_19' title='bbox 1910 607 2076 692; x_wconf 91' lang='lat' dir='ltr'><strong>Quo</strong></span> <span class='ocrx_word' id='word_1_20' title='bbox 2111 606 2405 702; x_wconf 87' lang='lat' dir='ltr'><strong>quidem</strong></span> 
     </span>
     <span class='ocr_line' id='line_1_4' title="bbox 278 709 2409 811; baseline 0.002 -31"><span class='ocrx_word' id='word_1_21' title='bbox 278 712 352 780; x_wconf 93' lang='lat' dir='ltr'><strong>in</strong></span> <span class='ocrx_word' id='word_1_22' title='bbox 380 712 796 809; x_wconf 87' lang='lat' dir='ltr'><strong>spectaculo</strong></span> <span class='ocrx_word' id='word_1_23' title='bbox 816 722 847 773; x_wconf 93' lang='grc'><strong><em>7</em></strong></span> <span class='ocrx_word' id='word_1_24' title='bbox 874 714 1054 782; x_wconf 90' lang='lat' dir='ltr'><strong>mira</strong></span> <span class='ocrx_word' id='word_1_25' title='bbox 1072 713 1326 811; x_wconf 88' lang='lat' dir='ltr'><strong>populi</strong></span> <span class='ocrx_word' id='word_1_26' title='bbox 1350 715 1626 784; x_wconf 86' lang='lat' dir='ltr'><strong>romani</strong></span> <span class='ocrx_word' id='word_1_27' title='bbox 1655 709 1991 809; x_wconf 77' lang='lat' dir='ltr'><strong>aequitas⁸</strong></span> <span class='ocrx_word' id='word_1_28' title='bbox 2028 726 2200 782; x_wconf 86' lang='lat' dir='ltr'><strong>erat.</strong></span> <span class='ocrx_word' id='word_1_29' title='bbox 2232 717 2409 785; x_wconf 88' lang='lat' dir='ltr'><strong>Uter</strong></span> 
     </span>
     <span class='ocr_line' id='line_1_5' title="bbox 280 820 2401 920; baseline 0 -28"><span class='ocrx_word' id='word_1_30' title='bbox 280 846 536 892; x_wconf 89' lang='lat' dir='ltr'><strong>eorum</strong></span> <span class='ocrx_word' id='word_1_31' title='bbox 581 823 916 920; x_wconf 84' lang='lat' dir='ltr'><strong>perisset,</strong></span> <span class='ocrx_word' id='word_1_32' title='bbox 963 838 1325 919; x_wconf 81' lang='lat' dir='ltr'><strong>tamquam</strong></span> <span class='ocrx_word' id='word_1_33' title='bbox 1370 823 1626 895; x_wconf 90' lang='lat' dir='ltr'><strong>lanista</strong></span> <span class='ocrx_word' id='word_1_34' title='bbox 1641 836 1696 910; x_wconf 84' lang='lat'><strong>9,</strong></span> <span class='ocrx_word' id='word_1_35' title='bbox 1735 824 1810 892; x_wconf 92' lang='lat' dir='ltr'><strong>in</strong></span> <span class='ocrx_word' id='word_1_36' title='bbox 1852 820 2209 916; x_wconf 86' lang='lat' dir='ltr'><strong>ejusmodi</strong></span> <span class='ocrx_word' id='word_1_37' title='bbox 2252 828 2401 920; x_wconf 87' lang='lat' dir='ltr'><strong>pari</strong></span> 
     </span>
     <span class='ocr_line' id='line_1_6' title="bbox 281 929 2409 1029; baseline 0.002 -29"><span class='ocrx_word' id='word_1_38' title='bbox 281 931 564 1001; x_wconf 89' lang='lat' dir='ltr'><strong>lucrum</strong></span> <span class='ocrx_word' id='word_1_39' title='bbox 601 929 759 1002; x_wconf 86' lang='lat' dir='ltr'><strong>fieri</strong></span> <span class='ocrx_word' id='word_1_40' title='bbox 797 931 1138 1029; x_wconf 79' lang='lat' dir='ltr'><strong>putabat3</strong></span> <span class='ocrx_word' id='word_1_41' title='bbox 1177 933 1654 1005; x_wconf 83' lang='lat' dir='ltr'><strong>immortalem</strong></span> <span class='ocrx_word' id='word_1_42' title='bbox 1690 956 1865 1005; x_wconf 78' lang='lat' dir='ltr'><strong>vero</strong></span> <span class='ocrx_word' id='word_1_43' title='bbox 1900 947 2254 1029; x_wconf 82' lang='lat' dir='ltr'><strong>quaestum</strong></span> <span class='ocrx_word' id='word_1_44' title='bbox 2281 987 2299 1016; x_wconf 93' lang='lat'><strong>,</strong></span> <span class='ocrx_word' id='word_1_45' title='bbox 2351 937 2409 1004; x_wconf 88' lang='lat' dir='ltr'><strong>si</strong></span> 
     </span>
     <span class='ocr_line' id='line_1_7' title="bbox 279 1036 2404 1140; baseline 0.001 -31"><span class='ocrx_word' id='word_1_46' title='bbox 279 1053 592 1136; x_wconf 89' lang='lat' dir='ltr'><strong>uterque</strong></span> <span class='ocrx_word' id='word_1_47' title='bbox 645 1039 1035 1112; x_wconf 84' lang='lat' dir='ltr'><strong>cecidisset.</strong></span> <span class='ocrx_word' id='word_1_48' title='bbox 1104 1040 1242 1113; x_wconf 86' lang='lat' dir='ltr'><strong>Sed</strong></span> <span class='ocrx_word' id='word_1_49' title='bbox 1308 1044 1427 1114; x_wconf 90' lang='lat' dir='ltr'><strong>ille</strong></span> <span class='ocrx_word' id='word_1_50' title='bbox 1490 1057 1731 1113; x_wconf 83' lang='lat' dir='ltr'><strong>tamen</strong></span> <span class='ocrx_word' id='word_1_51' title='bbox 1791 1041 2045 1140; x_wconf 85' lang='lat' dir='ltr'><strong>agebat</strong></span> <span class='ocrx_word' id='word_1_52' title='bbox 2088 1036 2354 1140; x_wconf 87' lang='lat' dir='ltr'><strong>aliquid</strong></span> <span class='ocrx_word' id='word_1_53' title='bbox 2389 1072 2404 1111; x_wconf 76' lang='grc' dir='ltr'><strong><em>ε</em></strong></span> 
     </span>
     <span class='ocr_line' id='line_1_8' title="bbox 276 1149 2404 1251; baseline 0.003 -32"><span class='ocrx_word' id='word_1_54' title='bbox 276 1149 624 1220; x_wconf 87' lang='lat' dir='ltr'><strong>tuebatur</strong></span> <span class='ocrx_word' id='word_1_55' title='bbox 639 1153 1133 1223; x_wconf 85' lang='lat' dir='ltr'><strong>auctoritatem</strong></span> <span class='ocrx_word' id='word_1_56' title='bbox 1156 1156 1417 1223; x_wconf 87' lang='lat' dir='ltr'><strong>summi</strong></span> <span class='ocrx_word' id='word_1_57' title='bbox 1444 1154 1598 1223; x_wconf 89' lang='lat' dir='ltr'><strong>viri.</strong></span> <span class='ocrx_word' id='word_1_58' title='bbox 1627 1158 1793 1224; x_wconf 85' lang='lat' dir='ltr'><strong>Erat</strong></span> <span class='ocrx_word' id='word_1_59' title='bbox 1816 1154 1967 1251; x_wconf 86' lang='lat' dir='ltr'><strong>ipse</strong></span> <span class='ocrx_word' id='word_1_60' title='bbox 1996 1153 2404 1240; x_wconf 76' lang='lat' dir='ltr'><strong>sceleratuS,</strong></span> 
     </span>
     <span class='ocr_line' id='line_1_9' title="bbox 275 1260 2407 1362; baseline 0.002 -31"><span class='ocrx_word' id='word_1_61' title='bbox 275 1274 432 1331; x_wconf 90' lang='lat' dir='ltr'><strong>erat</strong></span> <span class='ocrx_word' id='word_1_62' title='bbox 462 1260 843 1356; x_wconf 80' lang='lat' dir='ltr'><strong>gladiator3</strong></span> <span class='ocrx_word' id='word_1_63' title='bbox 875 1285 1040 1333; x_wconf 91' lang='lat' dir='ltr'><strong>cum</strong></span> <span class='ocrx_word' id='word_1_64' title='bbox 1080 1263 1424 1334; x_wconf 85' lang='lat' dir='ltr'><strong>scelerato</strong></span> <span class='ocrx_word' id='word_1_65' title='bbox 1460 1278 1737 1351; x_wconf 91' lang='lat' dir='ltr'><strong>tamen,</strong></span> <span class='ocrx_word' id='word_1_66' title='bbox 1772 1278 1844 1335; x_wconf 90' lang='lat' dir='ltr'><strong>et</strong></span> <span class='ocrx_word' id='word_1_67' title='bbox 1881 1288 2044 1334; x_wconf 90' lang='lat' dir='ltr'><strong>cum</strong></span> <span class='ocrx_word' id='word_1_68' title='bbox 2087 1266 2234 1362; x_wconf 87' lang='lat' dir='ltr'><strong>pari</strong></span> <span class='ocrx_word' id='word_1_69' title='bbox 2268 1266 2407 1360; x_wconf 86' lang='lat' dir='ltr'><strong>gla-</strong></span> 
     </span>
     <span class='ocr_line' id='line_1_10' title="bbox 274 1370 2402 1470; baseline 0.002 -29"><span class='ocrx_word' id='word_1_70' title='bbox 274 1370 557 1443; x_wconf 87' lang='lat' dir='ltr'><strong>diatore</strong></span> <span class='ocrx_word' id='word_1_71' title='bbox 587 1371 973 1469; x_wconf 86' lang='lat' dir='ltr'><strong>pugnabat.</strong></span> <span class='ocrx_word' id='word_1_72' title='bbox 1001 1378 1143 1460; x_wconf 90' lang='lat' dir='ltr'><strong>Tu,</strong></span> <span class='ocrx_word' id='word_1_73' title='bbox 1179 1374 1444 1445; x_wconf 87' lang='lat' dir='ltr'><strong>scilicet</strong></span> <span class='ocrx_word' id='word_1_74' title='bbox 1481 1374 1705 1445; x_wconf 88' lang='lat' dir='ltr'><strong>homo</strong></span> <span class='ocrx_word' id='word_1_75' title='bbox 1739 1374 2109 1470; x_wconf 83' lang='lat' dir='ltr'><strong>religiosus</strong></span> <span class='ocrx_word' id='word_1_76' title='bbox 2144 1391 2213 1445; x_wconf 89' lang='lat' dir='ltr'><strong>et</strong></span> <span class='ocrx_word' id='word_1_77' title='bbox 2242 1399 2402 1446; x_wconf 91' lang='lat' dir='ltr'><strong>san-</strong></span> 
     </span>
     <span class='ocr_line' id='line_1_11' title="bbox 274 1480 2404 1581; baseline 0.001 -29"><span class='ocrx_word' id='word_1_78' title='bbox 274 1495 475 1567; x_wconf 90' lang='lat' dir='ltr'><strong>ctus,</strong></span> <span class='ocrx_word' id='word_1_79' title='bbox 505 1480 778 1565; x_wconf 84' lang='lat' dir='ltr'><strong>foedus,</strong></span> <span class='ocrx_word' id='word_1_80' title='bbox 805 1482 1007 1579; x_wconf 90' lang='lat' dir='ltr'><strong>quod</strong></span> <span class='ocrx_word' id='word_1_81' title='bbox 1046 1507 1208 1553; x_wconf 88' lang='lat' dir='ltr'><strong>meo</strong></span> <span class='ocrx_word' id='word_1_82' title='bbox 1240 1486 1590 1581; x_wconf 85' lang='lat' dir='ltr'><strong>sanguine</strong></span> <span class='ocrx_word' id='word_1_83' title='bbox 1628 1489 1703 1553; x_wconf 91' lang='lat' dir='ltr'><strong>in</strong></span> <span class='ocrx_word' id='word_1_84' title='bbox 1743 1485 2077 1581; x_wconf 84' lang='lat' dir='ltr'><strong>pactione</strong></span> <span class='ocrx_word' id='word_1_85' title='bbox 2118 1486 2404 1581; x_wconf 86' lang='lat' dir='ltr'><strong>provin·</strong></span> 
     </span>
     <span class='ocr_line' id='line_1_12' title="bbox 275 1591 2406 1690; baseline 0.003 -30"><span class='ocrx_word' id='word_1_86' title='bbox 275 1595 552 1674; x_wconf 73' lang='lat' dir='ltr'><strong>ciarum</strong></span> <span class='ocrx_word' id='word_1_87' title='bbox 581 1596 840 1679; x_wconf 79' lang='lat' dir='ltr'><strong>iceras,</strong></span> <span class='ocrx_word' id='word_1_88' title='bbox 872 1591 1199 1690; x_wconf 82' lang='lat' dir='ltr'><strong>frangere</strong></span> <span class='ocrx_word' id='word_1_89' title='bbox 1230 1596 1548 1666; x_wconf 88' lang='lat' dir='ltr'><strong>noluisti.</strong></span> <span class='ocrx_word' id='word_1_90' title='bbox 1578 1601 1875 1667; x_wconf 77' lang='lat' dir='ltr'><strong>Caverat</strong></span> <span class='ocrx_word' id='word_1_91' title='bbox 1902 1597 2095 1666; x_wconf 89' lang='lat' dir='ltr'><strong>enim</strong></span> <span class='ocrx_word' id='word_1_92' title='bbox 2121 1595 2256 1666; x_wconf 87' lang='lat' dir='ltr'><strong>sihi</strong></span> <span class='ocrx_word' id='word_1_93' title='bbox 2287 1596 2406 1667; x_wconf 89' lang='lat' dir='ltr'><strong>ille</strong></span> 
     </span>
     <span class='ocr_line' id='line_1_13' title="bbox 275 1702 2406 1804; baseline 0.002 -31"><span class='ocrx_word' id='word_1_94' title='bbox 275 1704 602 1773; x_wconf 84' lang='lat' dir='ltr'><strong>sororius</strong></span> <span class='ocrx_word' id='word_1_95' title='bbox 627 1702 930 1789; x_wconf 85' lang='lat' dir='ltr'><strong>adulter,</strong></span> <span class='ocrx_word' id='word_1_96' title='bbox 962 1719 1076 1789; x_wconf 92' lang='lat' dir='ltr'><strong>ut,</strong></span> <span class='ocrx_word' id='word_1_97' title='bbox 1111 1705 1169 1774; x_wconf 87' lang='lat' dir='ltr'><strong>si</strong></span> <span class='ocrx_word' id='word_1_98' title='bbox 1198 1703 1327 1774; x_wconf 88' lang='lat' dir='ltr'><strong>tibi</strong></span> <span class='ocrx_word' id='word_1_99' title='bbox 1366 1706 1848 1804; x_wconf 83' lang='lat' dir='ltr'><strong>provinciam,</strong></span> <span class='ocrx_word' id='word_1_100' title='bbox 1885 1710 1941 1775; x_wconf 86' lang='lat' dir='ltr'><strong>si</strong></span> <span class='ocrx_word' id='word_1_101' title='bbox 1981 1708 2406 1789; x_wconf 84' lang='lat' dir='ltr'><strong>exercitum,</strong></span> 
     </span>
     <span class='ocr_line' id='line_1_14' title="bbox 272 1814 2407 1912; baseline 0.002 -30"><span class='ocrx_word' id='word_1_102' title='bbox 272 1815 330 1882; x_wconf 84' lang='lat' dir='ltr'><strong>si</strong></span> <span class='ocrx_word' id='word_1_103' title='bbox 363 1814 1153 1911; x_wconf 85' lang='lat' dir='ltr'><strong>pecuniam¹⁰ereptam</strong></span> <span class='ocrx_word' id='word_1_104' title='bbox 1183 1838 1269 1883; x_wconf 87' lang='lat' dir='ltr'><strong>ex</strong></span> <span class='ocrx_word' id='word_1_105' title='bbox 1299 1814 1711 1912; x_wconf 83' lang='lat' dir='ltr'><strong>reipublicae</strong></span> <span class='ocrx_word' id='word_1_106' title='bbox 1747 1815 2138 1887; x_wconf 82' lang='lat' dir='ltr'><strong>visceribus</strong></span> <span class='ocrx_word' id='word_1_107' title='bbox 2174 1816 2407 1888; x_wconf 83' lang='lat' dir='ltr'><strong>dedis-</strong></span> 
     </span>
     <span class='ocr_line' id='line_1_15' title="bbox 269 1925 2403 2033; baseline 0.001 -38"><span class='ocrx_word' id='word_1_108' title='bbox 269 1938 412 2010; x_wconf 79' lang='lat' dir='ltr'><strong>set,</strong></span> <span class='ocrx_word' id='word_1_109' title='bbox 431 1925 757 2033; x_wconf 81' lang='lat' dir='ltr'><strong>omnium</strong></span> <span class='ocrx_word' id='word_1_110' title='bbox 775 1948 1071 1994; x_wconf 88' lang='lat' dir='ltr'><strong>suorum</strong></span> <span class='ocrx_word' id='word_1_111' title='bbox 1092 1925 1444 1996; x_wconf 89' lang='lat' dir='ltr'><strong>scelerum</strong></span> <span class='ocrx_word' id='word_1_112' title='bbox 1464 1928 1737 1997; x_wconf 88' lang='lat' dir='ltr'><strong>socium</strong></span> <span class='ocrx_word' id='word_1_113' title='bbox 1759 1940 1830 1996; x_wconf 90' lang='lat' dir='ltr'><strong>te</strong></span> <span class='ocrx_word' id='word_1_114' title='bbox 1855 1925 2403 2025; x_wconf 86' lang='lat' dir='ltr'><strong>adjutoremque</strong></span> 
     </span>
     <span class='ocr_line' id='line_1_16' title="bbox 272 2032 2406 2131; baseline 0.002 -28"><span class='ocrx_word' id='word_1_115' title='bbox 272 2032 657 2131; x_wconf 79' lang='lat' dir='ltr'><strong>praebereS.</strong></span> <span class='ocrx_word' id='word_1_116' title='bbox 699 2039 947 2131; x_wconf 86' lang='lat' dir='ltr'><strong>Itaque</strong></span> <span class='ocrx_word' id='word_1_117' title='bbox 983 2036 1055 2103; x_wconf 93' lang='lat' dir='ltr'><strong>in</strong></span> <span class='ocrx_word' id='word_1_118' title='bbox 1094 2033 1219 2104; x_wconf 89' lang='lat' dir='ltr'><strong>illo</strong></span> <span class='ocrx_word' id='word_1_119' title='bbox 1256 2034 1573 2105; x_wconf 89' lang='lat' dir='ltr'><strong>tumultu</strong></span> <span class='ocrx_word' id='word_1_120' title='bbox 1599 2046 1651 2080; x_wconf 86' lang='lat'><strong>¹¹</strong></span> <span class='ocrx_word' id='word_1_121' title='bbox 1696 2033 1895 2106; x_wconf 86' lang='lat' dir='ltr'><strong>fracti</strong></span> <span class='ocrx_word' id='word_1_122' title='bbox 1931 2033 2183 2123; x_wconf 85' lang='lat' dir='ltr'><strong>fasces;</strong></span> <span class='ocrx_word' id='word_1_123' title='bbox 2223 2042 2406 2109; x_wconf 87' lang='lat' dir='ltr'><strong>ictus</strong></span> 
     </span>
     <span class='ocr_line' id='line_1_17' title="bbox 271 2142 2406 2242; baseline 0.002 -29"><span class='ocrx_word' id='word_1_124' title='bbox 271 2145 463 2241; x_wconf 78' lang='lat' dir='ltr'><strong>ipse3</strong></span> <span class='ocrx_word' id='word_1_125' title='bbox 499 2142 824 2239; x_wconf 80' lang='lat' dir='ltr'><strong>quotidie</strong></span> <span class='ocrx_word' id='word_1_126' title='bbox 864 2144 1000 2215; x_wconf 88' lang='lat' dir='ltr'><strong>tela</strong></span> <span class='ocrx_word' id='word_1_127' title='bbox 1024 2198 1042 2232; x_wconf 97' lang='lat'><strong>,</strong></span> <span class='ocrx_word' id='word_1_128' title='bbox 1087 2144 1385 2241; x_wconf 82' lang='lat' dir='ltr'><strong>lapides,</strong></span> <span class='ocrx_word' id='word_1_129' title='bbox 1424 2144 1642 2240; x_wconf 74' lang='lat' dir='ltr'><strong>fiigae3</strong></span> <span class='ocrx_word' id='word_1_130' title='bbox 1670 2143 2238 2242; x_wconf 78' lang='lat' dir='ltr'><strong>deprehensus¹²</strong></span> <span class='ocrx_word' id='word_1_131' title='bbox 2279 2148 2406 2218; x_wconf 91' lang='lat' dir='ltr'><strong>de-</strong></span> 
     </span>
     <span class='ocr_line' id='line_1_18' title="bbox 275 2251 2401 2351; baseline 0.002 -28"><span class='ocrx_word' id='word_1_132' title='bbox 275 2254 499 2351; x_wconf 87' lang='lat' dir='ltr'><strong>nique</strong></span> <span class='ocrx_word' id='word_1_133' title='bbox 543 2277 707 2323; x_wconf 89' lang='lat' dir='ltr'><strong>cum</strong></span> <span class='ocrx_word' id='word_1_134' title='bbox 749 2251 937 2324; x_wconf 84' lang='lat' dir='ltr'><strong>ferro</strong></span> <span class='ocrx_word' id='word_1_135' title='bbox 970 2253 1058 2324; x_wconf 89' lang='lat' dir='ltr'><strong>ad</strong></span> <span class='ocrx_word' id='word_1_136' title='bbox 1102 2269 1428 2325; x_wconf 85' lang='lat' dir='ltr'><strong>senatum</strong></span> <span class='ocrx_word' id='word_1_137' title='bbox 1468 2256 1526 2324; x_wconf 89' lang='lat' dir='ltr'><strong>is</strong></span> <span class='ocrx_word' id='word_1_138' title='bbox 1551 2310 1569 2341; x_wconf 88' lang='lat'><strong>,</strong></span> <span class='ocrx_word' id='word_1_139' title='bbox 1619 2279 1836 2350; x_wconf 89' lang='lat' dir='ltr'><strong>quem</strong></span> <span class='ocrx_word' id='word_1_140' title='bbox 1884 2254 1971 2324; x_wconf 86' lang='lat' dir='ltr'><strong>ad</strong></span> <span class='ocrx_word' id='word_1_141' title='bbox 2011 2261 2140 2327; x_wconf 90' lang='lat' dir='ltr'><strong>Cn.</strong></span> <span class='ocrx_word' id='word_1_142' title='bbox 2187 2263 2401 2328; x_wconf 88' lang='lat' dir='ltr'><strong>Pom-</strong></span> 
     </span>
     <span class='ocr_line' id='line_1_19' title="bbox 274 2362 2268 2462; baseline 0.001 -28"><span class='ocrx_word' id='word_1_143' title='bbox 274 2366 519 2462; x_wconf 89' lang='lat' dir='ltr'><strong>peium</strong></span> <span class='ocrx_word' id='word_1_144' title='bbox 561 2363 1116 2435; x_wconf 84' lang='lat' dir='ltr'><strong>interimendum</strong></span> <span class='ocrx_word' id='word_1_145' title='bbox 1156 2363 1588 2444; x_wconf 88' lang='lat' dir='ltr'><strong>collocatum</strong></span> <span class='ocrx_word' id='word_1_146' title='bbox 1625 2362 1841 2436; x_wconf 83' lang='lat' dir='ltr'><strong>fuisse</strong></span> <span class='ocrx_word' id='word_1_147' title='bbox 1874 2365 2268 2440; x_wconf 86' lang='lat' dir='ltr'><strong>constabat.</strong></span> 
     </span>
    </p>
   </div>
   <div class='ocr_carea' id='block_1_3' title="bbox 263 2545 1294 4118">
    <p class='ocr_par' dir='ltr' id='par_1_3' title="bbox 270 2545 1294 2760">
     <span class='ocr_line' id='line_1_20' title="bbox 346 2545 1294 2611; baseline -0.001 -15"><span class='ocrx_word' id='word_1_148' title='bbox 346 2564 395 2608; x_wconf 82' lang='lat'><strong>⁰7.</strong></span> <span class='ocrx_word' id='word_1_149' title='bbox 430 2548 537 2611; x_wconf 80' lang='lat' dir='ltr'><strong>Quo</strong></span> <span class='ocrx_word' id='word_1_150' title='bbox 565 2545 761 2610; x_wconf 74' lang='lat' dir='ltr'><strong>quidem</strong></span> <span class='ocrx_word' id='word_1_151' title='bbox 795 2545 844 2593; x_wconf 78' lang='grc' dir='ltr'><strong>ἰη</strong></span> <span class='ocrx_word' id='word_1_152' title='bbox 875 2548 1165 2611; x_wconf 77' lang='lat' dir='ltr'><strong>spectaculo.</strong></span> <span class='ocrx_word' id='word_1_153' title='bbox 1194 2550 1294 2595; x_wconf 86' lang='lat' dir='ltr'><strong>Pu-</strong></span> 
     </span>
     <span class='ocr_line' id='line_1_21' title="bbox 273 2625 1294 2698; baseline -0.002 -24"><span class='ocrx_word' id='word_1_154' title='bbox 273 2643 380 2692; x_wconf 70' lang='lat' dir='ltr'><strong>guoe</strong></span> <span class='ocrx_word' id='word_1_155' title='bbox 409 2638 459 2674; x_wconf 81' lang='lat' dir='ltr'><strong>et</strong></span> <span class='ocrx_word' id='word_1_156' title='bbox 489 2625 834 2698; x_wconf 55' lang='lat' dir='ltr'><strong>dissensionis,</strong></span> <span class='ocrx_word' id='word_1_157' title='bbox 861 2641 970 2688; x_wconf 78' lang='lat' dir='ltr'><strong>quae</strong></span> <span class='ocrx_word' id='word_1_158' title='bbox 993 2627 1118 2673; x_wconf 81' lang='lat' dir='ltr'><strong>inter</strong></span> <span class='ocrx_word' id='word_1_159' title='bbox 1144 2625 1294 2675; x_wconf 76' lang='lat' dir='ltr'><strong>Gabi-</strong></span> 
     </span>
     <span class='ocr_line' id='line_1_22' title="bbox 270 2705 1007 2760; baseline -0.004 -6"><span class='ocrx_word' id='word_1_160' title='bbox 270 2707 407 2760; x_wconf 84' lang='lat' dir='ltr'><strong>nium</strong></span> <span class='ocrx_word' id='word_1_161' title='bbox 429 2716 483 2753; x_wconf 88' lang='lat' dir='ltr'><strong>et</strong></span> <span class='ocrx_word' id='word_1_162' title='bbox 504 2705 731 2753; x_wconf 88' lang='lat' dir='ltr'><strong>Clodium</strong></span> <span class='ocrx_word' id='word_1_163' title='bbox 753 2715 1007 2752; x_wconf 79' lang='lat' dir='ltr'><strong>exarserat.</strong></span> 
     </span>
    </p>

    <p class='ocr_par' dir='ltr' id='par_1_4' title="bbox 270 2781 1290 3006">
     <span class='ocr_line' id='line_1_23' title="bbox 342 2781 1288 2848; baseline -0.001 -16"><span class='ocrx_word' id='word_1_164' title='bbox 342 2788 391 2832; x_wconf 89' lang='lat'><strong>8.</strong></span> <span class='ocrx_word' id='word_1_165' title='bbox 414 2785 546 2833; x_wconf 72' lang='lat' dir='ltr'><strong>Hira</strong></span> <span class='ocrx_word' id='word_1_166' title='bbox 561 2801 688 2848; x_wconf 81' lang='lat' dir='ltr'><strong>pop.</strong></span> <span class='ocrx_word' id='word_1_167' title='bbox 716 2783 908 2830; x_wconf 78' lang='lat' dir='ltr'><strong>romani</strong></span> <span class='ocrx_word' id='word_1_168' title='bbox 934 2781 1133 2846; x_wconf 79' lang='lat' dir='ltr'><strong>oeqnieas</strong></span> <span class='ocrx_word' id='word_1_169' title='bbox 1163 2794 1288 2832; x_wconf 76' lang='lat' dir='ltr'><strong>erat.</strong></span> 
     </span>
     <span class='ocr_line' id='line_1_24' title="bbox 272 2862 1290 2928; baseline -0.001 -16"><span class='ocrx_word' id='word_1_170' title='bbox 272 2864 506 2928; x_wconf 65' lang='lat' dir='ltr'><strong>Equites</strong></span> <span class='ocrx_word' id='word_1_171' title='bbox 527 2864 609 2911; x_wconf 89' lang='lat' dir='ltr'><strong>bic</strong></span> <span class='ocrx_word' id='word_1_172' title='bbox 634 2863 793 2928; x_wconf 90' lang='lat' dir='ltr'><strong>accipi</strong></span> <span class='ocrx_word' id='word_1_173' title='bbox 829 2862 976 2910; x_wconf 88' lang='lat' dir='ltr'><strong>debet</strong></span> <span class='ocrx_word' id='word_1_174' title='bbox 999 2879 1093 2927; x_wconf 90' lang='lat' dir='ltr'><strong>pro</strong></span> <span class='ocrx_word' id='word_1_175' title='bbox 1119 2878 1290 2911; x_wconf 88' lang='lat' dir='ltr'><strong>securo</strong></span> 
     </span>
     <span class='ocr_line' id='line_1_25' title="bbox 270 2943 950 3006; baseline -0.003 -15"><span class='ocrx_word' id='word_1_176' title='bbox 270 2955 322 2996; x_wconf 76' lang='lat' dir='ltr'><strong>et</strong></span> <span class='ocrx_word' id='word_1_177' title='bbox 339 2943 606 3006; x_wconf 78' lang='lat' dir='ltr'><strong>tranquillo</strong></span> <span class='ocrx_word' id='word_1_178' title='bbox 628 2943 778 2990; x_wconf 85' lang='lat' dir='ltr'><strong>animi</strong></span> <span class='ocrx_word' id='word_1_179' title='bbox 805 2954 950 2991; x_wconf 82' lang='lat' dir='ltr'><strong>statu.</strong></span> 
     </span>
    </p>

    <p class='ocr_par' dir='ltr' id='par_1_5' title="bbox 263 3022 1290 4118">
     <span class='ocr_line' id='line_1_26' title="bbox 344 3022 1289 3086; baseline 0 -16"><span class='ocrx_word' id='word_1_180' title='bbox 344 3038 401 3085; x_wconf 84' lang='lat'><strong>9.</strong></span> <span class='ocrx_word' id='word_1_181' title='bbox 437 3023 551 3069; x_wconf 72' lang='lat' dir='ltr'><strong>Uter</strong></span> <span class='ocrx_word' id='word_1_182' title='bbox 573 3039 738 3069; x_wconf 79' lang='lat' dir='ltr'><strong>eorum</strong></span> <span class='ocrx_word' id='word_1_183' title='bbox 763 3022 1001 3086; x_wconf 76' lang='lat' dir='ltr'><strong>perisset,</strong></span> <span class='ocrx_word' id='word_1_184' title='bbox 1041 3033 1289 3086; x_wconf 75' lang='lat' dir='ltr'><strong>tamquam</strong></span> 
     </span>
     <span class='ocr_line' id='line_1_27' title="bbox 266 3100 1290 3165; baseline 0.001 -16"><span class='ocrx_word' id='word_1_185' title='bbox 266 3101 479 3156; x_wconf 65' lang='lat' dir='ltr'><strong>lamina.</strong></span> <span class='ocrx_word' id='word_1_186' title='bbox 522 3101 725 3150; x_wconf 85' lang='lat' dir='ltr'><strong>Causam</strong></span> <span class='ocrx_word' id='word_1_187' title='bbox 769 3100 959 3159; x_wconf 82' lang='lat' dir='ltr'><strong>reddit,</strong></span> <span class='ocrx_word' id='word_1_188' title='bbox 1000 3117 1089 3149; x_wconf 88' lang='lat' dir='ltr'><strong>cur</strong></span> <span class='ocrx_word' id='word_1_189' title='bbox 1127 3117 1290 3165; x_wconf 83' lang='lat' dir='ltr'><strong>respu-</strong></span> 
     </span>
     <span class='ocr_line' id='line_1_28' title="bbox 264 3180 1288 3244; baseline -0.001 -15"><span class='ocrx_word' id='word_1_190' title='bbox 264 3181 396 3229; x_wconf 80' lang='lat' dir='ltr'><strong>blica</strong></span> <span class='ocrx_word' id='word_1_191' title='bbox 437 3189 674 3244; x_wconf 85' lang='lat' dir='ltr'><strong>speetaret</strong></span> <span class='ocrx_word' id='word_1_192' title='bbox 721 3180 817 3228; x_wconf 84' lang='lat' dir='ltr'><strong>boc</strong></span> <span class='ocrx_word' id='word_1_193' title='bbox 866 3191 1108 3228; x_wconf 80' lang='lat' dir='ltr'><strong>certamen</strong></span> <span class='ocrx_word' id='word_1_194' title='bbox 1155 3191 1288 3228; x_wconf 84' lang='lat' dir='ltr'><strong>tanta</strong></span> 
     </span>
     <span class='ocr_line' id='line_1_29' title="bbox 264 3259 1287 3323; baseline -0.003 -14"><span class='ocrx_word' id='word_1_195' title='bbox 264 3261 417 3309; x_wconf 87' lang='lat' dir='ltr'><strong>animi</strong></span> <span class='ocrx_word' id='word_1_196' title='bbox 450 3260 710 3323; x_wconf 58' lang='lat' dir='ltr'><strong>avinne:</strong></span> <span class='ocrx_word' id='word_1_197' title='bbox 748 3259 1185 3323; x_wconf 71' lang='lat' dir='ltr'><strong>quemadmodum,</strong></span> <span class='ocrx_word' id='word_1_198' title='bbox 1211 3260 1287 3307; x_wconf 87' lang='lat' dir='ltr'><strong>in-</strong></span> 
     </span>
     <span class='ocr_line' id='line_1_30' title="bbox 263 3339 1286 3405; baseline -0.004 -15"><span class='ocrx_word' id='word_1_199' title='bbox 263 3342 403 3405; x_wconf 82' lang='lat' dir='ltr'><strong>quit,</strong></span> <span class='ocrx_word' id='word_1_200' title='bbox 441 3340 649 3396; x_wconf 76' lang='lat' dir='ltr'><strong>lanista,</strong></span> <span class='ocrx_word' id='word_1_201' title='bbox 681 3339 767 3403; x_wconf 89' lang='lat' dir='ltr'><strong>qui</strong></span> <span class='ocrx_word' id='word_1_202' title='bbox 799 3339 1118 3404; x_wconf 74' lang='lat' dir='ltr'><strong>gladiatorum</strong></span> <span class='ocrx_word' id='word_1_203' title='bbox 1155 3339 1286 3403; x_wconf 77' lang='lat' dir='ltr'><strong>paria</strong></span> 
     </span>
     <span class='ocr_line' id='line_1_31' title="bbox 263 3417 1288 3478; baseline -0.005 -10"><span class='ocrx_word' id='word_1_204' title='bbox 263 3421 316 3468; x_wconf 86' lang='lat' dir='ltr'><strong>iu</strong></span> <span class='ocrx_word' id='word_1_205' title='bbox 343 3431 590 3467; x_wconf 83' lang='lat' dir='ltr'><strong>certamen</strong></span> <span class='ocrx_word' id='word_1_206' title='bbox 608 3417 808 3465; x_wconf 86' lang='lat' dir='ltr'><strong>adducit</strong></span> <span class='ocrx_word' id='word_1_207' title='bbox 827 3451 844 3478; x_wconf 90' lang='lat'><strong>,</strong></span> <span class='ocrx_word' id='word_1_208' title='bbox 871 3428 919 3465; x_wconf 88' lang='lat' dir='ltr'><strong>et</strong></span> <span class='ocrx_word' id='word_1_209' title='bbox 943 3419 1068 3466; x_wconf 82' lang='lat' dir='ltr'><strong>inter</strong></span> <span class='ocrx_word' id='word_1_210' title='bbox 1091 3433 1140 3464; x_wconf 86' lang='lat' dir='ltr'><strong>se</strong></span> <span class='ocrx_word' id='word_1_211' title='bbox 1159 3432 1288 3465; x_wconf 87' lang='lat' dir='ltr'><strong>com·</strong></span> 
     </span>
     <span class='ocr_line' id='line_1_32' title="bbox 263 3496 1288 3562; baseline -0.003 -16"><span class='ocrx_word' id='word_1_212' title='bbox 263 3499 445 3557; x_wconf 78' lang='lat' dir='ltr'><strong>mittit,</strong></span> <span class='ocrx_word' id='word_1_213' title='bbox 475 3513 627 3562; x_wconf 88' lang='lat' dir='ltr'><strong>quum</strong></span> <span class='ocrx_word' id='word_1_214' title='bbox 657 3512 742 3545; x_wconf 88' lang='lat' dir='ltr'><strong>eos</strong></span> <span class='ocrx_word' id='word_1_215' title='bbox 773 3508 884 3544; x_wconf 75' lang='lat' dir='ltr'><strong>aute</strong></span> <span class='ocrx_word' id='word_1_216' title='bbox 918 3496 1170 3561; x_wconf 78' lang='lat' dir='ltr'><strong>gladiandi-</strong></span> <span class='ocrx_word' id='word_1_217' title='bbox 1185 3507 1288 3544; x_wconf 81' lang='lat' dir='ltr'><strong>arte</strong></span> 
     </span>
     <span class='ocr_line' id='line_1_33' title="bbox 266 3574 1284 3640; baseline -0.001 -16"><span class='ocrx_word' id='word_1_218' title='bbox 266 3578 497 3626; x_wconf 82' lang='lat' dir='ltr'><strong>instruxit</strong></span> <span class='ocrx_word' id='word_1_219' title='bbox 521 3614 537 3637; x_wconf 89' lang='lat'><strong>,</strong></span> <span class='ocrx_word' id='word_1_220' title='bbox 588 3574 775 3625; x_wconf 89' lang='lat' dir='ltr'><strong>lucrum</strong></span> <span class='ocrx_word' id='word_1_221' title='bbox 817 3593 868 3624; x_wconf 86' lang='lat' dir='ltr'><strong>se</strong></span> <span class='ocrx_word' id='word_1_222' title='bbox 917 3577 1071 3625; x_wconf 77' lang='lat' dir='ltr'><strong>facere</strong></span> <span class='ocrx_word' id='word_1_223' title='bbox 1110 3587 1284 3640; x_wconf 82' lang='lat' dir='ltr'><strong>putat,</strong></span> 
     </span>
     <span class='ocr_line' id='line_1_34' title="bbox 265 3656 1287 3722; baseline -0.004 -16"><span class='ocrx_word' id='word_1_224' title='bbox 265 3674 417 3722; x_wconf 84' lang='lat' dir='ltr'><strong>quum</strong></span> <span class='ocrx_word' id='word_1_225' title='bbox 454 3657 632 3721; x_wconf 84' lang='lat' dir='ltr'><strong>aliquis</strong></span> <span class='ocrx_word' id='word_1_226' title='bbox 665 3656 939 3714; x_wconf 86' lang='lat' dir='ltr'><strong>occiditnr;</strong></span> <span class='ocrx_word' id='word_1_227' title='bbox 963 3672 1074 3703; x_wconf 86' lang='lat' dir='ltr'><strong>nam</strong></span> <span class='ocrx_word' id='word_1_228' title='bbox 1109 3657 1213 3716; x_wconf 86' lang='lat' dir='ltr'><strong>ejus</strong></span> <span class='ocrx_word' id='word_1_229' title='bbox 1240 3667 1287 3703; x_wconf 88' lang='lat' dir='ltr'><strong>et</strong></span> 
     </span>
     <span class='ocr_line' id='line_1_35' title="bbox 266 3734 1287 3794; baseline -0.003 -11"><span class='ocrx_word' id='word_1_230' title='bbox 266 3737 427 3792; x_wconf 77' lang='lat' dir='ltr'><strong>alendi</strong></span> <span class='ocrx_word' id='word_1_231' title='bbox 455 3748 507 3783; x_wconf 87' lang='lat' dir='ltr'><strong>et</strong></span> <span class='ocrx_word' id='word_1_232' title='bbox 531 3735 744 3783; x_wconf 89' lang='lat' dir='ltr'><strong>docendi</strong></span> <span class='ocrx_word' id='word_1_233' title='bbox 769 3751 916 3784; x_wconf 82' lang='lat' dir='ltr'><strong>onere</strong></span> <span class='ocrx_word' id='word_1_234' title='bbox 941 3734 1198 3794; x_wconf 84' lang='lat' dir='ltr'><strong>liberatur;</strong></span> <span class='ocrx_word' id='word_1_235' title='bbox 1221 3735 1287 3781; x_wconf 83' lang='lat' dir='ltr'><strong>ita</strong></span> 
     </span>
     <span class='ocr_line' id='line_1_36' title="bbox 266 3812 1287 3880; baseline -0.004 -17"><span class='ocrx_word' id='word_1_236' title='bbox 266 3815 542 3880; x_wconf 81' lang='lat' dir='ltr'><strong>respublica</strong></span> <span class='ocrx_word' id='word_1_237' title='bbox 572 3815 762 3862; x_wconf 88' lang='lat' dir='ltr'><strong>lucrum</strong></span> <span class='ocrx_word' id='word_1_238' title='bbox 791 3832 842 3862; x_wconf 86' lang='lat' dir='ltr'><strong>se</strong></span> <span class='ocrx_word' id='word_1_239' title='bbox 870 3815 1024 3862; x_wconf 80' lang='lat' dir='ltr'><strong>facere</strong></span> <span class='ocrx_word' id='word_1_240' title='bbox 1056 3812 1287 3878; x_wconf 83' lang='lat' dir='ltr'><strong>putabat,</strong></span> 
     </span>
     <span class='ocr_line' id='line_1_37' title="bbox 266 3893 1289 3952; baseline -0.005 -10"><span class='ocrx_word' id='word_1_241' title='bbox 266 3896 369 3942; x_wconf 84' lang='lat' dir='ltr'><strong>sive</strong></span> <span class='ocrx_word' id='word_1_242' title='bbox 390 3894 598 3942; x_wconf 83' lang='lat' dir='ltr'><strong>Clodius</strong></span> <span class='ocrx_word' id='word_1_243' title='bbox 612 3928 628 3952; x_wconf 90' lang='lat'><strong>,</strong></span> <span class='ocrx_word' id='word_1_244' title='bbox 656 3894 757 3941; x_wconf 81' lang='lat' dir='ltr'><strong>sive</strong></span> <span class='ocrx_word' id='word_1_245' title='bbox 776 3893 1010 3941; x_wconf 78' lang='lat' dir='ltr'><strong>Gabinius</strong></span> <span class='ocrx_word' id='word_1_246' title='bbox 1034 3895 1086 3940; x_wconf 89' lang='lat' dir='ltr'><strong>in</strong></span> <span class='ocrx_word' id='word_1_247' title='bbox 1115 3908 1173 3940; x_wconf 86' lang='lat' dir='ltr'><strong>eo</strong></span> <span class='ocrx_word' id='word_1_248' title='bbox 1189 3907 1289 3939; x_wconf 88' lang='lat' dir='ltr'><strong>cer·</strong></span> 
     </span>
     <span class='ocr_line' id='line_1_38' title="bbox 267 3973 1287 4030; baseline -0.003 -9"><span class='ocrx_word' id='word_1_249' title='bbox 267 3974 448 4030; x_wconf 74' lang='lat' dir='ltr'><strong>tamine</strong></span> <span class='ocrx_word' id='word_1_250' title='bbox 491 3973 808 4021; x_wconf 67' lang='lat' dir='ltr'><strong>concidisset.</strong></span> <span class='ocrx_word' id='word_1_251' title='bbox 859 3973 1076 4021; x_wconf 89' lang='lat' dir='ltr'><strong>Dubium</strong></span> <span class='ocrx_word' id='word_1_252' title='bbox 1125 3982 1287 4019; x_wconf 77' lang='lat' dir='ltr'><strong>tamen</strong></span> 
     </span>
     <span class='ocr_line' id='line_1_39' title="bbox 270 4052 1288 4118; baseline -0.001 -18"><span class='ocrx_word' id='word_1_253' title='bbox 270 4063 342 4108; x_wconf 55' lang='lat' dir='ltr'><strong>at</strong></span> <span class='ocrx_word' id='word_1_254' title='bbox 362 4086 379 4112; x_wconf 90' lang='lat'><strong>,</strong></span> <span class='ocrx_word' id='word_1_255' title='bbox 426 4063 589 4103; x_wconf 86' lang='lat' dir='ltr'><strong>utrum</strong></span> <span class='ocrx_word' id='word_1_256' title='bbox 645 4052 864 4118; x_wconf 75' lang='lat' dir='ltr'><strong>populus</strong></span> <span class='ocrx_word' id='word_1_257' title='bbox 917 4068 1172 4113; x_wconf 84' lang='lat' dir='ltr'><strong>romanus,</strong></span> <span class='ocrx_word' id='word_1_258' title='bbox 1227 4067 1288 4099; x_wconf 81' lang='lat' dir='ltr'><strong>an</strong></span> 
     </span>
    </p>
   </div>
   <div class='ocr_carea' id='block_1_4' title="bbox 1372 2547 2404 4110">
    <p class='ocr_par' dir='ltr' id='par_1_6' title="bbox 1372 2547 2402 3323">
     <span class='ocr_line' id='line_1_40' title="bbox 1379 2547 2402 2597; baseline 0 0"><span class='ocrx_word' id='word_1_259' title='bbox 1379 2547 1585 2597; x_wconf 85' lang='lat' dir='ltr'><strong>Clodius</strong></span> <span class='ocrx_word' id='word_1_260' title='bbox 1612 2559 1661 2596; x_wconf 88' lang='lat' dir='ltr'><strong>et</strong></span> <span class='ocrx_word' id='word_1_261' title='bbox 1684 2547 1921 2596; x_wconf 83' lang='lat' dir='ltr'><strong>Gabinius</strong></span> <span class='ocrx_word' id='word_1_262' title='bbox 1949 2565 2057 2595; x_wconf 88' lang='lat' dir='ltr'><strong>cum</strong></span> <span class='ocrx_word' id='word_1_263' title='bbox 2085 2549 2257 2596; x_wconf 77' lang='lat' dir='ltr'><strong>lanista</strong></span> <span class='ocrx_word' id='word_1_264' title='bbox 2285 2565 2402 2597; x_wconf 86' lang='lat' dir='ltr'><strong>con·</strong></span> 
     </span>
     <span class='ocr_line' id='line_1_41' title="bbox 1377 2627 2397 2692; baseline 0.002 -19"><span class='ocrx_word' id='word_1_265' title='bbox 1377 2627 1623 2686; x_wconf 79' lang='lat' dir='ltr'><strong>serantur:</strong></span> <span class='ocrx_word' id='word_1_266' title='bbox 1657 2628 1698 2674; x_wconf 90' lang='lat' dir='ltr'><strong>si</strong></span> <span class='ocrx_word' id='word_1_267' title='bbox 1720 2627 1933 2692; x_wconf 83' lang='lat' dir='ltr'><strong>populus</strong></span> <span class='ocrx_word' id='word_1_268' title='bbox 1950 2642 2206 2682; x_wconf 85' lang='lat' dir='ltr'><strong>romanus,</strong></span> <span class='ocrx_word' id='word_1_269' title='bbox 2230 2642 2397 2675; x_wconf 88' lang='lat' dir='ltr'><strong>seusus</strong></span> 
     </span>
     <span class='ocr_line' id='line_1_42' title="bbox 1378 2704 2395 2771; baseline 0.001 -18"><span class='ocrx_word' id='word_1_270' title='bbox 1378 2707 1501 2756; x_wconf 84' lang='lat' dir='ltr'><strong>erit:</strong></span> <span class='ocrx_word' id='word_1_271' title='bbox 1528 2707 1767 2771; x_wconf 84' lang='lat' dir='ltr'><strong>Populum</strong></span> <span class='ocrx_word' id='word_1_272' title='bbox 1784 2707 1934 2753; x_wconf 84' lang='lat' dir='ltr'><strong>instar</strong></span> <span class='ocrx_word' id='word_1_273' title='bbox 1952 2704 2139 2753; x_wconf 66' lang='lat' dir='ltr'><strong>lanista</strong></span> <span class='ocrx_word' id='word_1_274' title='bbox 2158 2706 2395 2754; x_wconf 74' lang='lat' dir='ltr'><strong>malornm</strong></span> 
     </span>
     <span class='ocr_line' id='line_1_43' title="bbox 1377 2785 2395 2850; baseline 0 -16"><span class='ocrx_word' id='word_1_275' title='bbox 1377 2785 1694 2850; x_wconf 81' lang='lat' dir='ltr'><strong>gladiatorum</strong></span> <span class='ocrx_word' id='word_1_276' title='bbox 1752 2797 1957 2834; x_wconf 88' lang='lat' dir='ltr'><strong>mortem</strong></span> <span class='ocrx_word' id='word_1_277' title='bbox 2016 2802 2116 2832; x_wconf 90' lang='lat' dir='ltr'><strong>non</strong></span> <span class='ocrx_word' id='word_1_278' title='bbox 2182 2787 2395 2834; x_wconf 78' lang='lat' dir='ltr'><strong>timentis</strong></span> 
     </span>
     <span class='ocr_line' id='line_1_44' title="bbox 1375 2864 2393 2930; baseline -0.001 -17"><span class='ocrx_word' id='word_1_279' title='bbox 1375 2877 1614 2929; x_wconf 78' lang='lat' dir='ltr'><strong>spectasse</strong></span> <span class='ocrx_word' id='word_1_280' title='bbox 1653 2881 1862 2930; x_wconf 84' lang='lat' dir='ltr'><strong>pugnam</strong></span> <span class='ocrx_word' id='word_1_281' title='bbox 1901 2864 2061 2914; x_wconf 89' lang='lat' dir='ltr'><strong>Clodii</strong></span> <span class='ocrx_word' id='word_1_282' title='bbox 2100 2876 2148 2912; x_wconf 90' lang='lat' dir='ltr'><strong>et</strong></span> <span class='ocrx_word' id='word_1_283' title='bbox 2196 2865 2393 2912; x_wconf 79' lang='lat' dir='ltr'><strong>Gabinii</strong></span> 
     </span>
     <span class='ocr_line' id='line_1_45' title="bbox 1374 2942 2395 3007; baseline -0.001 -16"><span class='ocrx_word' id='word_1_284' title='bbox 1374 2945 1492 2993; x_wconf 82' lang='lat' dir='ltr'><strong>mira</strong></span> <span class='ocrx_word' id='word_1_285' title='bbox 1535 2944 1680 2991; x_wconf 87' lang='lat' dir='ltr'><strong>animi</strong></span> <span class='ocrx_word' id='word_1_286' title='bbox 1718 2945 1963 3007; x_wconf 66' lang='lat' dir='ltr'><strong>equitate.</strong></span> <span class='ocrx_word' id='word_1_287' title='bbox 2013 2944 2064 2988; x_wconf 85' lang='lat' dir='ltr'><strong>Si</strong></span> <span class='ocrx_word' id='word_1_288' title='bbox 2106 2942 2309 2991; x_wconf 87' lang='lat' dir='ltr'><strong>Clodius</strong></span> <span class='ocrx_word' id='word_1_289' title='bbox 2346 2953 2395 2990; x_wconf 88' lang='lat' dir='ltr'><strong>et</strong></span> 
     </span>
     <span class='ocr_line' id='line_1_46' title="bbox 1375 3021 2396 3081; baseline -0.003 -12"><span class='ocrx_word' id='word_1_290' title='bbox 1375 3021 1614 3071; x_wconf 84' lang='lat' dir='ltr'><strong>Gabinius</strong></span> <span class='ocrx_word' id='word_1_291' title='bbox 1638 3037 1746 3069; x_wconf 89' lang='lat' dir='ltr'><strong>cum</strong></span> <span class='ocrx_word' id='word_1_292' title='bbox 1778 3021 1948 3068; x_wconf 77' lang='lat' dir='ltr'><strong>lanista</strong></span> <span class='ocrx_word' id='word_1_293' title='bbox 1978 3021 2396 3081; x_wconf 77' lang='lat' dir='ltr'><strong>conferantur,di·</strong></span> 
     </span>
     <span class='ocr_line' id='line_1_47' title="bbox 1373 3098 2394 3164; baseline -0.001 -16"><span class='ocrx_word' id='word_1_294' title='bbox 1373 3101 1583 3148; x_wconf 88' lang='lat' dir='ltr'><strong>cendum</strong></span> <span class='ocrx_word' id='word_1_295' title='bbox 1627 3110 1699 3148; x_wconf 87' lang='lat' dir='ltr'><strong>est</strong></span> <span class='ocrx_word' id='word_1_296' title='bbox 1745 3100 1840 3148; x_wconf 88' lang='lat' dir='ltr'><strong>hoc</strong></span> <span class='ocrx_word' id='word_1_297' title='bbox 1879 3098 1993 3147; x_wconf 89' lang='lat' dir='ltr'><strong>loco</strong></span> <span class='ocrx_word' id='word_1_298' title='bbox 2039 3098 2260 3145; x_wconf 75' lang='lat' dir='ltr'><strong>lanistam</strong></span> <span class='ocrx_word' id='word_1_299' title='bbox 2302 3116 2394 3164; x_wconf 83' lang='lat' dir='ltr'><strong>pro</strong></span> 
     </span>
     <span class='ocr_line' id='line_1_48' title="bbox 1374 3176 2390 3244; baseline -0.001 -17"><span class='ocrx_word' id='word_1_300' title='bbox 1374 3180 1666 3244; x_wconf 84' lang='lat' dir='ltr'><strong>gladiatore,</strong></span> <span class='ocrx_word' id='word_1_301' title='bbox 1699 3194 1800 3225; x_wconf 90' lang='lat' dir='ltr'><strong>non</strong></span> <span class='ocrx_word' id='word_1_302' title='bbox 1826 3195 1917 3243; x_wconf 83' lang='lat' dir='ltr'><strong>pro</strong></span> <span class='ocrx_word' id='word_1_303' title='bbox 1941 3176 2261 3242; x_wconf 79' lang='lat' dir='ltr'><strong>gladiatorum</strong></span> <span class='ocrx_word' id='word_1_304' title='bbox 2288 3196 2390 3226; x_wconf 84' lang='lat' dir='ltr'><strong>ma-</strong></span> 
     </span>
     <span class='ocr_line' id='line_1_49' title="bbox 1372 3257 2095 3323; baseline 0 -17"><span class='ocrx_word' id='word_1_305' title='bbox 1372 3259 1525 3323; x_wconf 85' lang='lat' dir='ltr'><strong>gistro</strong></span> <span class='ocrx_word' id='word_1_306' title='bbox 1549 3271 1596 3308; x_wconf 83' lang='lat' dir='ltr'><strong>et</strong></span> <span class='ocrx_word' id='word_1_307' title='bbox 1620 3259 1827 3306; x_wconf 81' lang='lat' dir='ltr'><strong>doctore</strong></span> <span class='ocrx_word' id='word_1_308' title='bbox 1851 3257 2095 3320; x_wconf 84' lang='lat' dir='ltr'><strong>usurpari.</strong></span> 
     </span>
    </p>

    <p class='ocr_par' dir='ltr' id='par_1_7' title="bbox 1372 3333 2395 3561">
     <span class='ocr_line' id='line_1_50' title="bbox 1448 3333 2395 3402; baseline 0.001 -17"><span class='ocrx_word' id='word_1_309' title='bbox 1448 3333 2233 3402; x_wconf 79' lang='lat' dir='ltr'><strong>1o.Sipecuniam.Quadringenta</strong></span> <span class='ocrx_word' id='word_1_310' title='bbox 2253 3339 2395 3400; x_wconf 86' lang='lat' dir='ltr'><strong>quin·</strong></span> 
     </span>
     <span class='ocr_line' id='line_1_51' title="bbox 1372 3413 2393 3481; baseline 0 -17"><span class='ocrx_word' id='word_1_311' title='bbox 1372 3416 1601 3481; x_wconf 80' lang='lat' dir='ltr'><strong>quaginta</strong></span> <span class='ocrx_word' id='word_1_312' title='bbox 1621 3415 1769 3462; x_wconf 83' lang='lat' dir='ltr'><strong>millia</strong></span> <span class='ocrx_word' id='word_1_313' title='bbox 1794 3430 2075 3471; x_wconf 87' lang='lat' dir='ltr'><strong>aureorum,</strong></span> <span class='ocrx_word' id='word_1_314' title='bbox 2105 3413 2393 3481; x_wconf 83' lang='lat' dir='ltr'><strong>deprompta</strong></span> 
     </span>
     <span class='ocr_line' id='line_1_52' title="bbox 1372 3495 1787 3561; baseline -0.007 -17"><span class='ocrx_word' id='word_1_315' title='bbox 1372 3512 1434 3544; x_wconf 83' lang='lat' dir='ltr'><strong>ex</strong></span> <span class='ocrx_word' id='word_1_316' title='bbox 1458 3496 1571 3561; x_wconf 87' lang='lat' dir='ltr'><strong>ipso</strong></span> <span class='ocrx_word' id='word_1_317' title='bbox 1599 3495 1787 3543; x_wconf 81' lang='lat' dir='ltr'><strong>aerario.</strong></span> 
     </span>
    </p>

    <p class='ocr_par' dir='ltr' id='par_1_8' title="bbox 1372 3572 2396 3790">
     <span class='ocr_line' id='line_1_53' title="bbox 1448 3572 2394 3635; baseline -0.003 -13"><span class='ocrx_word' id='word_1_318' title='bbox 1448 3591 1528 3624; x_wconf 80' lang='lat'><strong>11.</strong></span> <span class='ocrx_word' id='word_1_319' title='bbox 1566 3577 1626 3621; x_wconf 80' lang='lat' dir='ltr'><strong>In</strong></span> <span class='ocrx_word' id='word_1_320' title='bbox 1672 3574 1756 3622; x_wconf 84' lang='lat' dir='ltr'><strong>illo</strong></span> <span class='ocrx_word' id='word_1_321' title='bbox 1801 3572 2024 3622; x_wconf 73' lang='lat' dir='ltr'><strong>tumultu.</strong></span> <span class='ocrx_word' id='word_1_322' title='bbox 2053 3574 2151 3635; x_wconf 91' lang='lat' dir='ltr'><strong>Qui</strong></span> <span class='ocrx_word' id='word_1_323' title='bbox 2195 3585 2394 3622; x_wconf 78' lang='lat' dir='ltr'><strong>exortus</strong></span> 
     </span>
     <span class='ocr_line' id='line_1_54' title="bbox 1372 3652 2396 3718; baseline -0.002 -16"><span class='ocrx_word' id='word_1_324' title='bbox 1372 3666 1616 3718; x_wconf 85' lang='lat' dir='ltr'><strong>est,quum</strong></span> <span class='ocrx_word' id='word_1_325' title='bbox 1637 3652 1871 3701; x_wconf 79' lang='lat' dir='ltr'><strong>Gabinius</strong></span> <span class='ocrx_word' id='word_1_326' title='bbox 1892 3652 2122 3700; x_wconf 87' lang='lat' dir='ltr'><strong>Clodium</strong></span> <span class='ocrx_word' id='word_1_327' title='bbox 2141 3654 2396 3717; x_wconf 80' lang='lat' dir='ltr'><strong>impugna·</strong></span> 
     </span>
     <span class='ocr_line' id='line_1_55' title="bbox 1374 3731 2027 3790; baseline -0.002 -10"><span class='ocrx_word' id='word_1_328' title='bbox 1374 3746 1475 3790; x_wconf 83' lang='lat' dir='ltr'><strong>ret,</strong></span> <span class='ocrx_word' id='word_1_329' title='bbox 1505 3743 1559 3779; x_wconf 84' lang='lat' dir='ltr'><strong>tu</strong></span> <span class='ocrx_word' id='word_1_330' title='bbox 1585 3748 1701 3779; x_wconf 84' lang='lat' dir='ltr'><strong>vero</strong></span> <span class='ocrx_word' id='word_1_331' title='bbox 1734 3731 2027 3780; x_wconf 84' lang='lat' dir='ltr'><strong>defenderes.</strong></span> 
     </span>
    </p>

    <p class='ocr_par' dir='ltr' id='par_1_9' title="bbox 1374 3808 2404 4110">
     <span class='ocr_line' id='line_1_56' title="bbox 1451 3808 2395 3873; baseline -0.001 -17"><span class='ocrx_word' id='word_1_332' title='bbox 1451 3826 1535 3857; x_wconf 70' lang='grc' dir='ltr'><strong>ω.</strong></span> <span class='ocrx_word' id='word_1_333' title='bbox 1590 3808 1923 3873; x_wconf 75' lang='lat' dir='ltr'><strong>Deprehensns</strong></span> <span class='ocrx_word' id='word_1_334' title='bbox 1962 3809 2184 3873; x_wconf 75' lang='lat' dir='ltr'><strong>denique.</strong></span> <span class='ocrx_word' id='word_1_335' title='bbox 2233 3810 2395 3858; x_wconf 86' lang='lat' dir='ltr'><strong>Clodii</strong></span> 
     </span>
     <span class='ocr_line' id='line_1_57' title="bbox 1374 3888 2397 3947; baseline -0.001 -12"><span class='ocrx_word' id='word_1_336' title='bbox 1374 3904 1542 3935; x_wconf 86' lang='lat' dir='ltr'><strong>servus</strong></span> <span class='ocrx_word' id='word_1_337' title='bbox 1559 3923 1574 3947; x_wconf 94' lang='lat'><strong>,</strong></span> <span class='ocrx_word' id='word_1_338' title='bbox 1611 3897 1729 3934; x_wconf 82' lang='lat' dir='ltr'><strong>teste</strong></span> <span class='ocrx_word' id='word_1_339' title='bbox 1751 3888 2040 3947; x_wconf 83' lang='lat' dir='ltr'><strong>Plutarcho,</strong></span> <span class='ocrx_word' id='word_1_340' title='bbox 2071 3904 2180 3935; x_wconf 89' lang='lat' dir='ltr'><strong>cum</strong></span> <span class='ocrx_word' id='word_1_341' title='bbox 2213 3888 2309 3935; x_wconf 77' lang='lat' dir='ltr'><strong>sica</strong></span> <span class='ocrx_word' id='word_1_342' title='bbox 2336 3889 2397 3935; x_wconf 82' lang='lat' dir='ltr'><strong>ad</strong></span> 
     </span>
     <span class='ocr_line' id='line_1_58' title="bbox 1376 3965 2404 4032; baseline -0.002 -16"><span class='ocrx_word' id='word_1_343' title='bbox 1376 3965 1699 4016; x_wconf 88' lang='lat' dir='ltr'><strong>occidendum</strong></span> <span class='ocrx_word' id='word_1_344' title='bbox 1717 3967 2003 4032; x_wconf 84' lang='lat' dir='ltr'><strong>Pompeium</strong></span> <span class='ocrx_word' id='word_1_345' title='bbox 2024 3968 2076 4016; x_wconf 88' lang='lat' dir='ltr'><strong>iu</strong></span> <span class='ocrx_word' id='word_1_346' title='bbox 2091 3969 2138 4030; x_wconf 80' lang='lat' dir='ltr'><strong>ja</strong></span> <span class='ocrx_word' id='word_1_347' title='bbox 2148 3986 2236 4016; x_wconf 71' lang='lat' dir='ltr'><strong>nun</strong></span> <span class='ocrx_word' id='word_1_348' title='bbox 2258 3971 2404 4030; x_wconf 47' lang='lat' dir='ltr'><strong>curig:</strong></span> 
     </span>
     <span class='ocr_line' id='line_1_59' title="bbox 1379 4046 1846 4110; baseline 0 -14"><span class='ocrx_word' id='word_1_349' title='bbox 1379 4049 1549 4110; x_wconf 40' lang='lat' dir='ltr'><strong>suerat,</strong></span> <span class='ocrx_word' id='word_1_350' title='bbox 1563 4046 1846 4096; x_wconf 78' lang='lat' dir='ltr'><strong>collocatus.</strong></span> 
     </span>
    </p>
   </div>
  </div>
 </body>
</html>
