2994 4778
1558 475 2679 499 mmmm

675 695 825 796 IN
900 691 1314 800 ORAT.
1404 691 1682 798 PRO
1766 689 2566 795 MARCELLO*

934 925 1604 996 scnomAs‘rAE
1653 924 2310 1004 AMBROSIAM

1052 1102 2184 1199 COMMENTARIUS.

1335 1309 1391 1318 -O

658 1486 714 1551 1.
758 1504 814 1550 π.
863 1483 1027 1552 Non
1067 1478 1325 1548 timore
1365 1475 1636 1572 aliquo.

644 1619 776 1674 Nou
800 1605 950 1694 quo,
977 1613 1195 1693 inquit,
1224 1611 1444 1690 aliquid
1467 1625 1813 1679 metuerem,
1838 1624 1940 1669 aut
1969 1609 2043 1669 de
2076 1610 2380 1670 clementia
2404 1625 2504 1670 tua
2535 1611 2684 1670 diffi-

569 1710 792 1783 derem,
830 1711 930 1771 sed
960 1710 1119 1788 quod
1151 1708 1319 1767 amici
1355 1727 1551 1766 casum
1582 1705 1839 1765 dolerem
1880 1708 1994 1765 mei
2031 1707 2198 1767 simul
2238 1720 2297 1765 et
2339 1709 2684 1767 verecundia

567 1809 869 1878 retinerer,
894 1807 1054 1884 quod
1075 1826 1149 1865 ex
1168 1805 1451 1865 consortis
1472 1804 1587 1862 mei
1609 1823 1782 1882 poena
1808 1804 2125 1863 consimilia
2153 1805 2364 1865 mereri
2377 1804 2683 1880 judicarer.

667 1982 732 2026 α.
774 1959 860 2025 In
895 1967 1146 2024 nostro
1182 1954 1409 2028 veteri
1444 1952 1829 2026 curriculo,

648 2090 1011 2150 curriculum
1037 2088 1250 2147 dicitur
1278 2088 1529 2167 spatium
1557 2109 1663 2168 per
1699 2088 1858 2166 quod
1889 2100 2139 2166 aguntur
2163 2108 2367 2146 currus
2387 2089 2498 2168 (1),
2525 2101 2688 2167 aptus

568 2189 784 2247 scilicet
830 2187 1026 2245 cursui
1067 2187 1248 2248 lomxs.
1301 2185 1415 2246 Sed
1457 2185 1853 2264 metaphorice
1891 2185 2117 2243 forense
2164 2204 2397 2263 quoque
2437 2186 2688 2244 officium

572 2284 921 2344 curriculum
953 2282 1131 2355 dixit,
1157 2277 1322 2360 quasi
1350 2283 1541 2340 locum
1570 2296 1767 2361 aptum
1806 2280 2124 2361 probandis
2159 2296 2331 2360 atque
2359 2282 2689 2340 exercendis

571 2380 833 2461 ingeniis.
854 2383 955 2440 Est
982 2392 1174 2439 eutem
1199 2379 1295 2438 hic
1322 2399 1554 2438 sensus:
1586 2383 1778 2451 Quum
1808 2378 1873 2455 in
1900 2379 2272 2456 eloquentiae,
2301 2379 2522 2456 inquit,
2568 2400 2691 2437 cur-

574 2480 787 2551 riculo,
828 2477 888 2536 id
929 2492 1045 2550 est,
1087 2478 1147 2536 in
1189 2478 1344 2548 foro,
1384 2477 1674 2537 imitatore
1714 2489 1910 2535 uterer
1958 2481 2040 2533 Μ.
2086 2477 2397 2546 Marcello,
2440 2476 2692 2554 elanguit

576 2575 830 2635 studium
856 2574 1083 2633 honesti
1113 2573 1438 2633 certaminis
1477 2573 1842 2631 aemulatione
1871 2571 2097 2631 sublata
2122 2573 2222 2653 (α).

674 2728 757 2795 V.
792 2727 961 2797 Non
998 2722 1120 2795 ssle
1152 2722 1392 2795 hostes
1429 2722 1714 2794 induxit
1745 2725 1821 2791 in
1859 2724 2152 2793 curiam.

652 2994 678 3019 *
706 2996 846 3042 Hunc
869 2994 1138 3042 ontionem
1156 3010 1248 3058 pro
1267 2992 1502 3041 Marcello
1520 2992 1719 3058 quidam
1751 2992 2091 3041 celeberrimus
2112 2991 2320 3041 Criticus
2346 3001 2523 3039 nostra
2541 2991 2695 3039 atatis

584 3077 809 3127 Ciceroni
826 3077 1134 3141 suppositam
1154 3073 1409 3137 judicavit,
1428 3076 1567 3139 quod
1585 3085 1745 3124 tamen
1765 3074 2048 3139 perpaucis,
2063 3085 2117 3122 ut
2144 3085 2292 3140 puto,
2319 3074 2569 3138 persuasit.
2603 3072 2697 3121 Sed

585 3177 699 3209 ecce
727 3175 859 3209 nunc
883 3160 974 3207 tibi
1001 3160 1334 3223 antiquissime
1355 3159 1564 3212 scholia.
1590 3175 1741 3223 esque
1765 3160 1968 3211 fortasse
1991 3159 2221 3220 Asconii,
2245 3158 2297 3206 in
2321 3158 2537 3205 eamdem
2553 3159 2695 3221 ipsis·

585 3244 754 3292 simun
800 3243 1066 3293 orationem
1092 3257 1106 3290 τ
1136 3258 1245 3306 quae
1273 3259 1347 3290 res
1369 3244 1559 3291 auctori
1600 3260 1691 3291 suo
1736 3244 1964 3292 Ciceroni
2001 3244 2097 3292 hoc
2144 3246 2376 3308 scriptum
2427 3241 2698 3291 vehementi

583 3335 868 3389 argumento
888 3341 1052 3373 rursus
1077 3324 1306 3373 vindicat.
1326 3327 1448 3373 Sene
1466 3326 1594 3379 hauc
1608 3328 1878 3376 orationem
1896 3327 2064 3391 legisse
2082 3344 2133 3375 se
2148 3328 2366 3376 indicant
2379 3326 2618 3376 Asconius
2633 3323 2693 3370 sd

584 3407 754 3456 Divin.
782 3409 867 3456 vt.
894 3409 1172 3457 Lactantius
1195 3409 1257 3456 de
1283 3424 1400 3457 vero
1427 3409 1585 3467 cultu,
1619 3426 1728 3475 cap.
1761 3425 1839 3459 ιι.
1875 3407 2069 3459 Nonius
2094 3427 2207 3459 voc.
2228 3411 2431 3458 imitatio
2447 3428 2466 3466 ,-
2501 3408 2694 3456 Priscin-

584 3508 678 3539 nus
709 3490 764 3538 in
782 3491 1041 3550 Pntschio,
1061 3508 1172 3558 pag.
1195 3492 1295 3540 605
1322 3503 1373 3540 et
1408 3493 1541 3541 1125
1555 3528 1570 3553 ,
1601 3510 1813 3558 quorum
1837 3494 1935 3542 loci
1961 3494 2024 3544 ab
2050 3494 2160 3559 ipso
2196 3506 2389 3543 recente
2415 3490 2696 3542 Advmario

585 3568 834 3623 observati
862 3582 995 3621 sunt.
1025 3576 1087 3621 A.
1114 3575 1189 3622 M.

650 3653 731 3722 (ι)
759 3655 884 3708 Cod-
902 3670 1084 3705 cursus.
1103 3655 1167 3705 A.
1188 3658 1260 3704 M.

654 3738 731 3804 (2)
756 3742 828 3788 Ut
855 3749 1013 3805 pateat
1037 3738 1248 3788 lucidius
1270 3737 1357 3788 hes
1380 3751 1525 3789 notas
1547 3758 1649 3791 esse
1671 3742 1915 3806 antiquas,
1952 3742 2208 3805 subjiciam
2249 3759 2314 3791 ex
2349 3742 2462 3791 cod.
2497 3741 2559 3803 Q.
2601 3758 2659 3801 17
2679 3774 2696 3795 ι

583 3834 706 3889 part.
733 3840 846 3887 sup.
869 3840 979 3871 σεο.
1003 3824 1102 3873 XV
1121 3858 1135 3880 ,
1163 3823 1508 3889 ineptissimam
1552 3826 1693 3874 ali-m
1731 3838 1896 3875 uotam
1939 3826 2002 3874 ad
2045 3827 2175 3874 hunc
2215 3827 2375 3891 ipsum
2414 3826 2589 3875 locum.
2621 3825 2699 3875 Sic

585 3907 830 3956 constabit
854 3918 1088 3970 quantum
1124 3908 1251 3956 inte'r
1277 3910 1589 3973 antiquorum
1624 3919 1671 3956 et
1701 3911 1980 3973 aequiorum
2004 3920 2279 3972 temporum
2299 3911 2475 3974 scripta
2496 3908 2698 3955 intersit.

591 4012 618 4032 α
638 3989 907 4040 Curriculo.
930 3991 1015 4037 Est
1033 3990 1375 4039 diminutivum
1388 3992 1450 4040 de
1467 3993 1616 4041 curin.
1634 3993 1726 4040 vel
1749 3992 1929 4040 dicitur
1944 4008 1971 4039 a
1992 3992 2230 4041 Cicerone
2245 4027 2262 4053 ‚
2281 3992 2417 4055 quod
2430 3990 2701 4039 consulares

566 4074 673 4137 ,qui
691 4070 1070 4129 conveniebant,
1105 4073 1155 4120 in
1179 4090 1240 4121 ee
1261 4073 1373 4122 loco
1391 4074 1635 4123 habebant
1657 4087 1862 4125 tractare
1887 4074 2054 4124 ardun.
2080 4076 2142 4122 Et
2164 4075 2278 4123 ideo
2303 4075 2390 4140 qui
2409 4074 2524 4123 illuc
2541 4075 2700 4131 ibant,

522 4142 559 4161 '¹
587 4164 720 4203 tants
748 4156 1017 4220 frequentin
1035 4156 1350 4218 incedebant,
1385 4169 1441 4208 ut
1462 4174 1654 4207 currere
1689 4158 2031 4209 viderenturo.
2051 4160 2114 4207 A.
2135 4159 2209 4209 M.
