2994 4778
628 431 768 526 370
1273 428 1368 494 M.
1420 427 1496 493 Τ.
1552 428 2121 497 clcERole

622 553 917 652 quidem
951 572 1081 621 vos
1114 549 1489 620 consules?
1515 550 1644 645 qni
1683 548 2095 646 praedones,
2132 555 2262 648 qui
2294 552 2544 624 hostes
2569 608 2591 639 ‚
2631 562 2756 653 qui

619 662 1061 762 proditores»,
1100 660 1229 755 qui
1270 661 1558 756 tyranni
1594 659 2211 733 nominabuntur?

713 778 836 843 XI.
903 775 1246 867 Magnum
1299 793 1570 841 nomen
1621 784 1768 857 est,
1817 794 2075 866 magna
2131 773 2443 870 species,
2499 799 2755 872 magna

616 885 954 980 dignitaS,
996 880 1257 977 mag'na
1302 879 1632 973 majestas
1683 880 2050 951 consulis:
2093 906 2248 952 non
2280 884 2591 980 capiunt
2630 910 2755 955 an-

614 995 862 1092 gustiae
878 991 1191 1090 pectoris
1216 989 1362 1072 tui,
1393 1013 1544 1059 non
1575 991 1829 1086 recipit
1856 989 2103 1061 levitas
2121 993 2275 1075 ista,
2297 1018 2450 1063 non
2479 1011 2753 1093 egestas

610 1105 872 1190 animi;
904 1127 1052 1172 non
1082 1098 1456 1170 infirmitas
1491 1100 1759 1196 ingenii
1787 1101 2096 1172 sustinet
2121 1157 2140 1188 ‚
2179 1126 2332 1174 non
2363 1103 2750 1176 insolentia

613 1238 858 1288 rerum
903 1210 1383 1298 secundarum
1438 1223 1712 1280 tantam
1763 1233 2150 1307 personam
2172 1265 2190 1298 ,
2235 1226 2377 1283 tam
2423 1237 2747 1309 gravem,

613 1341 759 1398 tam
796 1347 1132 1396 severam.
1178 1319 1491 1418 Seplasia
1518 1331 1539 1364 ¹
1586 1320 1986 1408 mehercle,
2036 1336 2119 1392 nt
2155 1321 2301 1394 dici
2335 1322 2748 1408 audiebam,

611 1453 681 1509 te
705 1492 724 1526 ‚
753 1450 834 1507 ut
866 1437 1185 1532 primum
1212 1431 1574 1529 adspexit,
1611 1437 2057 1529 Campanum
2093 1431 2508 1503 consulem²
2537 1458 2752 1531 repu-

608 1548 847 1619 diavit.
878 1544 1220 1617 Audierat
1247 1545 1544 1630 Decios»,
1566 1539 1912 1639 Magios-³,
1942 1558 2013 1612 et
2039 1542 2129 1613 de
2161 1547 2434 1613 Taurea
2470 1544 2599 1615 illo
2633 1550 2748 1615 Ju-

609 1657 825 1728 bellio
855 1654 1125 1750 aliquid
1164 1666 1535 1750 acceperat
1574 1678 1590 1721 z
1632 1654 1706 1722 in
1742 1651 2012 1749 quibus
2050 1653 2107 1723 si
2146 1653 2552 1725 moderatio
2591 1654 2748 1734 illa,

608 1790 773 1863 quae
804 1768 880 1833 in
920 1764 1182 1834 nostris
1219 1763 1402 1834 solet
1439 1787 1593 1834 esse
1621 1762 2070 1850 consulibus»,
2104 1788 2258 1834 non
2294 1762 2469 1851 fuit3
2506 1779 2582 1835 at
2615 1763 2750 1835 fuit

607 1899 917 1975 pompa,
962 1872 1099 1944 fuit
1143 1876 1455 1971 species„
1525 1871 1662 1943 fuit
1713 1872 2085 1944 incoesus⁴
2133 1872 2386 1944 saltem
2437 1874 2750 1969 Seplasia

591 1985 886 2083 dignuS,
900 1997 972 2054 et
996 1987 1264 2079 Capua.
1289 1981 1677 2053 Gabinium
1701 1982 2019 2080 denique
2043 1985 2102 2054 si
2124 1984 2472 2056 vidissent
2489 1984 2749 2056 duum-

607 2097 837 2166 virum
868 2093 1084 2165 vestri
1109 2092 1210 2163 illi
1237 2093 1691 2189 unguentarii
1716 2148 1736 2181 ,
1767 2097 1980 2164 citius
2015 2099 2490 2191 agnovissent.
2526 2101 2749 2168 Erant

605 2206 705 2276 illi
743 2204 1010 2301 compti
1043 2204 1318 2301 capilli,
1345 2216 1417 2272 et
1447 2202 1821 2275 madentes
1843 2205 2349 2275 cincinnorum
2369 2203 2668 2274 fimbriae
2683 2194 2744 2289 ⁵,

604 2330 676 2386 et
723 2311 1080 2384 fluentes⁶
1121 2328 1649 2411 cerussataeque
1689 2311 1976 2400 buccas,
2013 2314 2248 2413 dignas
2291 2316 2539 2411 Capua
2567 2365 2589 2400 ,
2617 2313 2747 2384 sed

602 2425 727 2497 illa
764 2438 1026 2494 vetere.
1065 2427 1247 2494 Nam
1290 2424 1447 2496 haec
1491 2424 1821 2522 quidem,
1861 2449 2023 2521 quae
2064 2449 2259 2496 nuuc
2302 2437 2453 2509 est,
2504 2425 2749 2524 splen-

603 2533 1137 2606 didissimorum
1160 2533 1568 2618 hominum,
1597 2535 2146 2605 fortissimorum
2174 2535 2526 2622 virorum,
2560 2538 2747 2633 opti·

606 2668 888 2715 morum
946 2643 1209 2713 civium
1226 2652 1299 2729 7·,
1360 2637 1682 2740 mihique
1743 2645 2342 2714 amicissimorum
2402 2646 2741 2716 multitu-

604 2754 773 2824 dine
798 2750 1187 2837 rednndat;
1226 2775 1544 2849 quorum
1576 2745 1840 2851 Capuae
1877 2767 1948 2823 te
1987 2767 2490 2850 praetextatum
2526 2779 2749 2827 nemo

603 2861 932 2961 adspexit
954 2917 973 2949 ,
1009 2861 1135 2957 qui
1168 2886 1315 2930 non
1346 2876 1664 2958 gemeret
1703 2854 2062 2934 desiderio
2094 2865 2282 2946 mei·
2314 2864 2524 2959 cujus
2563 2890 2744 2936 con-

671 3045 762 3091 11.
795 3059 839 3091 ι.
866 3039 1103 3106 Seplasia.
1140 3039 1300 3087 Platea
1330 3040 1538 3104 capum,
1569 3040 1624 3087 in

602 3139 695 3186 qn·
735 3120 1045 3188 unguentarii
1083 3121 1479 3185 negotiabantur,
1516 3136 1625 3168 uon

603 3202 707 3248 sine
722 3201 905 3249 fraudis
923 3201 1214 3265 suspicione.
1228 3204 1288 3248 In
1310 3200 1442 3249 null.
1462 3217 1513 3258 α,
1529 3197 1628 3263 939

601 3281 711 3328 Val.
733 3281 869 3328 Max.
893 3282 993 3338 IX,
1022 3296 1065 3341 r,
1091 3290 1189 3328 ext.
1220 3294 1270 3338 ¹3
1303 3281 1428 3329 Plin.
1459 3280 1583 3328 XVI
1603 3316 1619 3342 ‚

607 3372 688 3415 xo,
707 3359 955 3419 xxxw,
989 3374 1008 3404 ι
1025 3373 1069 3419 1,
1094 3370 1144 3406 et
1169 3358 1269 3406 alii.
1291 3359 1382 3405 En.

673 3451 722 3483 α.
752 3436 1054 3500 Campanum
1078 3436 1336 3484 consulem.
1361 3437 1621 3484 Duumviri

600 3516 779 3579 Capuae
814 3531 907 3578 pro
933 3513 1216 3561 consulibus
1242 3523 1378 3560 erent
1401 3528 1415 3561 ε
1446 3514 1620 3561 duum-

602 3595 734 3642 viros
751 3604 911 3640 nutem
928 3595 987 3642 C.
1009 3593 1167 3639 Caesar
1185 3591 1359 3637 consul
1369 3625 1385 3648 ,
1400 3591 1506 3654 lege
1522 3591 1618 3640 lata

602 3674 661 3722 de
688 3675 806 3738 agr'o
831 3673 1080 3735 Campano
1109 3668 1404 3727 dividendo,
1428 3685 1619 3718 creave-

600 3765 674 3803 rat
698 3766 918 3801 socerum
949 3763 1088 3796 suum
1120 3748 1371 3809 Pisonem,
1402 3760 1450 3797 et
1483 3764 1621 3813 gene-

599 3847 706 3881 rum
725 3833 819 3881 Cn.
839 3828 1147 3893 Pompeium.
1161 3830 1277 3877 Post
1294 3829 1416 3878 ned.
1434 3830 1486 3877 in
1502 3831 1617 3894 Seu.

603 3930 626 3952 ι
647 3911 887 3974 Capuaene
929 3920 976 3956 te
1011 3908 1247 3971 putabas,
1281 3910 1333 3957 in
1368 3925 1466 3974 qua
1499 3909 1620 3958 urbe

599 3988 897 4036 domicilium
934 3988 1185 4052 quondam
1226 3990 1463 4054 snperbia
1496 3989 1621 4048 fuit,

599 4067 845 4116 consulem
885 4084 987 4116 esse
1008 4101 1023 4124 ‚
1063 4067 1191 4115 sicut
1237 4083 1342 4117 eres
1387 4085 1447 4116 eo
1491 4079 1615 4117 tem-

601 4164 737 4212 pore,
756 4162 817 4196 an
837 4148 1034 4205 Roma,
1052 4148 1103 4193 in
1122 4163 1217 4211 qua
1238 4148 1433 4195 civitate
1451 4162 1621 4195 omnes

1709 3051 1821 3088 ante
1838 3056 1928 3089 vos
1944 3042 2171 3090 eonsules
2188 3042 2379 3091 senatui
2395 3047 2741 3108 parnei-unth-

1785 3120 1833 3168 3.
1856 3121 2057 3184 Decios,
2083 3122 2296 3187 Magios.
2322 3126 2398 3172 De
2423 3124 2559 3172 hisee
2587 3125 2741 3172 omni·

1711 3199 1805 3248 bus
1824 3199 1939 3247 vide
1957 3201 2125 3249 Valet.
2144 3202 2233 3250 lib.
2248 3202 2311 3261 V,
2334 3218 2444 3268 cap.
2464 3204 2522 3261 6,
2546 3204 2737 3252 etPiin.

1710 3277 1801 3326 lib.
1833 3280 1961 3326 XXI
1979 3311 1996 3338 ,
2020 3296 2131 3343 esp.
2159 3284 2211 3330 6.

1784 3365 1833 3413 4.
1861 3356 1976 3405 Fuit
1998 3357 2232 3408 incessus.
2269 3362 2491 3409 Incensus
2514 3359 2736 3418 maiesta-

1708 3450 1804 3487 tem
1828 3439 2087 3504 quamdam
2114 3452 2165 3488 et
2188 3455 2425 3504 pompam
2447 3438 2700 3506 signifieat.

1784 3518 1831 3566 5.
1846 3516 2090 3565 Fimbria.
2104 3519 2315 3577 Servius,
2327 3518 2393 3565 ad
2407 3521 2543 3583 Vin-g.
2552 3520 2737 3581 θεοῖς.

1708 3598 1749 3653 1,
1770 3610 1892 3654 120,
1912 3594 2085 3659 legisse
2116 3595 2499 3664 videtnrfibrae.
2521 3600 2570 3647 J.
2588 3598 2655 3645 V.
2673 3599 2734 3646 1..

1707 3701 1776 3710 —
1813 3673 2068 3734 Fimbria,
2103 3675 2468 3737 extremitates,
2509 3693 2536 3724 a
2563 3675 2741 3741 fibro,

1708 3752 1846 3814 qnod
1878 3753 2090 3817 antiquis
2125 3763 2396 3802 exn-omum
2433 3767 2554 3804 erat.
2583 3758 2744 3803 Vane

1710 3830 1771 3878 de
1798 3830 1938 3895 Ling.
1961 3833 2066 3880 Lat.
2094 3835 2182 3893 lv,
2233 3832 2318 3880 13.
2363 3859 2437 3869 —
2480 3833 2742 3893 Gincinnae',

1712 3910 1868 3957 crines
1890 3912 2079 3960 intorti.
2103 3912 2191 3959 Gr.
2209 3910 2465 3980 κίγιιιννος.

1780 3989 1831 4038 6.
1851 3990 2073 4039 Fluenoes
2101 3991 2284 4039 bueeoe.
2304 3991 2516 4055 Propter
2536 3994 2739 4040 nimiam

1709 4069 2056 4133 pinguedinem
2079 4080 2129 4118 et
2154 4069 2432 4118 mollitiem.

1782 4163 1831 4207 ⁰7.
1865 4147 2169 4212 optimorum
2199 4147 2392 4198 civium.
2419 4151 2572 4198 Erunt
2605 4151 2740 4197 enim
