2994 4778
504 360 529 375 a„

919 398 1670 482 ARGUMENTUM.
2226 393 2348 463 55·

320 539 395 576 ex
423 518 669 594 epistola
695 516 1115 595 ad=Sulpicium
1143 537 1491 596 cognoscere
1513 559 1530 588 ‚
1562 517 1636 575 ad
1661 518 1793 576 Div.
1823 520 1925 583 lv,
1958 527 1989 585 l.
2012 557 2029 583 ,
2065 518 2184 575 fere
2214 517 2361 575 med.

325 643 349 665 ιι
370 620 562 691 Atque
591 613 703 672 hoc
728 615 861 692 ipso·
883 615 1095 672 melior
1126 628 1212 673 est
1239 627 1335 672 tua
1354 657 1372 687 ,
1415 633 1587 692 quam
1622 627 1816 671 nostra
1843 612 2116 688 conditio.
2148 619 2281 673 Uno
2312 627 2365 672 te

227 750 236 764 .
317 711 586 781 vicimus,
608 709 767 788 quod
787 709 861 767 de
882 711 1171 785 Marcelli,
1194 711 1425 788 collegae
1447 710 1562 777 tui,
1583 709 1766 767 salute
1785 709 1982 787 paullo
2005 721 2138 766 ante
2157 751 2174 780 ,
2193 729 2365 787 quam

328 822 432 879 tu,
479 807 890 883 cognovimus:
921 808 1093 865 etiam
1130 806 1494 878 mehercule,
1537 804 1695 884 quod
1719 846 1735 874 ,
1774 805 2260 883 quemadmodum
2299 827 2366 864 ea

232 952 237 963 .
330 925 424 963 res
454 919 738 983 ageretur,
768 903 1030 963 vidimus.
1051 909 1196 963 Nam
1226 904 1310 962 sic
1334 906 1422 962 fac
1442 904 1732 962 existimes
1756 926 1768 959 :
1800 916 1933 982 post
1953 903 2059 962 has
2081 905 2335 963 miserias
2355 948 2371 976 ,

329 1003 371 1060 i.
399 1024 450 1060 e.
484 1014 792 1080 postquam
822 1003 999 1061 armis
1033 1002 1342 1079 disceptari
1382 1014 1635 1079 coeptum
1676 1015 1761 1059 est
1812 1000 1885 1058 de
1922 1002 2056 1079 jure
2097 1001 2366 1080 publico,

224 1134 231 1138 -
330 1098 478 1156 nihil
528 1119 652 1157 esse
689 1111 879 1157 actum
915 1096 1068 1156 aliud
1106 1118 1236 1157 cum
1271 1097 1562 1172 dignitate.
1591 1098 1743 1155 Nam
1771 1110 1828 1154 et
1859 1098 1981 1175 ipse
2013 1102 2234 1168 Caesar,
2270 1119 2371 1156 ac-

328 1208 530 1254 cusata
574 1195 879 1254 acerbitate
920 1194 1172 1253 Marcelli
1218 1192 1342 1273 (sic
1390 1194 1543 1252 enim
1582 1193 1987 1273 appellabat),
2027 1194 2372 1273 laudataque

330 1291 904 1350 honorificentissime
934 1303 994 1349 et
1024 1291 1288 1368 aequitate
1313 1302 1410 1348 tua
1436 1302 1494 1347 et
1521 1289 1829 1368 prudentia
1849 1333 1865 1361 ,
1901 1305 2138 1369 repente
2167 1306 2374 1369 praeter

326 1407 496 1464 spem
531 1386 678 1444 dixit
698 1429 715 1455 ,
757 1406 818 1444 se
846 1386 1068 1444 senatui
1098 1385 1324 1463 roganti
1354 1384 1429 1442 de
1457 1385 1739 1443 Marcello
1766 1406 1839 1443 ne
1865 1386 2113 1445 hominis
2139 1388 2373 1465 quidem

329 1501 508 1541 causa
536 1495 889 1561 negaturum.
919 1486 1152 1540 Fecerat
1174 1494 1363 1538 autem
1394 1480 1506 1538 hoc
1529 1495 1790 1551 senatus,
1821 1495 1913 1551 ut,
1936 1503 2116 1560 quum
2146 1505 2179 1541 a
2201 1489 2262 1542 1..
2281 1486 2376 1541 Pi-

228 1630 231 1635 .
329 1599 479 1637 sone
518 1580 734 1637 mentio
774 1592 922 1637 esset
962 1579 1112 1637 facta
1144 1577 1217 1636 de
1242 1578 1521 1636 Marcello
1541 1621 1558 1646 ‚
1599 1592 1659 1637 et
1686 1586 1864 1656 quum
1891 1583 1955 1637 C.
1979 1582 2290 1639 Marcellus
2317 1603 2377 1639 se

330 1675 413 1732 ad
436 1676 672 1734 cazaris
703 1674 877 1752 pedes
892 1674 1226 1758 abjecisset,
1249 1687 1489 1732 cunctus
1516 1689 1901 1752 consurgeret,
1921 1689 1979 1734 ct
2002 1676 2076 1733 ad
2098 1680 2377 1736 Caesarem

332 1772 581 1849 supplex
616 1771 934 1829 accederet.
961 1772 1097 1830 Noli
1119 1789 1377 1847 quaerere
1394 1792 1409 1828 ε
1428 1770 1512 1826 ita
1535 1770 1674 1827 mihi
1694 1772 1937 1847 pulcher
1957 1773 2053 1832 hic
2077 1774 2203 1832 dies
2227 1775 2379 1833 visus

332 1881 424 1925 est
440 1910 457 1939 ‚
486 1882 550 1926 ut
570 1868 821 1947 speciem
842 1868 1093 1946 aliquam
1117 1867 1346 1924 viderer
1373 1865 1572 1923 videre
1591 1868 1755 1944 quasi
1779 1869 2167 1928 reviviscentis
2191 1873 2381 1949 reipu-

333 1963 523 2022 blicae.
556 1968 756 2041 Itaque
800 1985 978 2042 quum
1015 1982 1213 2021 omnes
1239 1974 1372 2019 ante
1401 1981 1492 2020 me
1527 1962 1712 2040 rogati
1735 1966 1963 2022 'Caesari
1994 1967 2207 2043 gratias
2234 1969 2383 2045 egis-

335 2073 470 2119 sent
509 2073 714 2137 praeter
752 2060 1078 2117 Volcatium
1110 2080 1124 2116 :
1155 2058 1205 2115 is
1244 2058 1429 2129 enim,
1456 2059 1505 2116 si
1547 2078 1618 2117 eo
1655 2060 1783 2117 loco
1819 2070 2001 2131 esset,
2045 2065 2273 2140 negavit
2323 2086 2383 2123 se

340 2159 628 2215 sactumm
671 2156 845 2214 fuisse
882 2177 896 2211 :
937 2173 1045 2231 ego
1093 2167 1359 2233 rogatus,
1406 2155 1622 2212 mutavi
1661 2175 1850 2214 meum
1877 2158 2200 2233 consilium.
2236 2165 2382 2219 Nam

337 2265 680 2319 statueram,
702 2270 819 2308 uon
843 2248 1171 2308 mehercule
1199 2249 1431 2320 inertia,
1458 2248 1560 2307 sed
1588 2250 1876 2309 desiderio
1903 2253 2160 2329 'pristinae
2192 2255 2384 2334 digni-

346 2347 509 2417 tatis,
541 2348 598 2405 in
628 2360 971 2427 perpetuum
1000 2358 1210 2404 tacere.
1265 2345 1457 2438 Fregit
1485 2345 1598 2404 hoc
1625 2365 1815 2406 mcum
1843 2350 2142 2410 consilium
2172 2365 2231 2410 et
2259 2358 2385 2415 Cae-

343 2446 488 2504 saris
533 2445 868 2522 magnitudo
907 2443 1121 2514 animi,
1161 2455 1220 2501 et
1265 2455 1499 2501 senatus
1543 2433 1817 2504 officium.
1862 2450 2066 2525 Itaque
2120 2451 2386 2527 pluribus

346 2540 537 2602 verbis
575 2543 667 2620 egi
713 2541 920 2601 Caesari
950 2541 1191 2616 gratias3
1224 2559 1464 2618 meque,
1493 2553 1720 2611 metuo,
1761 2563 1834 2600 ne
1878 2545 2050 2602 etiam
2086 2546 2143 2602 in'
2179 2549 2384 2606 ceteris

345 2637 520 2698 rebus
568 2638 811 2698 honesto
855 2638 976 2695 otio
1024 2637 1335 2716 privarim,
1391 2636 1550 2715 quod
1600 2652 1722 2697 erat
1776 2633 1953 2700 unum
2001 2642 2269 2702 solatium
2320 2646 2379 2704 in

345 2735 509 2794 malis
542 2761 583 2792 ν.

426 2840 674 2909 Accepto
716 2830 831 2888 hoc
870 2831 1072 2888 nuntio
1097 2873 1113 2902 ,
1159 2842 1217 2887 et
1265 2829 1430 2888 novis
1484 2830 1983 2893 cohortationibus
2033 2836 2384 2911 amicorum,

346 2930 598 2988 reditum
628 2927 880 3005 cogitare
911 2927 1084 3005 coepit
1120 2927 1428 2986 Marcellus
1450 2950 1467 2999 3
1493 2927 1626 3001 sed,
1656 2931 1816 2988 velut
1844 2931 2109 2991 tarditate
2137 2933 2388 2994 delecta-

349 3040 472 3097 tus,
495 3026 609 3082 iter
639 3024 697 3081 in
729 3043 942 3081 annum
975 3042 1089 3100 709
1114 3022 1354 3081 distulit.
1384 3026 1448 3080 In
1483 3043 1555 3082 eo
1582 3025 1785 3084 itinere
1812 3047 1990 3105 quum
2022 3049 2218 3089 mense
2236 3032 2389 3090 maio

348 3123 407 3179 in
445 3121 720 3179 Piraeeum
764 3119 1243 3191 devectusesset,
1289 3117 1362 3176 ab
1403 3138 1516 3176 uno
1560 3122 1831 3179 comitum
1882 3143 2147 3197 suorum,
2195 3130 2389 3207 Magio

349 3219 553 3278 Cilone
573 3261 590 3288 ‚
631 3214 935 3274 obscuram
966 3215 1043 3274 ob
1071 3235 1297 3274 causam
1327 3227 1502 3273 noctu
1530 3216 1860 3277 interfectus
1898 3234 2014 3294 est,
2058 3235 2117 3280 et
2152 3222 2225 3282 ab
2254 3228 2390 3285 Sul-

348 3315 506 3394 picio
535 3314 662 3384 ino,
686 3313 785 3391 qui
826 3325 944 3370 tum
972 3313 1281 3389 proconsul
1310 3311 1546 3370 Achaiae
1572 3313 1721 3372 forte
1748 3315 2003 3376 Athenas
2030 3334 2297 3390 venerat,
2330 3324 2387 3382 in
2425 3317 2438 3328 ⁶

350 3413 481 3469 loco
513 3408 835 3468 Academiae
860 3408 1145 3467 humatus,
1191 3413 1319 3479 Qua
1353 3406 1425 3465 de
1450 3428 1512 3465 re
1549 3407 1717 3486 hujus
1745 3411 1925 3470 literae
1958 3429 2183 3474 exstant
2220 3438 2392 3476 accu-

349 3520 475 3566 rate
527 3505 755 3584 scriptae
793 3505 866 3563 ad
920 3508 1037 3562 Cic.
1086 3503 1157 3561 ad
1206 3504 1338 3561 Div.
1383 3507 1500 3576 lv,
1563 3526 1664 3578 123
1704 3507 1774 3564 cf.
1824 3510 1951 3567 Liv.
2013 3513 2167 3591 Epit,
2213 3519 2389 3584 CXV,

349 3617 411 3662 ct
457 3603 650 3660 Valer.
688 3606 843 3659 Max.
892 3604 1010 3672 IX,
1051 3620 1109 3656 ιι
1133 3643 1148 3669 ,
1190 3610 1244 3670 4.
1294 3605 1692 3662 Percussorem
1740 3604 1961 3664 homini
2012 3610 2323 3669 immissum
2357 3632 2391 3671 a

348 3705 600 3770 Caesare,
634 3711 698 3757 ut
726 3698 930 3775 vulgus
961 3698 1206 3776 pessima
1242 3718 1487 3775 quaeque
1515 3701 1882 3779 cupidissime
1913 3706 2132 3778 credit,
2181 3710 2393 3767 recenti

349 3819 417 3855 re
467 3795 623 3854 haud
678 3794 852 3854 dubie
902 3796 1137 3852 suerunt
1185 3795 1378 3865 multi,
1435 3797 1536 3872 qui
1585 3797 2040 3876 suspicabantur.
2093 3806 2169 3859 At
2224 3805 2392 3864 talem

348 3893 736 3972 suspicionem
761 3892 932 3949 diluit
953 3891 1091 3949 olim
1115 3896 1197 3949 Μ.
1220 3895 1461 3963 Brutus,
1489 3904 1578 3962 et,
1604 3896 1705 3969 qui
1735 3893 1790 3952 id
1823 3898 2022 3967 refert,
2045 3896 2166 3975 ipse
2191 3901 2393 3960 Cicero

354 3991 432 4050 ad
461 3996 572 4048 Att.
603 3992 748 4048 XIII
770 4031 787 4060 ,
824 4009 931 4060 ¹03
958 4009 1023 4046 ac
1043 4031 1060 4060 ,
1093 4007 1166 4045 ne
1199 3988 1330 4065 quis
1368 4008 1491 4046 eam
1533 3988 1708 4047 hodie
1751 3994 2145 4052 renovandam
2194 4011 2392 4075 putet,

358 4100 561 4146 vetant
588 4088 739 4165 leges
767 4084 1021 4144 historiae
1049 4100 1105 4144 et
1130 4105 1316 4145 mores
1339 4086 1593 4145 Caesaris.
1637 4091 1831 4146 Worr.
