2994 4778
584 436 972 504 ORATIO
1022 435 1220 502 PRO
1274 435 1354 502 C.
1395 437 1477 502 R.
1533 435 2058 504 POSTUMO.
2227 434 2368 521 455

240 582 545 655 quoque
582 554 1002 629 fefellissem.
1041 559 1133 624 At
1176 552 1265 624 de
1302 578 1418 625 me
1461 555 1912 642 omittamus;
1944 556 2031 627 ad
2072 559 2370 629 Alexan·

237 668 500 737 drinos
530 668 702 736 istos
734 680 1197 736 revertamur.
1233 663 1445 753 Quod
1487 663 1758 735 habent
1788 678 1911 736 os7
1940 664 1955 734 !
2002 693 2217 763 quam
2248 695 2371 740 au·
2462 733 2482 754 ,

240 775 558 847 daciam!
599 775 858 860 Modo,
891 773 1099 845 vobis
1127 773 1695 870 inspectantibus
1716 829 1735 858 ‚
1763 777 1835 845 in
1860 774 2138 870 judicio
2163 779 2375 849 Gabi-

243 890 393 974 nii,
436 888 650 956 tertio
705 909 1001 980 quoque
1040 882 1263 954 verbo
1303 877 1855 955 excitabantur⁸
1910 913 1927 954 :
1976 886 2368 983 negabant,

247 999 632 1092 pecuniam
709 992 1016 1064 Gabinio
1105 993 1363 1064 datam.
1446 992 1907 1089 Recitabatur
1981 996 2369 1067 identidem

250 1106 575 1202 Pompeii
603 1105 1092 1175 testimonium
1123 1131 1139 1173 ε
1178 1128 1422 1201 regem
1448 1102 1540 1174 ad
1571 1127 1645 1173 se
1674 1106 2071 1201 scripsisse,
2101 1107 2373 1178 nullam

252 1216 640 1312 pecuniam
669 1212 1013 1299 Gabinio,
1045 1214 1182 1283 nisi
1211 1214 1284 1283 in
1310 1239 1460 1284 rem
1492 1213 1893 1300 militarem,
1919 1213 2179 1284 datam.
2211 1221 2375 1287 Non

251 1338 406 1410 est,
480 1325 756 1421 inquit,
829 1338 982 1395 tum
1073 1322 1564 1395 Alexandrinis
1629 1322 1931 1395 testibus
1994 1324 2371 1398 creditum.

253 1433 491 1525 Quid?
517 1448 761 1531 postea
781 1432 1175 1504 creditum?
1199 1441 1391 1502 non9
1413 1459 1428 1501 ε
1453 1431 1969 1528 quamobrem?
1989 1436 2158 1530 quia
2184 1461 2377 1506 nunc

251 1550 498 1631 aiunt,
535 1541 734 1640 quod
767 1558 939 1614 tunc
978 1541 1359 1638 negabant.
1385 1540 1644 1632 Quid?
1680 1567 1851 1638 ergo
1892 1545 2024 1613 ista
2058 1543 2377 1634 conditio

251 1670 363 1725 est
401 1657 726 1741 testium,
765 1668 881 1737 ut,
921 1651 1189 1747 quibus
1219 1652 1571 1722 creditum
1602 1677 1749 1722 non
1782 1654 1875 1722 sit
1910 1653 2376 1747 negantib11S‚

250 1764 507 1837 iisdem
556 1763 889 1836 credatur
931 1760 1389 1833 dicentibus?
1435 1767 1563 1844 At,
1611 1764 1668 1832 si
1723 1786 1972 1832 verum
2014 1777 2169 1847 tum
2210 1788 2374 1834 cum

249 1878 619 1946 verissima
650 1873 886 1945 fronte
925 1873 1296 1957 dixerunt,
1339 1896 1538 1941 nunc
1575 1873 2042 1941 mentiuntur.
2086 1875 2157 1945 Si
2205 1886 2376 1944 tunc

247 1987 539 2056 mentiti
568 2001 765 2072 sunt,
791 1984 1090 2054 doceant
1118 2008 1248 2053 nos
1272 1983 1567 2053 verum?
1594 1979 1789 2070 Quid
1815 1983 2066 2053 vultis?
2098 1983 2374 2053 sileant.

245 2099 511 2166 Dicere
566 2092 1113 2164 audiebamus¹⁰
1177 2091 1712 2179 Alexandriam3
1760 2115 1956 2160 nunc
2005 2098 2375 2187 cognosci-

246 2230 438 2276 mus.
461 2203 666 2275 Illinc
701 2228 953 2273 omnes
996 2203 1360 2299 praestigiae
1384 2213 1473 2286 ¹¹3
1508 2200 1740 2284 illine,
1771 2201 2093 2295 inquam,
2125 2226 2377 2273 omnes

249 2317 580 2401 fallaciae3
618 2316 860 2385 omnia
902 2313 1216 2409 denique
1252 2311 1345 2382 ab
1383 2311 1495 2382 his
1526 2315 1912 2381 mimorum
1952 2329 2377 2408 argumenta

245 2446 421 2502 nata
460 2442 649 2499 sunt.
699 2429 846 2497 Nec
886 2425 1061 2496 mihi
1101 2425 1384 2520 longius
1427 2422 1825 2520 quidquam
1870 2437 2016 2509 est,
2051 2424 2368 2516 judiceS‚

243 2563 470 2639 quam
507 2534 749 2608 videre
787 2537 1168 2607 hominum
1198 2534 1456 2620 vultus.

348 2652 535 2718 XIII.
589 2649 943 2717 Dixerunt
989 2645 1104 2715 hic
1147 2643 1366 2714 modo
1410 2641 1831 2728 nobiscum¹
1882 2641 1971 2710 ad
2017 2640 2163 2710 haec
2206 2641 2370 2712 sub·

241 2759 484 2843 sellia,
525 2755 791 2853 quibus
848 2753 1245 2850 superciliis
1279 2767 1669 2824 renuentes
1710 2751 1878 2820 huic
1925 2750 2171 2819 decem
2218 2751 2373 2821 mil-

323 2999 374 3044 7.
418 2979 566 3045 Quod
586 2978 768 3026 habent
800 2982 880 3024 os!
913 2969 971 3025 In
1009 2977 1262 3023 Pisonem:

245 3086 267 3104 ι
296 3060 439 3108 Nihil
472 3058 712 3106 incolume
751 3057 947 3104 domum
991 3065 1166 3118 praeter
1209 3069 1264 3100 os

240 3141 371 3190 innd
391 3140 645 3204 pristinum
670 3149 806 3185 tuum
829 3135 1031 3182 retulisti
1049 3156 1089 3180 a.

319 3222 370 3268 8.
402 3221 606 3282 Quoque
639 3218 788 3264 verbo
814 3214 1172 3262 excitabantur.
1210 3211 1269 3261 1d

239 3311 350 3356 est,
380 3296 677 3360 jubebantur
715 3293 776 3341 ad
822 3293 1149 3341 testimonium
1192 3292 1270 3339 di·

240 3376 460 3426 cendum
492 3389 702 3437 surgere.

318 3473 371 3518 9.
426 3453 597 3518 Quid?
626 3462 800 3516 postea
836 3448 1065 3496 creditum
1083 3453 1110 3494 Ρ
1157 3439 1269 3497 non.

243 3527 442 3582 V'Veisk.⁸
453 3557 476 3574 α
487 3531 619 3594 Quid
633 3531 820 3593 postea?
834 3528 1068 3577 Credetur
1082 3528 1236 3574 nunc?
1247 3549 1268 3569 ι

246 3615 424 3662 Omnis
444 3613 524 3659 hir
544 3612 684 3658 locus
704 3609 967 3656 intricatus.

330 3711 402 3741 ω.
462 3692 632 3738 Dicere
683 3687 1017 3735 audiebamus.
1072 3682 1265 3732 Schiitz.

248 3773 435 3820 dudum
456 3769 787 3817 audiebamus.
813 3794 874 3802 —-
902 3764 1269 3812 Alexandriam.

252 3851 328 3900 Al.
353 3851 416 3898 de
436 3847 769 3897 Alexandria.
793 3844 849 3892 Id
869 3855 965 3901 est,
989 3842 1272 3891 Alexandri·

249 3948 341 3978 nos
372 3947 475 3977 esse
504 3928 635 3974 leves
653 3961 666 3983 ,
705 3924 1014 3972 mendacesve
1043 3920 1271 3970 audieba-

251 4003 385 4067 mus,
411 4008 464 4055 id
492 4022 624 4053 nunc
650 4004 968 4066 agnoscimus.

329 4106 406 4137 ιι.
441 4086 585 4135 Illinc
621 4100 786 4131 omnes
816 4079 1085 4147 pra-stigias.
1123 4080 1274 4142 AEgy·

254 4170 380 4232 ptios
401 4178 448 4217 et
475 4163 783 4232 potissimum
814 4158 1169 4208 Alexandrinos
1196 4158 1273 4203 in-

1353 2978 1510 3037 signes
1550 2974 1917 3037 praestigistores
1948 2974 2096 3021 fuisse
2134 2974 2376 3038 significat

1351 3055 1513 3101 Julius
1531 3052 1834 3116 Capitolinus
1862 3055 1911 3099 in
1932 3056 2077 3101 Vero.
2108 3055 2374 3116 Praestigia·

1356 3146 1510 3182 torem
1525 3134 1751 3177 Proteum
1765 3135 2045 3196 AEgyptium
2063 3133 2205 3179 fuisse
2220 3135 2370 3192 aiunt,

1353 3213 1439 3275 qni
1457 3220 1776 3275 spontaneum
1799 3212 1957 3274 ignem
1977 3200 2240 3270 excitabat,
2261 3213 2373 3261 alis·

1355 3307 1450 3355 que
1477 3289 1680 3336 faciebat
1706 3307 1815 3353 quae
1846 3292 2120 3354 ignatorum
2149 3306 2372 3356 raperent

1357 3371 1557 3417 animos.
1582 3369 1659 3416 De
1684 3380 1789 3417 toto
1814 3370 1911 3417 hoc
1939 3370 2079 3428 loco,
2109 3372 2160 3417 in
2181 3389 2280 3435 quo
2302 3384 2369 3420 te·

1357 3450 1505 3498 stium
1528 3445 1675 3497 fldem
1707 3450 1824 3498 mire
1849 3450 2034 3508 elevat,
2058 3452 2194 3515 qnod
2221 3469 2377 3501 σιω

1358 3546 1457 3576 suae
1496 3527 1688 3586 obsint,
1731 3526 1871 3593 plura
1915 3530 2049 3578 dabit
2088 3532 2245 3579 oratio
2283 3548 2374 3595 pro

1357 3609 1525 3656 Rabir.
1570 3600 1708 3671 perd.
1760 3609 1863 3658 Nec
1914 3610 2179 3658 absurdum
2231 3613 2379 3658 suerit

1357 3703 1455 3749 quo
1488 3688 1669 3750 ingenii
1710 3689 1917 3735 artificio
1953 3702 2121 3749 testes,
2150 3692 2191 3737 si
2219 3706 2375 3737 causae

1357 3768 1739 3828 patrocinentur,
1758 3767 1949 3825 lauden
1975 3768 2013 3814 si
2040 3780 2275 3825 noceant,
2295 3767 2381 3815 de·

1358 3844 1532 3905 primat
1591 3854 1756 3890 orator
1780 3880 1794 3904 ‚
1857 3847 2263 3893 animadvertere.
2320 3848 2379 3892 In

1357 3931 1609 3982 utramque
1661 3932 1842 3983 partem
1906 3925 2106 3970 consule
2151 3924 2384 3971 Verrinas

1362 3998 1607 4045 orationes
1632 4008 1679 4044 et
1702 3998 1870 4048 Rabir.
1893 4000 2027 4065 perd.

1434 4075 1574 4123 XIII.
1598 4093 1613 4122 ι
1628 4112 1640 4123 .
1665 4077 1755 4125 Hic
1772 4080 1915 4125 modo
1934 4080 2193 4128 nobiscnm.
2216 4081 2380 4139 Quum

1365 4172 1455 4220 pro
1478 4153 1689 4201 Gabinio
1714 4154 1908 4203 diceret.
