2994 4778
669 451 1058 522 ORATIO
1109 458 1431 525 PROP.
1484 462 1886 530 SEXTIO.
2231 492 2316 561 27

230 564 693 654 temulentu3‚
728 568 856 639 sed
892 595 983 641 ue
1021 572 1251 643 lucem
1296 576 1590 671 quidem
1637 581 2033 652 insolitam²
2077 584 2316 684 adspi-

231 695 373 742 cere
412 677 703 771 posset?
741 678 938 749 Alter
974 682 1237 753 multos
1279 685 1490 781 plane
1534 689 1609 758 in
1646 714 1897 760 omnes
1938 710 2172 789 partes
2206 695 2317 768 fe-

229 779 405 853 fellit.
440 789 618 855 Erat
653 788 848 856 enim
887 787 1260 862 hominum
1307 798 1633 892 opinioni
1677 798 2047 872 nobilitate
2070 801 2099 848 ³
2139 807 2317 902 ipsa,

222 889 468 963 blanda
530 895 1114 987 conciliatricula,
1182 905 1742 977 commendatus.
1809 913 2083 981 Omnes
2141 912 2319 983 boni

222 1024 490 1098 semper
551 1004 906 1077 nobilitati
963 1004 1280 1083 favemus
1306 1067 1325 1100 ‚
1382 1029 1454 1084 et
1501 1017 1668 1111 quia
1711 1017 1886 1089 utile
1931 1033 2041 1088 est
2081 1021 2317 1117 reipu-

218 1109 441 1197 blicae,
484 1113 771 1187 nobiles
813 1116 1140 1191 homines
1193 1145 1347 1193 esse
1396 1122 1652 1221 dignos
1701 1127 2091 1221 majoribus
2136 1132 2320 1218 suis,

221 1235 287 1291 et
317 1224 482 1319 quia
522 1225 712 1296 valet
748 1229 939 1325 apud
975 1254 1144 1318 nos„
1194 1233 1548 1304 clarorum
1593 1235 1970 1308 hominum
2016 1253 2088 1309 et
2129 1238 2320 1312 bene

219 1330 301 1401 de
330 1331 703 1430 republica
736 1340 1151 1410 meritorum
1184 1348 1529 1414 memoria
1549 1400 1569 1433 ,
1603 1347 1813 1416 etiam
1839 1362 2317 1420 mortuorum.

221 1442 393 1532 Quia
443 1444 724 1514 tristem
759 1471 1059 1545 semper,
1098 1453 1265 1547 quia
1300 1458 1734 1525 taciturnum
1755 1509 1773 1542 ‚
1810 1458 1979 1553 quia
2011 1457 2319 1528 subhor-

218 1549 442 1620 ridum
501 1566 724 1649 atque
787 1556 1138 1629 incultum
1196 1561 1582 1650 videbant,
1644 1579 1717 1635 et
1775 1566 1978 1660 quod
2029 1582 2181 1638 erat
2232 1593 2322 1641 eo

219 1662 507 1732 nomine
531 1715 550 1749 ,
597 1678 677 1733 ut
711 1667 1119 1762 ingenerata
1167 1669 1446 1743 familiae
1481 1671 1895 1772 frugalitas‘*
1938 1675 2319 1765 videretur,

219 1767 587 1858 favebant,
647 1774 1096 1870 gaudebant,
1157 1795 1230 1851 et
1289 1782 1380 1853 ad
1435 1786 1912 1881 integritatem
1967 1787 2321 1881 majorum

218 1905 333 1976 spe
381 1907 520 1952 sua
558 1882 921 1956 hominem
956 1888 1347 1981 vocabant,
1388 1895 1689 1965 materni
1725 1892 2047 1991 generis⁵
2094 1894 2314 1966 obliti.

219 1994 356 2087 Ego
396 2007 646 2063 autem
687 1994 906 2090 (vere
944 1997 1083 2070 hoc
1120 1998 1386 2089 dicam,
1434 2003 1801 2099 judices),
1843 2018 2124 2076 tantum
2166 2029 2318 2077 esse

218 2101 286 2170 in
332 2102 636 2173 homine
684 2106 1004 2194 sceleris,
1060 2109 1403 2199 audaciae,
1449 2112 1923 2200 crudelitatiS,
1965 2128 2317 2210 quantum

220 2208 357 2306 ipse
391 2236 567 2283 cum
600 2212 967 2310 republica
997 2221 1215 2308 sensi,
1256 2247 1651 2319 numquam
1688 2225 1951 2320 putavi.

305 2327 388 2392 X.
429 2325 769 2420 Nequam
817 2350 965 2399 esse
1008 2328 1411 2421 hominem,
1452 2347 1523 2403 et
1559 2333 1828 2421 levem,
1865 2348 1936 2408 et
1970 2332 2139 2405 falsa
2173 2338 2324 2432 opi-

222 2431 463 2520 nione,
515 2458 759 2506 errore
808 2436 1182 2511 hominum
1220 2441 1311 2513 ab
1352 2441 1827 2514 adolescentia
1863 2442 2319 2514 commenda-

222 2553 406 2627 tum,
474 2542 808 2614 sciebam.
874 2551 1154 2620 Etenim
1222 2555 1503 2623 animus
1566 2552 1716 2646 ejus
1763 2552 2009 2636 vultu,
2063 2550 2322 2646 flagitia

219 2650 600 2747 parietibus
644 2653 1116 2750 tegebantur:
1170 2659 1294 2730 sed
1337 2659 1488 2731 haec
1540 2659 1935 2730 obstructio
1978 2681 2114 2729 nec
2162 2657 2319 2728 diu-

219 2775 421 2832 turna
455 2777 564 2833 est
585 2818 606 2850 ,
638 2789 771 2835 nec
798 2764 1111 2842 obducta
1143 2769 1237 2840 ita
1259 2824 1279 2855 ,
1307 2784 1388 2840 ut
1421 2771 1718 2842 curiosis
1755 2769 1979 2841 oculis
2016 2768 2321 2867 perspici

218 2895 359 2940 non
408 2874 659 2969 possit.
707 2873 1146 2948 Videbamus
1189 2903 1414 2975 genus
1457 2881 1651 2967 vitae‚
1688 2878 2097 2965 desidiam¹,
2129 2879 2320 2948 iner-

281 3063 330 3094 α.
378 3047 650 3096 Ικωιίωιη.
696 3051 820 3112 Quin
862 3051 1124 3101 lustrorum
1167 3068 1222 3100 sc

217 3134 491 3187 stuprorum
516 3126 569 3172 in
594 3126 801 3175 tenebris
825 3128 909 3176 diu
935 3129 1153 3178 latuerat.

279 3207 326 3253 3.
352 3205 619 3254 Nobilitate
642 3207 769 3272 ipsa.
796 3208 915 3256 Non
941 3209 1080 3272 qnod
1105 3220 1225 3257 esset

215 3285 443 3347 patricius
479 3286 625 3344 Piso,
671 3285 756 3333 sed
809 3287 921 3350 quia
961 3286 1225 3347 maioribus

214 3373 342 3408 ortus
386 3363 662 3411 clarissimis
691 3380 705 3413 :
747 3381 859 3412 nam
901 3366 1224 3414 nobilissimos

214 3440 429 3489 homines
454 3443 600 3490 etism
624 3458 732 3504 eos,
757 3446 840 3506 qni
863 3443 1061 3508 plebeiis
1082 3446 1221 3493 fami-

214 3518 285 3565 liis
327 3522 434 3569 mci
456 3532 624 3580 eram,
652 3522 918 3586 appellatos
948 3539 1050 3571 esse
1075 3524 1223 3572 anim·

215 3599 412 3649 adverti.

283 3687 328 3734 ι.
356 3679 661 3745 Frugalitas.
688 3680 767 3728 Ob
788 3695 1090 3744 cognomen:
1112 3693 1224 3730 sunt

224 3768 366 3805 sutem
392 3760 517 3823 frugi
544 3759 793 3819 homines,
821 3771 875 3806 nt
900 3760 952 3806 in
976 3775 1026 3807 re
1053 3760 1220 3809 dome-

224 3835 358 3891 stim,
378 3839 445 3885 sic
468 3841 519 3887 iu
546 3838 799 3903 republica
817 3839 1117 3887 continentes
1132 3876 1146 3901 ,
1174 3850 1224 3887 et

224 3920 489 3978 temper-ati,
540 3919 757 3981 ideoque
821 3928 995 3981 praeter
1041 3930 1224 3966 ceteros

210 3994 356 4053 justi.
398 3998 495 4045 Piso
523 3999 701 4061 igitur,
738 3998 824 4059 qui
858 3996 1097 4060 publicam
1123 4014 1223 4045 rem

216 4075 425 4135 pessime
459 4077 671 4135 curavit,
722 4075 1029 4139 degenerasse
1065 4093 1093 4124 a
1136 4094 1222 4125 suo

218 4154 496 4215 cognomine
520 4155 732 4202 videtur.

1382 3054 1433 3103 5.
1477 3055 1696 3102 Materni
1713 3054 1901 3119 generis
1935 3052 2085 3112 quiri.
2127 3056 2183 3102 L.
2210 3054 2324 3102 Piso

1308 3143 1508 3180 matrem
1546 3132 1717 3179 habuit
1770 3148 1873 3180 non
1922 3147 2168 3180 romanam
2182 3165 2199 3191 ,
2237 3132 2323 3178 sed

1310 3211 1506 3258 homine
1542 3211 1669 3272 gallo
1705 3219 1862 3256 natam
1886 3226 1899 3256 ε
1934 3209 2018 3271 qni
2044 3224 2194 3272 quum
2220 3209 2326 3257 1³1·-

1311 3288 1481 3342 centiae
1507 3287 1826 3345 consedisset,
1863 3287 1916 3333 in
1944 3303 2049 3334 eam
2080 3288 2324 3337 civitatem

1309 3367 1551 3424 adscitus,
1607 3377 1773 3431 postes
1825 3367 2030 3414 Romam
2071 3367 2231 3438 venit,
2274 3379 2324 3417 et

1308 3447 1476 3498 Pisoni
1508 3448 1793 3500 Caesonino,
1827 3445 1930 3505 ejus
1962 3445 2150 3492 Pisonis
2185 3445 2319 3506 filio,

1308 3541 1451 3588 quem
1483 3524 1546 3572 ab
1579 3524 1811 3573 Helvetiis
1837 3523 2139 3571 interfectum
2165 3525 2325 3574 Caesar

1310 3604 1500 3662 scribit,
1524 3602 1671 3652 filiam
1697 3601 1971 3649 collocavit.

1377 3687 1446 3731 X.
1500 3698 1542 3729 x.
1590 3681 1855 3742 Desidiam,
1903 3679 2152 3728 inertiam.
2206 3683 2322 3731 Plus

1305 3762 1475 3810 inertia
1528 3761 1899 3823 vituperationis
1947 3759 2090 3807 habet
2111 3794 2125 3817 ,
2177 3777 2323 3824 quam

1308 3840 1489 3888 desidia
1523 3854 1536 3886 :
1575 3839 1786 3887 desidem
1827 3839 1954 3887 enim
1991 3840 2286 3902 appellamus
2304 3878 2321 3902 ,

1311 3922 1396 3982 qui
1453 3918 1573 3965 nihil
1619 3927 1725 3981 ngat
1740 3952 1755 3978 ,
1806 3919 1943 3982 qussi
1984 3917 2322 3972 desiderarem:

1311 3998 1514 4045 inertem
1536 4006 1691 4045 sutem
1707 4032 1722 4056 ,
1745 3999 1830 4061 qni
1851 3998 1989 4045 etism
2010 4001 2182 4063 agendi
2199 4013 2323 4061 srte,

1311 4091 1413 4123 non
1440 4075 1589 4122 modo
1614 4075 1891 4136 voluntate,
1917 4088 2105 4125 carent:
2133 4095 2249 4142 ergo
2275 4082 2325 4127 in

1314 4155 1493 4203 desidia
1515 4155 1735 4204 voluntas
1749 4154 1771 4215 ,⁴
1794 4157 1843 4202 in
1866 4156 2033 4203 inertis
2057 4158 2196 4204 simul
2215 4174 2325 4207 cum
