2994 4778
570 518 575 523 ,
651 463 787 548 342
1278 466 1371 530 M.
1423 466 1499 530 T.
1556 466 2147 533 olcERoms

650 580 993 656 etiam'ab
1030 584 1166 654 illis
1209 608 1333 654 eos
1376 583 1768 678 majoribus
1815 585 2192 657 discordiis
2245 612 2637 659 avocat-em.
2700 592 2781 661 Id

654 694 842 764 enim
883 692 1371 764 contendere²
1406 691 1499 762 de
1543 692 1956 790 republica,
1999 720 2225 791 quum
2263 696 2335 766 id
2381 696 2778 787 defendaS,

654 800 856 899 quod
899 827 1049 873 esse
1090 803 1445 898 optimum
1486 805 1780 891 sentias,
1811 819 1881 875 et
1935 803 2226 876 fortium
2267 809 2587 879 virorum
2611 865 2631 893 ,
2709 826 2786 879 et

654 935 1082 1008 magnorum
1144 910 1529 981 hominum
1594 937 1876 1011 semper
1936 917 2231 1013 putavi3
2302 942 2540 1012 neque
2609 919 2784 989 huic

656 1045 1002 1117 umquam
1035 1019 1263 1091 labori
1290 1075 1308 1106 ,
1340 1019 1619 1108 offici0,
1657 1026 1939 1094 muneri
1967 1023 2164 1095 <lesui
2195 1053 2210 1094 τ
2244 1025 2367 1095 sed
2407 1034 2787 1099 contentio

656 1130 926 1203 tamdiu
956 1134 1236 1229 sapiens
1268 1147 1406 1219 est,
1446 1132 1792 1228 quamdiu
1822 1149 1947 1205 aut
1974 1133 2260 1231 proficit
2282 1136 2556 1232 aliquid
2577 1194 2596 1221 ,
2630 1155 2785 1220 aut,

657 1249 714 1316 si
744 1271 897 1316 non
914 1244 1219 1344 proficit,
1243 1272 1396 1317 non
1415 1245 1623 1317 obest
1652 1248 1936 1319 civitati.
1961 1249 2343 1319 Voluimus
2374 1246 2405 1292 3
2425 1251 2782 1347 quaedam,

660 1356 1201 1441 contendimus,
1255 1358 1533 1454 experti
1574 1380 1864 1444 sumus;
1902 1357 2200 1429 obtenta
2229 1384 2376 1429 non
2408 1376 2575 1431 sunt
2599 1390 2616 1431 t
2643 1361 2783 1432 do·

661 1465 884 1537 lorem
941 1465 1106 1553 alii,
1157 1490 1290 1536 nos
1338 1465 1657 1538 luctum4
1717 1492 2254 1565 moeroremque
2310 1475 2779 1568 suscepimus.

595 1626 604 1635 ·
661 1581 717 1646 C
722 1602 809 1646 ur
845 1601 960 1665 ea,
999 1601 1160 1672 quae
1201 1591 1481 1646 mutare
1520 1601 1669 1646 non
1722 1603 2144 1677 possumus,
2182 1579 2588 1651 convellere
2636 1606 2780 1651 ma·

663 1685 934 1771 lumus,
975 1709 1195 1781 quam
1247 1674 1478 1756 tueri?
1521 1690 1600 1756 C.
1655 1692 1996 1758 Caesarem
2056 1704 2344 1759 senatus
2404 1704 2473 1759 et
2520 1715 2782 1787 genere

663 1791 1321 1892 supplicationum⁵
1351 1794 1790 1893 amplissimo
1819 1792 2121 1882 ornavit,
2148 1812 2220 1866 et
2258 1797 2599 1869 numero6
2642 1799 2786 1869 die·

663 2062 785 2111 mihi
807 2064 1129 2127 aequissimmn
1161 2065 1258 2113 dici
1288 2065 1494 2124 videtur,
1516 2077 1569 2113 ut
1591 2067 1682 2129 ipsi

667 2153 855 2190 nostras
904 2143 1177 2191 inimicitias
1221 2144 1349 2192 inter
1397 2160 1487 2190 nos
1529 2144 1681 2191 disce·

667 2233 860 2286 ptemus
878 2245 921 2270 ²·-

736 2317 786 2347 2.
812 2301 959 2364 vulg.
978 2300 1166 2350 addunt
1188 2301 1323 2349 mihi.
1352 2301 1546 2349 Lallem.
1575 2314 1685 2366 post

664 2380 939 2438 Graevium‚
965 2384 1048 2428 Ita
1074 2382 1199 2429 em'm
1223 2384 1530 2431 contendere.
1558 2384 1684 2431 Sim-

670 2461 843 2525 plicior
883 2461 1061 2520 lectio,
1099 2462 1309 2510 Etenim.
1355 2464 1402 2510 J.
1432 2467 1494 2510 V.
1525 2464 1578 2509 L.
1617 2489 1686 2499 -

675 2539 925 2589 contentio
966 2541 1151 2588 tamdiu
1194 2540 1385 2605 sapiens
1431 2553 1519 2589 est.
1572 2542 1687 2589 Pul-

672 2621 788 2667 chre
837 2621 890 2668 in
944 2619 1158 2667 eamdem
1220 2622 1509 2667 sententiam
1556 2620 1686 2667 idem

674 2699 864 2747 Tullius
881 2699 933 2746 iu
954 2697 1160 2762 epistole
1182 2698 1262 2744 illa
1288 2698 1469 2760 insigni
1487 2699 1551 2745 ad
1573 2701 1688 2745 Len-

678 2777 864 2834 tulum,
913 2777 1003 2826 lib.
1047 2780 1104 2834 1.
1142 2791 1203 2838 9:
1241 2777 1338 2824 «ld
1382 2778 1511 2824 enim
1549 2776 1690 2836 jubet

677 2857 805 2903 idem
825 2855 906 2902 ille
918 2856 1059 2902 Plato
1072 2890 1087 2914 ,
1107 2869 1250 2918 quem
1273 2870 1364 2917 ego
1382 2856 1690 2904 vehementer

675 2947 924 2983 auctorem
952 2948 1149 2996 sequor,
1176 2944 1365 2980 tantum
1398 2934 1693 2982 contendere

679 3015 729 3061 iu
770 3011 1017 3076 republica
1035 3047 1051 3072 ‚
1087 3022 1321 3074 qnantum
1358 3013 1563 3076 probare
1599 3015 1694 3061 tuis

681 3091 871 3140 civibus
912 3092 1105 3156 possis:
1143 3091 1240 3137 vim
1279 3108 1435 3154 neque
1475 3092 1661 3155 parenti
1681 3126 1695 3149 ‚

683 3188 839 3236 neque
888 3172 1058 3236 petriae
1095 3172 1266 3219 afferre
1307 3182 1596 3235 oportere».
1628 3198 1698 3207 --

685 3251 910 3312 Quaehic
935 3252 1147 3299 breviter
1168 3250 1586 3316 perstringuntur,
1616 3266 1700 3298 co·

688 3331 824 3392 piose
854 3332 1047 3378 Tullius
1081 3331 1308 3394 exposuit
1358 3330 1440 3378 illa
1496 3331 1700 3394 epistola

692 3407 775 3472 (ad
802 3409 918 3456 niv.
948 3412 1002 3466 1,
1029 3410 1108 3470 9),
1135 3424 1197 3454 ex
1231 3424 1327 3471 qua
1363 3408 1460 3454 buc
1488 3411 1699 3456 maxime

687 3489 777 3534 ista
801 3486 1019 3534 faciunt:
1059 3508 1081 3528 ι
1105 3487 1425 3534 Vehementer
1454 3486 1597 3534 etiam
1624 3503 1699 3534 res

688 3568 793 3630 ipsa
816 3563 1012 3627 publiea
1038 3580 1116 3611 me
1139 3564 1317 3619 movit,
1344 3580 1453 3624 quae
1480 3564 1598 3630 mihi
1625 3568 1698 3611 vi-

688 3645 893 3693 debatur
960 3642 1319 3690 contentionem
1345 3674 1360 3698 ,
1436 3644 1699 3706 praesertim

688 3723 910 3775 maximis
939 3721 1081 3769 rebus
1111 3738 1137 3767 a
1165 3721 1350 3769 Caessre
1369 3722 1514 3785 gestis
1533 3756 1548 3779 ,
1590 3740 1700 3770 cum

687 3808 784 3857 illis
824 3803 942 3851 viris
978 3801 1109 3851 nolle
1147 3799 1282 3858 fieri,
1317 3813 1394 3861 et,
1436 3819 1497 3849 ne
1532 3801 1666 3851 fieret
1688 3839 1703 3862 ,

688 3885 992 3933 vehementer
1013 3897 1231 3929 recusare
1246 3903 1290 3930 ι».
1309 3881 1537 3930 Notands
1556 3883 1698 3930 etiam

686 3980 797 4029 quae
838 3962 959 4011 ibid.
993 3961 1234 4024 leguntur,
1258 3964 1281 4009 1
1301 3996 1315 4018 ,
1358 3964 1388 4009 8
1412 3976 1433 4018 ε,
1457 3984 1481 4002 ιι
1501 3961 1698 4025 Neque,

689 4058 742 4095 ut
776 4060 867 4109 ego
903 4041 1126 4100 arbitror,
1147 4052 1417 4088 errarentue
1442 4041 1700 4088 adversarii

690 4125 886 4192 quidem
903 4125 1008 4184 ejus
1033 4121 1267 4185 (Pompeii
1283 4155 1296 4177 ,
1328 4120 1569 4181 iidemque
1594 4122 1698 4168 Cne-

694 4212 837 4271 saris,
856 4221 905 4258 et
928 4207 1105 4270 Crassi)
1121 4241 1135 4263 ,
1163 4206 1202 4253 si
1223 4241 1236 4264 ‚
1273 4219 1423 4268 quum
1443 4218 1581 4265 pares
1597 4218 1701 4249 esse

1768 2082 1870 2114 non
1917 2076 2142 2129 possent,
2177 2081 2395 2129 pugnare
2442 2065 2720 2113 desisterent
2741 2088 2787 2112 ιι.

1842 2145 1892 2191 3.
1923 2145 2168 2191 Voluimus
2191 2145 2437 2208 quaedam.
2461 2145 2618 2192 Tacite
2634 2144 2783 2206 sigui·

1768 2223 1884 2272 fleat
1896 2224 2205 2287 optimstmn,
2220 2235 2268 2271 et
2284 2224 2590 2287 popularium
2603 2222 2785 2270 civium

1769 2303 2140 2351 dissensionem:
2161 2302 2470 2365 popularium
2485 2314 2646 2349 sutem
2663 2302 2785 2364 prin·

1771 2384 1929 2447 cipem
1949 2382 2182 2430 Caesarem
2201 2381 2441 2443 designat.

1845 2470 1896 2517 4.
1936 2463 2040 2509 Nos
2073 2461 2270 2508 luctum.
2317 2461 2452 2522 Ego,
2492 2460 2580 2523 qui
2618 2477 2680 2507 ex
2713 2459 2789 2505 illa

1772 2541 2068 2589 dissensione
2105 2539 2237 2586 solus
2266 2538 2428 2585 exsilii
2476 2539 2788 2586 calamitatem

1772 2619 1971 2684 pertuli.

1847 2700 1895 2746 5.
1941 2698 2126 2744 Gener-e
2159 2695 2568 2760 supplicationum
2603 2695 2792 2760 amplis·

1773 2778 1910 2826 simo.
1928 2776 2102 2825 Verbis
2115 2773 2618 2824 honorificentissimis
2633 2790 2649 2823 :
2663 2773 2791 2837 quod

1776 2856 2003 2920 explanat
2034 2856 2085 2902 in
2118 2871 2172 2902 ea
2202 2854 2261 2902 de
2299 2857 2446 2903 Prov.
2485 2877 2510 2896 ιι
2534 2857 2592 2903 C.
2620 2853 2793 2901 Caesari

1777 2934 2159 2998 supplicationes
2185 2933 2488 2990 decrevistis,
2511 2948 2728 2990 numero,
2743 2943 2795 2978 ut

1777 3013 1959 3060 nemini
2010 3012 2112 3059 ullo
2160 3029 2220 3058 ex
2267 3011 2429 3070 bello;
2478 3013 2667 3059 honore
2685 3045 2701 3066 ‚
2744 3021 2795 3056 ut

1781 3095 1983 3141 omnino
2014 3092 2199 3139 nemini
2219 3115 2259 3138 ιι.
2289 3092 2419 3139 Vide
2448 3091 2511 3139 de
2534 3091 2796 3138 Provinciis

1782 3171 2131 3220 consularibus.
2160 3171 2283 3218 Aliae
2301 3171 2678 3235 supplicationes
2697 3170 2796 3216 fite-

1785 3262 1896 3299 runt
1919 3250 2155 3298 nuntiatis
2189 3249 2452 3313 prodigiis,
2480 3259 2534 3295 nt
2557 3247 2684 3310 apud
2711 3247 2794 3293 Li-

1785 3333 1915 3378 vium
1942 3330 2119 3395 passim
2143 3343 2157 3376 :
2188 3329 2293 3375 aliae
2317 3340 2429 3376 ante
2455 3343 2592 3389 quam
2614 3325 2795 3372 benum

1786 3411 2082 3473 susciperent
2114 3408 2176 3454 ad
2199 3405 2557 3474 exposcendam
2589 3403 2795 3451 deornm

1787 3506 1971 3555 pacem.
1994 3488 2119 3537 Aliae
2135 3486 2509 3550 supplicationes
2527 3482 2590 3530 ad
2606 3483 2798 3547 compi-

1789 3581 1851 3624 ta,
1861 3568 1966 3615 aliae
1975 3567 2037 3615 sd
2052 3567 2226 3631 templa
2238 3563 2575 3614 decretoeussiae
2584 3577 2698 3609 cum
2707 3562 2800 3609 mi-

1791 3648 1990 3695 noribus
2023 3647 2219 3702 hostiis,
2250 3646 2358 3694 aliae
2389 3662 2498 3693 cum
2523 3643 2799 3705 majoribus.

1789 3726 1912 3774 Aliae
1937 3724 2318 3789 supplicationes
2351 3726 2404 3771 in
2435 3724 2556 3771 urbe
2589 3735 2804 3774 tantum,

1790 3805 1894 3852 aliae
1923 3821 2008 3868 per
2032 3815 2181 3853 totam
2209 3805 2395 3852 Italiam
2425 3803 2642 3851 indictae.
2675 3803 2805 3849 Non·

1791 3900 2052 3947 numquam
2079 3884 2232 3932 lectos
2258 3883 2562 3938 sternebant,
2601 3892 2658 3928 et
2691 3882 2806 3930 deo·

1790 3980 1896 4011 rum
1923 3961 2104 4027 effigies
2128 3978 2274 4027 super
2300 3959 2576 4026 pulvinaris
2611 3962 2666 4008 in
2700 3978 2809 4024 pro-

1793 4044 1960 4105 patulo
1983 4037 2250 4107 ponebant.

1859 4123 1910 4169 6.
1933 4124 2141 4169 Numero
2154 4122 2339 4169 dicrum
2353 4137 2492 4167 novo.
2512 4120 2805 4182 Quindecim

1789 4199 1998 4262 dierum,
2026 4200 2309 4249 Marcellino
2337 4211 2385 4248 et
2416 4199 2655 4262 Philippo
2686 4212 2808 4245 coss.
