2994 4778
629 374 769 448 538
1255 381 1353 447 M.
1405 381 1484 447 Τ.
1537 380 2119 449 CICERONIS

722 501 843 569 Me
879 497 1214 594 quidem,
1249 496 1570 592 judices,
1617 502 2035 571 exanimant
2077 514 2149 570 et
2180 500 2618 569 interimunt
2664 496 2773 566 hae

629 632 842 679 voces
894 608 1226 696 Milonis,
1269 634 1450 706 quas
1504 608 1720 683 audio
1757 609 2040 682 assidue
2061 664 2081 696 ‚
2129 624 2201 682 et
2232 608 2509 707 quibus
2543 609 2775 679 inter-

629 742 793 789 sum
848 719 1193 816 quotidie.
1232 719 1572 808 Valeant,
1602 716 1968 811 *valeantfi
2015 722 2293 817 inquit,
2348 721 2548 790 cives
2587 717 2774 802 mei,

628 829 912 901 valeant
934 856 955 917 ;
986 831 1131 901 sint
1156 830 1591 917 incolumem,
1620 831 1762 902 sint
1787 830 2130 902 florentes
2146 884 2168 916 ‚
2196 830 2339 901 sint
2361 826 2605 914 beati3
2636 840 2774 897 stet

633 938 784 1009 haec
827 939 1003 1011 urbs
1056 940 1429 1037 praeclara‚
1475 940 1801 1038 mihique
1856 942 2083 1038 patria
2122 943 2520 1022 carissima,
2580 961 2773 1032 quo·

634 1074 786 1147 quo
823 1035 1043 1121 modo
1080 1052 1335 1122 merita
1386 1050 1476 1123 de
1516 1076 1632 1124 me
1674 1053 1833 1123 erit.
1886 1046 2351 1148 Tranquilla⁶
2398 1045 2774 1145 republica

632 1162 824 1233 cives
873 1162 1044 1249 mei,
1099 1162 1447 1259 quoniam
1508 1161 1687 1233 mihi
1735 1186 1903 1234 cum
1958 1162 2100 1233 illis
2156 1184 2309 1233 non
2367 1158 2575 1244 licet,
2619 1159 2772 1227 sine

634 1296 753 1343 me
787 1273 963 1369 ipsi,
994 1272 1122 1344 sed
1156 1296 1287 1370 per
1314 1297 1431 1344 me
1461 1288 1741 1357 tamen,
1781 1272 2266 1371 perfruantur.
2297 1276 2452 1367 Ego
2486 1268 2770 1352 cedam,

634 1395 856 1478 atque
898 1379 1141 1455 abibo.
1192 1385 1262 1454 Si
1320 1382 1500 1454 mihi
1535 1382 1913 1481 republica
1942 1383 2142 1455 bona
2177 1380 2319 1454 frui
2357 1406 2510 1452 non
2555 1379 2770 1452 licue-

637 1490 731 1561 rit
751 1545 772 1578 ‚
810 1505 884 1562 at
915 1491 1175 1564 carebo
1206 1492 1469 1580 mala73
1508 1508 1581 1564 et
1609 1518 1826 1591 quam
1859 1489 2222 1591 primum⁸
2251 1492 2563 1589 tetigero
2585 1488 2772 1560 bene

642 1616 995 1674 moratam
1052 1616 1125 1674 et
1179 1600 1486 1674 liberam
1539 1607 1938 1691 civitatem,
1993 1606 2070 1674 in
2115 1628 2201 1674 ea
2236 1603 2768 1700 conquiescam.

643 1716 708 1782 Ο
749 1709 1049 1799 frustra,
1093 1714 1369 1810 inquit,
1408 1716 1723 1814 suscepti
1751 1717 1895 1786 mei
1927 1712 2243 1787 labores!
2287 1739 2332 1784 o
2378 1737 2550 1811 spes
2583 1709 2772 1781 salla·

642 1817 790 1892 ces!
837 1845 884 1891 o
928 1822 1401 1919 cogitationes
1438 1827 1686 1896 inanes
1723 1823 1940 1897 meae!
1987 1829 2139 1924 Ego
2175 1848 2408 1922 quum
2439 1822 2774 1893 tribunus

643 1928 877 2028 plebis
903 1984 923 2019 ‚
975 1934 1349 2033 republica
1392 1961 1769 2035 oppressa,
1828 1960 1946 2007 me
1994 1935 2325 2007 senatui⁹
2381 1930 2771 2014 dedissem,

645 2064 865 2137 quem
887 2045 1318 2131 exstinctum
1342 2070 1792 2144 acceperam3
1827 2044 2195 2143 equitibus
2217 2044 2576 2127 romanis,
2599 2063 2774 2137 quo·

648 2174 811 2220 rum
851 2154 1038 2225 vires
1087 2170 1293 2227 erant
1341 2155 1742 2244 debiles-‚103
1800 2154 2015 2228 bonis
2058 2157 2267 2241 viris„
2318 2155 2448 2252 qui
2489 2174 2774 2223 omnem

648 2265 1147 2336 auctoritatem
1182 2264 1546 2338 Clodianis
1577 2268 1867 2338 armis¹¹
1906 2267 2354 2361 abjecerant;
2402 2262 2589 2333 mihi
2623 2282 2775 2332 um·

651 2397 872 2469 quam
908 2372 1276 2449 bonorum
1321 2377 1730 2475 praesidium
1770 2377 2192 2451 defuturum
2225 2374 2611 2475 putarem?
2638 2376 2776 2469 Ego

651 2508 883 2580 quum
932 2500 1003 2557 te
1050 2487 1384 2579 (mecum
1436 2492 1629 2560 enim
1682 2491 2063 2589 saepissime
2118 2487 2489 2585 loquitur)
2546 2486 2777 2583 patriae

651 2593 1179 2680 reddidissem‚'
1210 2598 1390 2669 mihi
1446 2624 1595 2670 non
1652 2597 1983 2671 futurum
2038 2601 2115 2669 in
2170 2598 2399 2697 patria
2455 2610 2775 2693 putarem

653 2702 940 2775 locum?
965 2704 1109 2778 Ubi
1137 2732 1335 2780 nunc
1362 2724 1655 2781 senatus
1684 2725 1826 2798 est,
1849 2734 2070 2807 quem
2092 2710 2383 2807 sequuti
2404 2718 2466 2751 ¹²
2492 2703 2779 2778 sumus?

728 2936 779 2984 5.
832 2936 1084 2998 Valeant,
1117 2939 1343 2987 valeant.
1384 2943 1545 2989 Voces
1583 2941 1680 2989 iu-
1767 2957 1920 3006 quum
1962 2940 2164 2991 Clodius
2201 2955 2309 2989 eam
2346 2951 2591 3005 perpetuo
2629 2938 2778 3002 exagi-

658 3014 723 3063 ad
781 3016 1070 3066 movendam
1137 3018 1519 3068 misericordiam
1567 3030 1683 3068 sunt
1769 3030 1910 3069 tamt.

659 3097 950 3161 aptissim23
983 3099 1098 3162 quia
1122 3100 1319 3149 videtur
1340 3116 1485 3165 supra
1501 3111 1683 3148 sortem
1844 3101 1893 3148 8.
1915 3099 2101 3146 Ernest-
2114 3095 2343 3159 primam.
2368 3096 2420 3144 J.
2439 3095 2504 3143 V.
2531 3097 2588 3142 1..
2694 3141 2701 3144 .

661 3190 798 3223 suam
822 3193 874 3223 se
898 3177 1078 3241 erigere
1102 3179 1261 3230 Milo:
1289 3180 1511 3244 miroque
1533 3177 1685 3226 artifl-
1843 3193 1893 3241 9.
1916 3175 2121 3226 Senatui
2135 3176 2389 3224 dedissent.
2408 3177 2615 3223 Senatus
2630 3181 2782 3237 patm-

663 3255 743 3301 cio
769 3254 887 3302 dum
911 3256 1056 3304 verba
1076 3259 1229 3319 jactat
1258 3271 1424 3308 orator
1451 3259 1550 3307 boc
1580 3259 1686 3305 vim
1773 3258 1955 3305 ciuium
2004 3256 2349 3320 suscepissem,
2400 3269 2548 3318 quem
2596 3251 2781 3303 Clodius

662 3329 968 3395 dignissima,
992 3336 1371 3387 benivolentiam
1391 3339 1539 3387 etiam
1557 3336 1688 3399 judi·
1773 3339 1841 3385 ita
1866 3337 2113 3386 atu-iverat
2131 3369 2147 3396 ,
2190 3346 2246 3384 ut
2272 3333 2476 3384 omuino
2505 3335 2783 3382 exstinctum

664 3425 777 3457 cum
794 3414 929 3474 quasi
946 3415 1212 3465 invitorum
1232 3418 1324 3465 sibi
1345 3417 1580 3466 devincit.
1775 3418 2064 3482 acciperem.
2182 3444 2189 3451 -

735 3490 783 3537 6.
813 3492 1102 3555 Tranquilla
1121 3495 1382 3559 republica.
1407 3495 1571 3545 Nullis
1588 3495 1688 3556 jam
1854 3513 1937 3545 10.
1993 3495 2130 3542 Vires
2168 3503 2314 3540 erant
2354 3490 2554 3539 debiles.
2596 3492 2786 3554 Propter

665 3584 825 3617 rerum
863 3573 1194 3622 eversionibus
1220 3578 1398 3637 jactata
1413 3608 1429 3632 ,
1457 3576 1690 3638 quoniam
1775 3576 2006 3628 Clodium
2022 3610 2038 3635 ,
2059 3573 2145 3638 qui
2166 3572 2273 3621 illas
2301 3572 2627 3620 imminuerat.

663 3647 797 3697 bunc
834 3651 1084 3714 oppressi,
1129 3669 1217 3717 per
1253 3665 1400 3716 quem
1443 3664 1690 3702 commota
1854 3670 1875 3702 r
1890 3669 1911 3700 r
1924 3690 1937 3702 .
1970 3651 2218 3702 Clodianis
2239 3650 2409 3699 armis.
2439 3651 2567 3699 Nam
2595 3646 2788 3698 Clodius

664 3744 856 3794 semper
884 3739 1000 3778 erat.
1778 3749 1872 3799 pro
1909 3731 2139 3782 tribunali
2178 3730 2411 3787 Aurelio,
2452 3726 2791 3793 peditis-im

741 3824 787 3868 7.
813 3808 995 3857 Combe
1012 3811 1164 3859 mala.
1186 3812 1240 3866 Si
1257 3811 1428 3873 ejicior
1443 3829 1471 3860 e
1492 3812 1691 3862 civitate
1778 3829 2002 3879 quosque
2021 3810 2397 3874 conscripserat,
2420 3819 2470 3856 et
2490 3817 2659 3855 contu
2679 3819 2791 3852 ren-

671 3895 775 3933 tum
814 3904 966 3951 quun
997 3905 1101 3937 mea
1124 3891 1305 3940 virtute
1340 3892 1394 3940 in
1432 3892 1690 3940 florentem
1781 3893 2030 3958 publicam
2047 3891 2194 3939 armis
2209 3889 2520 3938 instruxerat.

671 3964 815 4013 fuerit
843 3977 1021 4016 statum
1046 3970 1299 4029 restituta3
1329 3987 1430 4019 non
1461 3971 1582 4018 mibi
1609 3971 1695 4018 da·
1860 3986 1938 4020 xa.
1958 3969 2165 4034 Sequenti
2171 3985 2348 4017 sumus.
2363 3969 2514 4028 Cujus
2528 3960 2792 4012 auctofiml

671 4061 838 4093 mnum
865 4055 1053 4096 tantum
1088 4048 1342 4109 inferetur,
1368 4067 1480 4099 uam
1516 4050 1692 4099 carebo
1780 4066 1969 4113 semper
2017 4049 2069 4096 in
2122 4045 2501 4097 administranda
2559 4041 2791 4106 repulsum

673 4125 763 4172 hac
796 4125 1040 4190 republica
1068 4131 1217 4189 mala,
1249 4131 1406 4195 qualis
1427 4142 1533 4180 erat
1549 4142 1689 4189 tuuc,
1781 4128 2046 4194 paruimus.
