2994 4778
527 392 532 401 ’
631 436 1013 504 ORATIO
1066 438 1163 505 IN
1214 438 1291 505 L.
1337 439 1416 504 c.
1471 437 1956 506 PlsoNEM.
2208 439 2351 533 3⁸9

222 557 613 642 hominis²‚
637 572 997 655 exspecto.
1017 546 1352 642 Tuum,si'
1382 556 1970 654 placet,reditum
1995 583 2157 629 cum
2183 586 2346 631 meo

220 665 699 759 conferamus
744 672 847 737 Ac
884 691 1087 737 meus
1120 664 1415 762 quidem
1457 667 1519 735 is
1552 664 1725 751 fuit,
1762 680 1845 736 ut
1893 692 1934 736 a
1966 669 2342 739 Brundisio

214 801 453 872 usque
478 781 779 847 Romam
819 800 1078 874 agmen
1110 789 1546 873 perpetuum
1588 776 1807 846 totius
1846 774 2111 846 ltaliae³
2146 779 2342 849 vide-

217 912 395 959 rem.
429 892 683 983 Neque
726 889 916 957 enirn
958 888 1150 982 regio
1185 883 1319 957 fuit
1352 885 1532 972 ulla,
1572 911 1811 983 neque
1848 887 2349 984 municipium,

223 1022 466 1094 neque
493 995 952 1095 praefectura,
989 1011 1114 1067 aut
1151 994 1428 1067 colonia
1445 995 1502 1085 4,
1536 1021 1624 1066 ex
1667 1021 1810 1093 qua
1847 1020 1997 1066 non
2046 994 2336 1093 publice

219 1106 311 1176 ad
379 1133 495 1178 me
554 1110 885 1178 venerint
938 1106 1393 1202 gratulatum.
1457 1105 1653 1195 Quid
1709 1103 1936 1175 dicam
1999 1104 2350 1178 adventus

218 1217 476 1286 meos?
514 1216 690 1312 quid
746 1213 1136 1286 effusiones
1195 1215 1573 1285 hominum
1637 1239 1726 1285 ex
1779 1213 2119 1311 oppidis?
2167 1218 2343 1313 quid

217 1349 656 1397 concursum
687 1350 773 1397 ex
810 1327 999 1424 agris
1032 1340 1314 1422 patrum
1359 1321 1662 1395 familias
1686 1348 1865 1395 cum
1911 1325 2346 1422 conjugibus

219 1460 301 1508 ac
336 1434 633 1507 liberis?
684 1435 861 1533 quid
898 1460 1022 1507 eos
1051 1434 1239 1517 dies,
1277 1434 1443 1531 qui,
1485 1435 1688 1529 quasi
1723 1432 2026 1505 deorum
2055 1437 2344 1507 immor-

220 1544 472 1616 talium
514 1542 675 1615 festi
717 1560 932 1640 atque
963 1546 1358 1643 sqlemne5‚
1392 1558 1563 1614 sunt
1595 1540 1907 1614 adventu
1953 1568 2116 1615 meo
2154 1544 2347 1616 redi·

215 1670 450 1751 tuque
494 1652 882 1725 celebrati?
911 1659 1114 1726 Unus
1143 1653 1268 1724 ille
1316 1653 1468 1724 dies
1511 1652 1683 1723 mihi
1718 1653 2011 1749 quidem
2053 1658 2345 1729 immor-

216 1762 510 1834 talitatis
581 1766 802 1834 instar
859 1761 1069 1850 fuit⁵‚
1116 1788 1266 1859 quo
1330 1765 1404 1832 in
1478 1763 1776 1858 patriam
1834 1764 2057 1852 redii,
2113 1790 2339 1860 quum

216 1887 548 1945 senatum
570 1898 933 1971 egressum
953 1869 987 1917 6
1012 1871 1182 1959 vidi,
1220 1871 1727 1970 populumque
1754 1878 2166 1944 romanum7
2194 1878 2350 1945 uni-

215 2010 549 2070 versum,
593 2009 817 2081 quum
863 1983 1039 2054 mihi
1091 1986 1244 2080 ipsa
1286 1987 1514 2055 Roma
1557 2006 1783 2079 prope
1825 1983 2167 2054 convulsa
2229 2010 2341 2057 se-

218 2092 432 2164 dibus
475 2096 661 2181 suis,
699 2092 787 2164 ad
832 2093 1457 2191 complectendum
1513 2106 2091 2163 conservatorem
2132 2118 2343 2165 suum

217 2202 613 2303 procedere
646 2205 791 2273 visa
830 2218 956 2274 est.
992 2204 1169 2293 Quae
1208 2227 1322 2271 me
1355 2203 1448 2271 ita
1476 2203 1790 2299 accepit,
1827 2215 1910 2270 ut
1941 2227 2091 2272 non
2117 2204 2341 2274 modo

218 2317 547 2384 omnium
604 2338 987 2411 generum,
1033 2326 1357 2397 attatum,
1393 2310 1733 2381 ordinum
1785 2336 2039 2396 omnes
2080 2314 2215 2383 viri
2261 2339 2343 2386 ac

216 2423 554 2494 mulieres
575 2415 630 2509 ⁸,
665 2425 900 2494 omnis
949 2422 1255 2492 fortunae
1302 2445 1385 2492 ac
1423 2420 1608 2508 loci,
1649 2420 1773 2491 sed
1818 2423 2027 2492 etiam
2073 2429 2361 2495 moenia*

212 2534 364 2630 ipsa
401 2533 824 2603 viderentur
869 2546 941 2603 et
994 2546 1181 2604 tecta
1236 2529 1435 2601 urbis
1482 2553 1566 2600 ac
1611 2530 1877 2628 templa
1930 2532 2168 2603 laetari.
2222 2537 2340 2604 Me

212 2642 831 2740 consequentibus
882 2641 1140 2713 diebus
1182 2642 1253 2711 in
1296 2666 1376 2713 ea
1427 2643 1582 2738 ipsa
1620 2641 1870 2727 domn,
1913 2665 2056 2737 qua
2100 2655 2179 2710 tu
2218 2664 2339 2711 me

210 2755 627 2851 expuleras,
662 2778 877 2849 quam
919 2752 1299 2851 expilaraS‚
1344 2774 1560 2846 quam
1595 2749 2045 2835 incendet-as,
2094 2754 2337 2846 ponti-

207 2862 416 2951 fice5‚
444 2863 811 2948 consules,
847 2878 1082 2961 patres
1108 2863 1496 2958 conscripti
1522 2860 2091 2945 collocaverunt,
2124 2860 2337 2932 mihi-

277 3134 332 3164 α.
380 3118 451 3163 Os
486 3129 538 3163 uc
566 3115 767 3164 videam
803 3114 1029 3163 hominis.
1064 3118 1229 3178 Impu-

205 3195 427 3248 dentiam
448 3195 576 3256 ejus,
597 3196 680 3258 qui
701 3195 857 3245 redire
879 3193 1068 3242 audeat.

276 3276 326 3323 3.
363 3275 410 3320 Τ
401 3274 527 3321 ocius
553 3274 730 3322 ltalioe.
753 3273 1017 3321 Hominum
1044 3273 1129 3337 qui
1156 3290 1230 3320 re·

207 3353 338 3401 ditus
374 3353 473 3400 mei
510 3354 632 3400 fama
655 3353 840 3412 exciti,
878 3353 1073 3400 obviam
1108 3351 1228 3400 mihi

206 3432 412 3480 honoris
434 3446 577 3478 causa
598 3442 842 3479 venerant.

276 3519 325 3567 4.
378 3514 481 3557 Aut
520 3509 734 3558 colonia.
781 3509 861 3558 sie
901 3526 1128 3574 quoque,
1176 3511 1226 3558 in

206 3591 435 3638 oratione
481 3605 576 3654 pro
622 3590 789 3637 Sextio
834 3602 884 3638 et
914 3590 1020 3650 aliis
1054 3591 1226 3647 etiam.

203 3669 468 3734 municipia
486 3703 501 3729 ,
528 3670 866 3733 praefecturae,
893 3669 1111 3717 colonias
1152 3668 1227 3716 di-

203 3749 431 3813 stinguit.

274 3830 323 3875 5.
368 3826 761 3875 immortalitatis
798 3827 950 3875 instar
961 3825 1087 3892 ficit.
1133 3828 1226 3875 ulo

203 3906 283 3954 die
299 3918 482 3954 tautam
497 3910 693 3971 percepi
711 3907 1025 3971 voluptatem,
1040 3919 1226 3956 tantum

201 3985 417 4036 fructum
447 3985 628 4032 civium
657 3986 863 4044 amoris,
894 3997 950 4034 ut
980 3988 1229 4036 immorta-

202 4063 338 4120 litate
359 4063 459 4111 frui
492 4075 541 4110 et
573 4065 743 4112 cat-lum
766 4064 955 4113 viderer
973 4067 1226 4132 attingere.

205 4143 433 4208 Magnam
456 4142 674 4192 laetitiam
707 4143 989 4194 declaraturi
1013 4158 1197 4195 veteres
1216 4183 1232 4206 ‚

1317 3110 1544 3160 dicebant
1579 3113 1673 3160 sibi
1694 3129 1794 3161 non
1806 3115 1906 3174 jam
1927 3114 2337 3164 immortalitatem

1315 3191 1511 3254 optari,
1530 3192 1667 3255 quasi
1687 3208 1742 3240 ea
1765 3193 2055 3240 fruerentur.

1388 3273 1437 3320 6.
1465 3272 1697 3318 Senatum
1724 3288 1981 3336 egressum.
2011 3271 2188 3335 Egredi
2214 3273 2343 3322 sole·

1316 3349 1398 3397 bat
1412 3360 1605 3397 senatus
1615 3384 1629 3408 ,
1642 3361 1698 3398 ut
1711 3351 1953 3415 exciperet
1967 3351 2243 3415 triumphat:
2250 3363 2338 3410 tes,

1268 3429 1279 3448 ⁸
1314 3427 1449 3490 qnod
1473 3437 1546 3474 est
1567 3428 1840 3492 vulgatium
1857 3428 2027 3476 similis
2044 3445 2194 3493 porro
2214 3431 2343 3478 redi·

1315 3517 1392 3554 tus
1426 3507 1770 3571 imperatorum
1804 3524 1932 3572 sepe
1959 3525 1986 3555 a
2014 3510 2339 3574 panegyristis

1315 3583 1618 3636 describitur.

1388 3683 1437 3725 7.
1471 3667 1807 3731 Populumque
1830 3683 2103 3716 romanum.
2129 3668 2283 3717 Abest
2307 3686 2335 3718 ι

1315 3745 1551 3793 Vaticano
1570 3761 1669 3794 vox
1689 3746 1978 3796 universum.

1387 3825 1438 3870 8.
1470 3825 1646 3871 Omnes
1673 3823 1773 3871 νίν-ι’
1794 3841 1855 3871 ac
1879 3823 2115 3873 mulieres.
2139 3828 2212 3872 Ita
2240 3824 2338 3873 liu·

1310 3899 1525 3960 jusmodi
1549 3900 1759 3964 publice
1780 3902 1959 3950 letitie
1978 3900 2334 3966 significatione

1316 3978 1591 4026 distinctam
1618 3990 1810 4028 aetatum
1837 3997 1892 4028 ac
1920 3997 2124 4028 sexuum
2151 3982 2335 4030 faciunt

1316 4057 1609 4106 mentionem
1623 4093 1638 4117 ‚
1658 4058 1793 4121 quod
1822 4061 1887 4107 ita
1910 4061 2123 4108 tenerior
2140 4059 2341 4123 quidem

1316 4137 1517 4185 affectus
1538 4135 1729 4184 ostendi
1751 4137 1989 4187 videatur.
