2994 4778
920 423 1702 523 ARGUMENTUM.
2232 422 2375 518 469

338 545 593 603 sensores
619 548 693 615 Q.
720 543 1096 614 Hortensius,
1127 547 1209 602 M.
1230 544 1435 602 Cicero
1452 586 1468 614 ,
1497 546 1582 601 M.
1603 542 1912 600 Marcellus
1928 580 1946 612 ,
1971 545 2342 603 neanidius
2358 589 2374 614 ,
2430 611 2438 618 ,

330 644 417 697 Μ.
444 643 607 707 Cato,
626 650 684 695 et
703 641 940 696 Faustus
966 638 1143 697 Sulla.
1174 635 1554 697 Accusatores
1582 650 1775 695 autem
1802 636 1921 695 duo
1955 639 2130 716 Appii
2154 640 2377 707 Clodii,

329 734 457 793 duo
480 733 728 805 Valerii,
768 746 827 792 et
852 738 922 793 1..
951 734 1275 794 Herennius
1310 732 1542 794 Balbus.
1579 733 1853 793 Edixerat
1893 735 2199 812 Pompeius
2237 736 2381 795 duas

327 828 769 890 accusatoribus
781 828 981 901 horas,
1001 842 1060 888 et
1073 829 1310 889 totidem
1330 829 1588 908 patronis
1602 829 1676 890 ad
1695 830 1976 908 agendam
1989 844 2217 889 catiusm
2237 852 2378 890 con·

330 925 641 1004 cedendas
657 927 854 1004 sicque
866 924 1249 986 adstrinxerat
1264 926 1675 1004 eloquentiam,
1691 928 1998 1004 frenosque
2021 927 2074 984 ei
2091 926 2382 1003 injecerat.

412 1027 550 1103 Ipso
576 1041 718 1081 vero
742 1021 947 1099 judicii
975 1021 1070 1081 die
1101 1023 1308 1081 clausae
1334 1023 1493 1081 omni
1523 1021 1671 1082 urbe
1701 1022 1954 1082 tabernae
1985 1024 2245 1095 fuerant,
2270 1043 2379 1102 po-

325 1119 506 1217 pulus
560 1117 691 1177 foro
725 1117 969 1225 pulsus,
994 1130 1053 1176 et
1090 1117 1286 1176 omnia
1328 1118 1504 1176 armis
1548 1138 1620 1177 ac
1665 1117 1942 1177 militibus
1988 1119 2191 1177 cincta.
2243 1122 2384 1197 Ipse

325 1182 642 1292 Pompeius
670 1232 779 1290 pro
805 1213 1012 1271 aerario
1039 1231 1235 1272 coram
1268 1211 1565 1289 judicibus
1605 1213 1897 1286 consedit,
1925 1227 2120 1291 septus
2161 1214 2381 1274 delecta

326 1310 582 1369 militum
608 1328 803 1367 manu.
827 1314 996 1369 Unus
1025 1309 1230 1369 Cicero
1259 1308 1443 1367 tribus
1465 1309 1897 1369 accusatoribus
1922 1310 2256 1389 respondit,
2282 1312 2382 1371 sed

324 1427 564 1474 causam
590 1426 708 1464 non
740 1406 903 1479 felix,
935 1419 1003 1465 ut
1021 1407 1362 1485 saepissime,
1386 1406 1574 1466 exitus
1596 1408 1843 1486 excepit.
1866 1412 2089 1471 Natura
2118 1407 2381 1467 timidum

326 1505 651 1583 ingenium,
678 1522 785 1562 nec
811 1514 1014 1562 contra
1043 1518 1203 1562 arma
1232 1502 1505 1581 pervicax
1537 1526 1551 1561 ε
1578 1504 1772 1582 itaque
1815 1505 2047 1564 insolito
2088 1506 2189 1563 illo
2225 1505 2386 1584 judi-

327 1602 559 1660 ciorum
585 1612 868 1680 apparatu
891 1613 1092 1658 orator
1120 1600 1497 1671 conterritus,
1517 1601 1801 1678 armisque
1825 1601 1956 1672 illis,
1985 1615 2044 1659 et
2069 1601 2383 1679 prasertim

328 1699 643 1777 Pompeio,
669 1716 847 1775 quem
873 1698 1074 1756 Miloni
1111 1697 1398 1757 infensum
1428 1712 1704 1771 noverat,
1745 1698 2148 1777 perturbatus»,
2194 1700 2383 1776 primo

328 1795 653 1868 haesit3'vix
683 1795 843 1872 loqui
881 1795 1251 1872 incipientem
1282 1794 1548 1853 Clodiani
1580 1797 1798 1872 magnis
1836 1797 2185 1855 clamoribus
2214 1812 2385 1855 acce-

326 1913 510 1972 pere:
551 1893 673 1950 haec
720 1892 914 1950 omnia
955 1892 1186 1969 ingenio
1221 1892 1499 1963 offecere,
1529 1911 1643 1950 vox
1690 1874 1956 1951 faucibus
1998 1893 2285 1966 haerebat,
2329 1906 2387 1951 et

324 2011 441 2069 per
471 2002 649 2048 totam
677 1989 1000 2048 orationem
1026 1990 1126 2048 vix
1152 2009 1189 2048 a
1210 1988 1507 2066 judicibus
1533 2002 1620 2048 est
1647 1990 1895 2048 auditus.

405 2091 698 2165 Tempore
721 2086 924 2164 periit,
949 2100 1079 2163 quae
1105 2085 1356 2165 primum
1379 2101 1517 2147 tunc
1541 2086 1739 2145 habita
1762 2099 1848 2145 est
1866 2088 2083 2157 oratio,
2112 2100 2231 2146 uon
2258 2107 2383 2146 ma-

324 2202 449 2263 gno
476 2202 613 2243 sane
636 2183 935 2241 literarum
958 2196 1020 2241 et
1050 2182 1347 2242 Ciceronis
1377 2184 1578 2261 gloriae
1610 2184 1840 2265 damno.
1872 2184 2107 2242 Asconii
2135 2197 2302 2243 atate
2330 2198 2388 2242 et

324 2282 676 2356 Quintiliani
732 2280 923 2341 adhuc
967 2288 1267 2360 supererat
1285 2325 1302 2353 ,
1352 2282 1452 2340 sed
1508 2282 1746 2340 omnino
1805 2293 2006 2359 postea
2064 2282 2375 2340 intercidit.

326 2385 521 2454 Quam
558 2394 714 2438 nunc
753 2391 1095 2458 tractamus,
1132 2391 1334 2438 orator
1376 2392 1511 2489 post
1557 2399 1679 2437 rem
1720 2378 2091 2458 dijudicatam
2135 2378 2388 2457 scripsit·

325 2481 475 2551 Quae
509 2476 780 2554 princeps
819 2495 1047 2553 semper
1080 2476 1343 2534 omnium
1385 2476 1511 2554 ejus
1557 2477 1886 2535 orationum
1925 2477 2182 2547 exstitit·
2222 2477 2381 2533 nulla

325 2575 483 2634 enim
510 2572 779 2632 omnibus
807 2572 1071 2667 partibus
1098 2573 1178 2631 ita
1204 2572 1469 2632 absoluta
1494 2573 1743 2632 videtur.
1766 2573 1924 2645 Quid
1947 2573 2238 2652 principio
2264 2591 2386 2630 mo-

324 2671 548 2730 destius
577 2689 644 2728 ac
671 2669 906 2728 suavius
923 2672 950 2727 Ρ
972 2669 1112 2747 quid
1137 2669 1567 2742 vehementius,
1593 2690 1775 2748 quum
1802 2689 1871 2729 ea
1899 2670 2160 2727 oenfutat
2186 2680 2386 2725 orator

322 2788 457 2846 quae
496 2765 560 2825 in
598 2766 874 2825 Milonem
906 2765 1317 2842 jactabantur?
1363 2772 1493 2839 Qua
1527 2767 1588 2825 vi
1630 2766 1975 2844 eloquentia!
2015 2766 2075 2823 in
2114 2763 2380 2823 Clodium

323 2863 901 2940 invehiturlquanta
940 2875 1064 2921 arte
1090 2882 1288 2921 necem
1314 2862 1855 2941 civis'perditissimi
1889 2862 2072 2922 oculs
2110 2860 2343 2939 subjicit
2372 2880 2387 2933 ι,

325 2979 504 3038 quam
534 2959 754 3018 vivida!
785 2978 958 3036 quam
1000 2978 1152 3038 pura
1181 2972 1317 3018 sunt
1352 2960 1586 3018 omnia!
1630 2965 1876 3030 Orator,
1915 2972 2222 3038 postquam
2261 2960 2383 3035 pri-

326 3074 429 3115 mo
475 3054 869 3122 timidissime,
909 3068 974 3113 ut
1011 3055 1095 3114 ita
1130 3054 1351 3125 dicam,
1403 3055 1684 3133 incoepit‚
1744 3068 2047 3133 postquam
2080 3055 2306 3112 veniam
2348 3074 2381 3112 a

313 3150 619 3230 judicibus
663 3151 915 3209 timentis
955 3150 1131 3209 animi
1171 3150 1479 3229 poposcit,
1519 3150 1822 3228 paullatim
1859 3150 2099 3220 exardet
2136 3163 2195 3208 et
2231 3149 2383 3207 intu-

319 3247 531 3308 mescit
548 3290 565 3319 ,
592 3259 932 3324 vastumque
967 3245 1136 3310 brevi
1173 3245 1486 3322 verborum
1533 3248 1745 3307 flumen
1779 3247 2048 3325 explicat.
2087 3247 2381 3325 Principio

322 3343 767 3406 fundamentum
810 3362 928 3417 quo
970 3343 1218 3414 nitatur,
1236 3343 1321 3412 ,in
1351 3344 1557 3403 animis
1580 3342 1882 3422 judicum,
1913 3341 2345 3421 quodammodo
2365 3387 2381 3416 ,

316 3440 571 3521 quaerit3
599 3438 875 3517 quodque
906 3439 1012 3498 ubi
1052 3441 1280 3499 firmum
1310 3440 1512 3513 sentit,
1561 3442 1621 3499 in
1651 3441 1765 3499 hoc
1794 3453 1956 3500 totus
1971 3439 2283 3512 incumbit,
2327 3453 2385 3498 et

317 3536 665 3599 exsultantis
691 3535 869 3595 animi
908 3548 1047 3596 aestu
1077 3537 1289 3609 elatus,
1321 3538 1609 3616 exsurgit,
1652 3538 1714 3596 in
1756 3539 2095 3605 immensum
2135 3537 2343 3595 crescit
2365 3580 2381 3608 ‚

316 3648 496 3712 atque
534 3631 698 3691 omni<
738 3643 900 3690 tonat
944 3631 1291 3710 eloquentius
1332 3632 1578 3713 impetu.
1624 3633 1930 3694 Paullatim
1955 3653 2108 3693 vero·
2127 3632 2341 3692 residet
2371 3654 2388 3698 ;

316 3744 379 3791 et
414 3748 605 3809 quum
643 3741 899 3788 extrema
928 3729 1048 3806 jam
1094 3729 1276 3788 verba
1317 3743 1402 3788 est
1452 3731 1738 3800 facturus,
1764 3744 1983 3808 quanta
2015 3744 2168 3801 arte,
2209 3747 2382 3806 quam

316 3825 477 3884 miro
521 3822 798 3895 artificio,
844 3821 1277 3900 quodammodo
1333 3822 1615 3895 mitescit,
1659 3822 1730 3880 ad
1781 3841 2099 3901 precesque
2141 3840 2382 3879 conver·

316 3924 500 3982 titur!
528 3918 688 3981 Nihil
713 3920 939 3979 mollius
965 3933 1079 3992 est,
1118 3919 1261 3979 nihil
1295 3919 1375 3979 ad
1398 3919 1742 3979 movendam
1764 3963 1781 3990 ‚
1820 3941 1938 3979 non
1987 3921 2121 3978 dieo
2153 3919 2382 3978 miseri-

317 4018 619 4088 cordiam,
657 4016 759 4075 sed
806 4017 1078 4094 pietatem
1126 4016 1352 4095 aptius,
1406 4036 1582 4095 quam
1641 4016 1843 4075 ultima
1893 4037 2030 4096 pars
2078 4017 2380 4076 orationis.

329 4115 426 4176 lbi
465 4115 625 4174 vires
652 4131 852 4172 omnes
879 4114 1126 4191 collegit,
1147 4133 1334 4191 eoque
1356 4113 1586 4187 certine,
1603 4113 1764 4191 quod
1786 4114 2005 4173 animos
2027 4112 2383 4172 audientium
