2994 4778
661 457 803 529 226
1284 459 1378 528 M.
1432 456 2140 538 T.,CICERONIS

653 584 904 678 igitur,
943 592 1220 650 tantum
1261 577 1535 651 facinus
1568 581 1836 651 nullam
1873 581 1972 652 ob
2010 586 2339 653 oausam⁴
2384 606 2543 655 esse
2581 608 2780 656 com·

653 691 996 762 missum?
1049 703 1125 761 et
1182 714 1312 761 vos
1370 715 1519 760 non
1571 689 1862 777 videtis,
1920 682 2093 784 fingi
2138 692 2431 763 sceleris
2485 696 2778 764 maximi

652 804 924 873 crimen
943 796 996 882 ⁵,
1033 814 1114 870 ut
1147 798 1435 869 alterius
1461 822 1682 875 „causa
1717 797 2051 871 sceleris⁶
2078 800 2516 897 suscipiendi
2557 800 2778 873 fuisse

653 909 1025 980 videatur?
1069 908 1201 978 Cui
1246 906 1560 1003 denique
1596 907 2005 978 commisit?
2045 932 2194 1003 quo
2235 907 2568 1003 adjutore
2608 936 2779 980 usus

649 1021 799 1090 est?
843 1043 991 1116 quo
1027 1016 1266 1088 socio?
1298 1040 1445 1112 quo
1474 1018 1813 1088 conscio?
1840 1017 1958 1086 cui
1993 1030 2274 1087 tantum
2308 1014 2594 1088 facinus
2614 1073 2636 1106 ,
2667 1021 2776 1089 cui

648 1156 723 1202 se
745 1185 764 1215 ,
800 1130 920 1201 cui
954 1128 1258 1198 salutem
1294 1149 1493 1196 suam
1533 1125 1881 1197 credidit?
1910 1127 2236 1197 Servisne
2271 1127 2649 1199 mulieris?
2686 1132 2777 1199 sic

649 1242 840 1312 enim
882 1237 1244 1333 objectum
1285 1251 1409 1307 est.
1455 1239 1542 1305 Et
1578 1249 1729 1305 erat
1768 1251 1909 1305 tam
1959 1234 2258 1306 demens
2292 1235 2450 1322 hic,
2495 1239 2613 1307 cui
2648 1261 2770 1307 vos

649 1350 1016 1445 ingenium
1053 1361 1247 1417 certe
1279 1345 1592 1416 tribuitis
1612 1357 1668 1430 ⁷,
1701 1348 1976 1415 etiamsi
2012 1360 2249 1416 cetera
2289 1345 2584 1417 inimica
2620 1371 2775 1416 ora·

652 1462 848 1531 tione
893 1456 1265 1527 detrahitis
1288 1510 1307 1541 ,
1343 1470 1423 1525 ut
1457 1479 1707 1525 omnes
1734 1478 1894 1524 suas
1922 1453 2245 1524 fortunas
2274 1453 2525 1525 alienis
2557 1458 2773 1527 servis

655 1566 1181 1639 committeret?
1231 1568 1320 1634 At
1363 1564 1631 1661 quibus
1676 1565 1937 1634 servis?
1980 1562 2200 1635 refert
2247 1566 2442 1635 enim
2484 1590 2776 1663 magno·

653 1702 825 1775 pere
877 1674 951 1745 id
1005 1676 1287 1772 ipsum:
1339 1673 1587 1759 hisne,
1651 1697 1836 1769 quos
1889 1671 2335 1769 intelligebat
2382 1699 2531 1743 non
2588 1676 2774 1745 com·

657 1785 858 1855 muni
887 1781 1298 1853 conditione
1325 1783 1679 1853 servitutis
1709 1785 1811 1851 uti
1832 1836 1850 1867 ,
1880 1780 2001 1852 sed
2033 1782 2363 1853 licentius
2384 1835 2405 1868 ,
2440 1782 2776 1869 liberius,

658 1893 1070 1965 familiarius
1123 1916 1287 1962 cum
1339 1892 1630 1962 domina
1678 1892 1961 1962 vivere?
1994 1892 2175 1981 Quis
2212 1894 2405 1961 enim
2449 1893 2596 1964 hoc
2638 1919 2779 1963 non

659 2003 854 2075 videt
907 2001 1227 2098 judices?
1294 2016 1418 2071 aut
1484 2002 1648 2099 quis
1720 2001 1861 2072 hoc
1913 2004 2196 2099 ignorat
2220 2056 2240 2089 ,
2286 2004 2364 2072 in
2424 2003 2779 2098 ejusmodi

662 2115 914 2196 domo,
959 2114 1034 2183 in
1070 2137 1211 2209 qua
1239 2111 1414 2181 nihil
1453 2125 1765 2208 geratur,
1805 2110 2005 2207 quod
2042 2109 2231 2182 foras
2268 2108 2780 2209 proferendum

662 2228 788 2309 sit,
824 2227 896 2294 in
925 2249 1068 2325 qua
1095 2222 1352 2307 lustra,
1397 2221 1764 2307 libidines,
1803 2222 2154 2306 luxurieS,
2195 2222 2438 2290 omnia
2469 2219 2783 2318 denique

662 2332 977 2406 inaudita
1006 2333 1176 2403 vitia
1199 2348 1421 2430 atque
1451 2331 1713 2430 flagitia
1743 2344 2155 2419 versentur;
2201 2330 2320 2402 hic
2357 2356 2605 2404 servos
2638 2358 2785 2404 non

662 2468 813 2516 esse
854 2467 1095 2513 servos
1119 2439 1198 2512 ⁸?
1228 2442 1494 2539 quibus
1533 2443 1773 2512 omnia
1805 2441 2396 2512 committantur?
2433 2465 2567 2538 per
2604 2467 2789 2539 quos

660 2553 1046 2653 gerantur?
1089 2554 1214 2649 qui
1256 2566 1632 2622 versentur
1676 2549 1924 2621 iisdem
1955 2551 2031 2620 in
2060 2550 2605 2648 voluptatibus?
2633 2555 2788 2649 qui-

661 2664 801 2734 bus
841 2662 1122 2733 occulta
1150 2661 1580 2732 credantur?
1616 2660 1703 2730 ad
1745 2685 1931 2757 quos
1967 2660 2414 2757 aliquantum
2456 2665 2676 2733 etiam
2708 2688 2795 2733 ex

666 2771 1102 2870 quotidianis
1138 2770 1544 2866 sumptibus
1581 2794 1661 2840 ac
1698 2771 1976 2840 luxuria
2013 2769 2419 2840 redundet?
2453 2769 2540 2842 1d
2582 2775 2798 2868 igitur

665 2882 936 2954 Coelius
972 2905 1119 2950 non
1159 2877 1495 2949 videbat?
1533 2881 1602 2949 Si
1640 2883 1828 2949 enim
1868 2893 2017 2948 tam
2052 2877 2414 2948 familiaris
2449 2894 2605 2950 erat
2643 2905 2800 2950 mu-

667 2994 897 3079 lieris,
954 3014 1170 3087 quam
1228 3015 1355 3060 vos
1401 2989 1656 3076 vultis;
1711 2990 1885 3059 istos
1942 3014 2240 3085 quoque
2303 3013 2550 3060 servos
2597 2989 2802 3060 fami-

669 3105 876 3174 liares
919 3123 1072 3171 esse
1108 3098 1420 3171 dominae
1454 3098 1742 3169 sciebat.
1782 3099 1906 3169 Sin
1948 3100 2015 3168 ei
2057 3112 2255 3168 tanta
2300 3100 2807 3182 consuetudo,

673 3225 937 3309 quanta
977 3234 1016 3280 a
1055 3207 1257 3280 vobis
1298 3208 1687 3294 inducitur,
1739 3231 1888 3277 non
1928 3222 2114 3294 erat3
2157 3232 2318 3304 quae
2360 3231 2537 3279 cum
2584 3210 2811 3281 servis

676 3321 914 3416 potuit
954 3317 1387 3388 familiaritas
1424 3343 1577 3389 esse
1615 3317 1864 3388 tanta?

753 3525 800 3572 a.
856 3516 1058 3562 Nullam
1101 3516 1162 3564 ob
1212 3531 1433 3564 eausam.
1481 3517 1691 3567 Codices
1774 3533 1923 3582 supra
1959 3517 2163 3580 Gorgian
2184 3530 2199 3566 τ
2224 3538 2251 3558 Ἰιι
2266 3517 2375 3564 duo
2405 3517 2457 3564 in
2487 3535 2568 3567 ne
2598 3521 2746 3570 inter
2770 3540 2825 3572 te

678 3595 844 3644 [amb.
860 3604 910 3641 et
928 3594 1069 3642 Barb.
1090 3596 1236 3642 Rom.
1259 3595 1438 3643 venet.
1465 3607 1514 3643 et
1536 3595 1692 3644 Aldu·
1777 3596 1922 3660 plane
1953 3597 2192 3643 contraria
2225 3595 2540 3660 reprebendi:
2556 3631 2573 3658 ‚
2610 3602 2826 3665 sapien-

678 3677 857 3725 babent
885 3672 993 3719 -ob
1018 3673 1199 3720 nullam
1223 3688 1412 3720 canum
1437 3695 1478 3722 ιι.
1779 3674 1893 3721 tiam
1932 3686 1981 3722 et
2018 3675 2267 3721 insaniam.
2310 3675 2435 3736 Quoe
2483 3675 2585 3725 duo
2634 3682 2737 3728 uni
2775 3695 2829 3729 et

752 3756 798 3804 5.
822 3751 1023 3800 Sceleris
1047 3750 1254 3799 maximi
1266 3751 1466 3801 crimen.
1496 3752 1693 3802 Scilicet
1776 3753 1933 3801 eidem
1950 3753 2137 3800 homini
2153 3768 2256 3800 esne
2273 3768 2375 3800 non
2394 3768 2607 3817 possunt
2624 3792 2642 3814 ,
2668 3770 2779 3807 etc.
2802 3783 2827 3800 ..

676 3833 852 3881 Dionis
872 3829 1140 3878 homicidii.
1851 3831 1901 3878 8.
1928 3832 2094 3878 Servos
2131 3847 2229 3878 non
2258 3847 2365 3879 esse
2397 3849 2573 3882 see-ms.
2614 3837 2832 3886 Plum-

746 3911 797 3959 6.
832 3908 1045 3974 Asterius
1075 3922 1233 3954 causa
1266 3907 1476 3956 sceleris.
1503 3907 1691 3958 Clodiae
1776 3910 1897 3957 chus
1922 3909 1982 3957 de
2004 3910 2307 3958 institutione
2334 3912 2509 3974 puerili
2531 3928 2547 3961 ε
2577 3936 2600 3956 ι
2628 3919 2750 3980 Qui
2775 3936 2831 3967 ,ρ

672 3986 914 4037 veneficii.
1773 3988 1966 4054 flagitiis
1978 3991 2210 4038 omnibus
2227 3992 2548 4042 iumen-aedui
2564 4027 2580 4051 ,
2606 4010 2689 4043 ne
2712 4001 2831 4062 qui-

743 4087 794 4130 7.
828 4071 884 4116 Ee
908 4076 1015 4115 emt
1039 4066 1352 4114 camdenum
1371 4065 1478 4128 hic,
1497 4066 1579 4114 eui
1598 4083 1688 4114 vos
1776 4070 1884 4118 dem
1911 4071 2024 4118 ntis
2048 4071 2283 4119 libertatis
2310 4071 2493 4120 babent
2509 4107 2525 4130 ‚
2550 4085 2610 4121 nt
2639 4091 2833 4127 servos

663 4150 906 4217 ingenium
949 4156 1078 4194 ceree
1133 4145 1359 4194 tribuitis.
1422 4144 1558 4193 Ideni
1602 4146 1687 4209 qui
1773 4148 2153 4213 reprehendant,
2175 4150 2357 4200 nedum
2374 4162 2425 4200 et
2442 4150 2639 4201 liberos
2672 4176 2728 4204 ο.
