2994 4778
609 429 744 513 184
1238 430 1334 497 M.
1387 430 1464 496 T.
1519 427 2081 498 CICERONIS

599 551 838 623 bonos
905 552 1142 647 specie
1208 548 1518 646 quadam
1581 550 1863 621 virtutis
1926 546 2346 620 assimulatae
2403 543 2741 615 tenebat.

600 664 853 758 Neque
906 683 1249 756 umquam
1303 685 1392 730 ex
1451 659 1577 728 illo
1627 656 1915 729 delendi
1974 658 2192 753 hujus
2251 655 2532 752 imperii
2578 669 2744 723 tam

600 768 1124 841 consceleratus
1180 773 1492 864 impetus
1549 770 1934 839 exstitisset
1958 822 1978 853 ,
2037 767 2174 837 nisi
2228 778 2336 836 tot
2383 765 2741 834 vitiorum

603 892 799 960 tanta
850 879 1254 948 immanitas
1306 875 1736 973 quibusdam
1797 873 2147 947 facilitatis
2200 888 2272 944 et
2312 872 2678 970 patientiae
2703 882 2738 926 ⁷

601 986 965 1060 radicibus
1000 989 1368 1057 niteretur.
1406 987 1646 1077 Quare
1683 987 1816 1056 ista
1862 984 2183 1056 conditio
2200 980 2254 1073 ⁸,
2278 981 2591 1076 judices,
2620 1004 2739 1049 re·

602 1113 925 1195 spuatur,
961 1120 1095 1167 nec
1128 1096 1443 1168 Catilinae
1472 1093 1965 1166 familiaritatis
1991 1094 2262 1164 crimen
2301 1091 2579 1161 haereat.
2606 1092 2737 1159 Est

602 1209 793 1278 enim
830 1225 1216 1276 commune
1247 1228 1413 1276 cum
1447 1203 1726 1291 multis,
1753 1216 1825 1274 et
1854 1228 2022 1275 cum
2049 1198 2482 1299 quibusdam
2510 1199 2734 1269 etiam

598 1313 831 1386 bonis.
877 1317 997 1384 Me
1037 1312 1315 1411 ipsum,
1348 1323 1534 1400 me9,
1578 1316 1914 1409 inquam,
1955 1309 2323 1409 quondam
2365 1333 2567 1408 paene
2610 1306 2732 1377 ille

601 1424 924 1522 decepit,
964 1447 1193 1521 quum
1237 1438 1311 1495 et
1351 1423 1525 1495 civis
1561 1422 1741 1492 mihi
1781 1420 2022 1493 bonus
2051 1432 2138 1507 ¹⁰,
2186 1434 2261 1490 et
2308 1418 2563 1517 optimi
2601 1440 2728 1487 cu-

596 1538 862 1632 jusque
888 1531 1194 1632 cupidus
1214 1586 1236 1621 ,
1275 1547 1348 1604 et
1381 1530 1637 1603 firmus
1668 1532 1938 1603 amicus
1969 1554 2053 1602 ac
2084 1528 2314 1600 fidelis
2342 1527 2728 1611 videretur3

610 1643 814 1738 cujus
850 1666 985 1740 ego
1014 1640 1330 1714 facinora
1365 1641 1597 1714 oculis
1626 1642 1864 1740 prius,
1902 1664 2124 1738 quam
2159 1639 2503 1736 opinione
2524 1691 2545 1724 ,
2589 1661 2730 1706 ma-

610 1749 829 1822 nibus
879 1764 1090 1837 ante,
1141 1771 1361 1846 quam
1406 1750 1853 1849 suspicione,
1903 1746 2391 1849 deprehendi:
2432 1747 2642 1841 cujus
2675 1753 2723 1790 ¹¹

607 1862 683 1930 in
727 1863 1006 1958 magnis
1051 1860 1349 1931 catervis
1395 1864 1830 1948 amicorum,
1877 1863 1935 1932 si
1988 1858 2124 1930 fuit
2167 1860 2376 1931 etiam
2421 1856 2732 1939 Coelius,

606 1971 830 2066 magis
856 1983 998 2056 est,
1019 1984 1097 2040 ut
1129 1970 1282 2068 ipse
1317 1971 1619 2042 moleste
1651 1968 1834 2043 ferat
1867 1993 2136 2042 errasse
2170 1968 2507 2056 se,sicuti
2548 1990 2735 2036 non-

609 2102 1007 2177 numquam
1047 2081 1132 2150 in
1175 2077 1426 2151 eodem
1466 2079 1761 2152 homine
1805 2104 1919 2152 me
1963 2105 2260 2178 quoque
2296 2078 2555 2150 erroris
2592 2077 2742 2146 mei

609 2191 913 2286 poenitet
935 2242 957 2275 ,
992 2212 1210 2286 quam
1243 2203 1327 2261 ut
1373 2191 1578 2261 istius
1605 2191 1930 2261 amicitiae
1970 2191 2241 2260 crimen
2281 2184 2734 2258 reformidet.

705 2303 854 2369 VII.
885 2302 1136 2398 Itaque
1164 2324 1204 2370 a
1240 2297 1634 2372 maledictis
1655 2309 1678 2344 ¹
1714 2296 2069 2396 pudicitiae
2096 2295 2187 2368 ad
2216 2297 2742 2393 conjurationis

682 2485 732 2531 7.
756 2467 1028 2518 Facilitaeis
1044 2481 1093 2517 ee
1106 2469 1372 2534 patiencia.
1393 2471 1631 2519 anianus

610 2548 664 2597 iu
691 2547 1030 2596 Pseudomsnti
1051 2565 1065 2597 z
1093 2571 1118 2590 ιι
1140 2550 1373 2613 Excogita
1398 2560 1446 2598 et
1466 2551 1630 2598 animo

609 2624 740 2689 finge
766 2627 952 2673 varium
977 2625 1225 2690 quoddam
1249 2626 1421 2674 nnimae
1448 2637 1631 2692 tempe-

612 2715 878 2752 ramentum
897 2742 913 2767 ,
941 2715 990 2752 et
1015 2703 1304 2762 mendaciis,
1337 2703 1492 2767 dolis,
1520 2721 1632 2770 per-

604 2785 773 2843 iuriis,
793 2784 929 2831 malis
945 2783 1130 2832 artibus
1153 2782 1438 2841 conflatum,
1462 2783 1631 2844 facile,

612 2861 795 2920 audax,
837 2864 1139 2909 temerarium
1156 2895 1171 2920 ,
1212 2860 1393 2909 laboris
1432 2878 1597 2910 amans
1619 2894 1636 2923 ‚

612 2952 669 2988 nt
695 2941 832 3003 quod
858 2938 1023 2986 animo
1055 2939 1364 2987 destinaverit
1397 2957 1633 3005 exsequa-

612 3028 713 3078 tnr;
733 3017 869 3083 quod
883 3017 1082 3066 suadere
1097 3018 1291 3083 quidvis
1306 3019 1446 3068 facile
1459 3023 1634 3085 possit,

610 3095 708 3145 fide
732 3097 931 3161 dignum
951 3096 1156 3145 inveniri
1171 3132 1188 3161 ‚
1211 3098 1408 3146 meliora
1428 3096 1633 3163 fingere,

611 3190 669 3223 nc
705 3176 926 3224 simulare
941 3209 957 3237 ,
991 3187 1041 3224 et
1078 3176 1165 3235 iis,
1204 3192 1313 3241 qun
1347 3179 1632 3235 constitnit,

613 3269 757 3315 quam
778 3255 982 3301 maxime
1000 3256 1238 3302 contraria
1263 3272 1362 3320 prae
1380 3273 1431 3304 se
1450 3256 1574 3305 ferre
1590 3279 1631 3303 ι.

685 3332 733 3377 8.
761 3334 923 3394 Quare
946 3332 1038 3378 ista
1054 3333 1286 3380 conditio.
1313 3335 1437 3395 Qnae
1459 3351 1632 3400 nempe

1717 2479 1820 2518 tum
1870 2469 2002 2517 hune
2042 2468 2207 2516 locum
2258 2466 2494 2533 expressit
2536 2466 2745 2514 Porcius

1717 2549 1861 2596 Latro
1885 2547 2011 2597 decl.
2044 2548 2098 2595 in
2124 2546 2411 2596 Catilinam:
2439 2544 2664 2608 «vigent
2689 2545 2744 2591 in

1717 2626 1800 2674 illa
1817 2626 1952 2674 clade
1969 2642 2046 2674 res
2064 2624 2395 2673 diversissimae
2409 2625 2606 2687 pariter,
2622 2638 2748 2671 eon-

1719 2706 1920 2753 tinentia
1954 2716 2002 2754 et
2038 2705 2222 2754 libido:
2253 2703 2374 2751 nihil
2406 2702 2493 2749 illo
2525 2718 2746 2766 persaepe
2791 2761 2799 2769 .

1717 2783 1911 2832 affixius
1927 2785 1989 2832 ad
2005 2784 2208 2832 colenda
2217 2785 2456 2832 bonorum
2471 2781 2747 2838 consor-tiu

1722 2862 1841 2910 num
1874 2852 2097 2911 mierum
2139 2863 2204 2912 ad
2243 2863 2339 2910 inis
2381 2860 2745 2919 {nudandum

1720 2939 1842 2987 nihil
1859 2939 1989 2987 illius
2007 2939 2332 2988 munificentia
2353 2939 2604 3003 insignius,
2617 2938 2747 2985 nihil

1721 3017 1910 3065 avidius
1928 3020 2215 3083 rapacitate3
2233 3019 2355 3067 nihil
2371 3020 2562 3067 acutius
2586 3018 2747 3065 consi-

1721 3097 1791 3147 lio
1810 3131 1826 3157 ,
1845 3096 1979 3179 0¹¹in
2008 3098 2273 3146 temeritate
2311 3095 2746 3161 contemptibilius.

1717 3176 1842 3238 Quae
1870 3192 2021 3240 quum
2038 3177 2102 3223 ita
2129 3176 2254 3237 sint,
2278 3176 2561 3241 Caepionem
2585 3175 2752 3223 admi·

1718 3255 1930 3302 rabimnr
1964 3256 2018 3302 in
2055 3258 2200 3304 tantis
2239 3256 2424 3304 viarum
2460 3253 2750 3318 ambagibus

1718 3334 1984 3382 erravisse?
2016 3335 2126 3394 Me,
2163 3351 2267 3393 me,
2300 3335 2498 3399 inquam
2516 3369 2531 3394 ,
2559 3334 2751 3392 fateor,

613 3407 838 3456 omnibns
861 3407 1247 3456 adolescentibus
1273 3409 1492 3458 Catilinae
1515 3415 1628 3460 ami·
1714 3413 1930 3475 judices,
1948 3415 2268 3462 vetustissima
2301 3414 2507 3478 quadam
2543 3413 2755 3460 familia—

613 3487 684 3534 cis
717 3487 996 3549 imponitur,
1023 3503 1146 3549 quos
1172 3487 1391 3550 iniquum
1423 3489 1549 3553 foret
1571 3507 1634 3538 ex

614 3564 821 3613 amicitia
841 3562 971 3609 illius
992 3564 1045 3610 in
1065 3563 1189 3611 hanc
1210 3564 1455 3613 infamiam
1481 3568 1634 3632 turpi-

615 3643 821 3698 tudinis,
843 3641 939 3688 nlio
962 3641 1097 3689 nullo
1114 3654 1419 3705 argumento,
1442 3648 1628 3697 vocari.

688 3740 738 3786 9.
774 3723 857 3769 Me
884 3720 1074 3785 ipsum,
1107 3736 1199 3770 me.
1238 3721 1441 3770 Catilina
1480 3723 1637 3774 redux

617 3819 678 3850 ex
694 3801 880 3859 Africa,
903 3798 964 3846 de
982 3801 1258 3865 repetundis
1276 3812 1526 3851 accusatus
1544 3816 1635 3864 est,

617 3892 666 3928 et
690 3880 861 3928 Cicero
881 3879 935 3925 in
952 3878 1095 3944 epist.
1125 3880 1188 3928 ad
1211 3880 1426 3930 Atticum
1450 3882 1637 3947 signifi-

624 3959 750 4008 cavit
788 3975 838 4006 se
865 3958 916 4004 in
958 3972 1016 4005 eo
1054 3974 1181 4015 esse,
1220 3971 1278 4008 nt
1306 3977 1396 4025 pro
1429 3961 1636 4012 Catilina

620 4050 795 4106 ageret.

696 4137 772 4170 ιο.
805 4122 959 4185 Quum
990 4128 1040 4164 ec
1060 4116 1174 4187 civis
1199 4118 1320 4166 mihi
1342 4119 1508 4168 bonus.
1533 4123 1636 4169 To-

1720 3495 1861 3541 ritate
1891 3493 2112 3543 Catilina
2146 3496 2462 3555 conjunctum
2479 3529 2494 3554 ,
2530 3509 2752 3558 persaepe

1722 3572 2021 3634 deliravisse,
2040 3573 2171 3621 miris
2185 3572 2582 3638 perplexionibus
2599 3570 2753 3631 illius,

1722 3666 1877 3714 neque
1904 3667 2130 3715 umquam
2156 3653 2276 3699 certi
2297 3652 2561 3717 quidquam
2584 3653 2635 3699 in
2660 3651 2752 3700 illo

1722 3729 1919 3793 ingenio
1934 3731 2340 3796 comprehendere
2354 3731 2571 3794 potuisse
2583 3766 2599 3788 ‚
2615 3741 2715 3779 ete.
2726 3753 2753 3773 ιι

1798 3824 1879 3857 11.
1923 3810 2111 3859 Ernest.
2155 3827 2183 3858 e
2231 3812 2510 3871 conjectura
2530 3844 2549 3871 ,
2584 3810 2749 3874 hujus.

1722 3889 1756 3935 J
1762 3924 1774 3937 .
1797 3890 1859 3939 V.
1889 3890 1944 3937 L.

1794 3968 1912 4015 VII.
1943 3984 1988 4018 1.
2016 3969 2192 4032 Itaque
2207 3986 2240 4016 a
2260 3968 2544 4016 maledictis.
2573 3968 2634 4015 ld
2649 3981 2750 4028 est,

1724 4054 2036 4109 posteaquam
2069 4048 2216 4111 igitur
2229 4047 2505 4095 advertistis
2537 4058 2751 4095 vestrum

1726 4122 1788 4171 de
1837 4123 2139 4188 impudicitia
2205 4126 2515 4176 maledictum
2567 4127 2753 4175 nullius
