2994 4778
645 443 1027 513 ORATIO
1082 445 1282 512 Pno
1333 446 1423 532 Q.
1475 445 1954 516 LIGARIO.
2232 436 2369 517 585

329 569 453 638 IV.
509 562 700 654 Quid
758 577 997 634 autem
1046 563 1238 634 aliud
1285 567 1601 663 egimus,
1644 564 1978 652 Tuber-0,
2034 570 2172 639 nisi
2239 583 2323 639 ut
2353 624 2372 656 ,

231 674 435 772 quod
472 673 589 743 hic
626 686 899 770 potest,
937 698 1074 745 nos
1101 676 1571 771 possemus1?
1610 678 1942 766 Quorum
1982 678 2202 773 igitur
2237 682 2362 748 im-

230 787 593 883 punitas2,
626 787 880 869 Caesar,
919 797 1057 854 tuae
1094 785 1493 857 clementiae
1519 785 1672 857 laus
1712 801 1855 874 est,
1893 810 2146 857 eorum
2180 789 2375 884 ipso-

231 919 401 966 rum
438 893 527 964 ad
583 892 1077 964 crudelitatem
1122 910 1194 966 te
1243 911 1456 967 acuet·
1504 896 1783 966 oratio?
1827 907 2067 994 Atque
2119 899 2194 967 in
2235 895 2372 967 hac

234 1029 451 1077 causa
499 1003 829 1076 nonnihil
871 1003 1253 1100 equidem,
1304 1005 1638 1091 Tuber0,
1681 1020 1917 1091 tuam,
1959 1004 2087 1077 sed
2139 1006 2374 1077 multo

240 1119 462 1213 magis
504 1117 726 1213 patris
776 1111 929 1186 tui³
971 1115 1427 1215 prudentiam
1466 1116 1801 1188 desidero
1847 1143 1862 1185 :
1902 1114 2106 1211 quod
2150 1116 2375 1187 homo

237 1250 467 1323 quum
513 1225 842 1322 ingenio,
881 1238 1036 1295 tum
1082 1228 1294 1296 etiam
1340 1226 1672 1297 doctrina
1711 1225 2108 1311 excellenS‚
2143 1251 2371 1323 genus

238 1336 379 1408 hoc
416 1358 645 1406 causae
693 1333 894 1430 quod
936 1341 1161 1422 esset,
1207 1361 1360 1406 non
1406 1336 1668 1408 viderit
1688 1340 1741 1406 4.
1797 1339 2020 1421 Nam,
2060 1337 2115 1405 si
2162 1333 2370 1406 vidis-

240 1459 383 1532 set,
427 1445 687 1540 quovis
725 1441 1090 1540 profecto,
1140 1470 1357 1541 quam
1411 1447 1552 1517 isto
1609 1445 1829 1516 modo
1867 1470 1908 1515 a
1958 1458 2029 1516 te
2075 1446 2188 1543 agi
2231 1470 2377 1516 ma-

238 1555 512 1637 luisset.
550 1554 809 1650 Arguis
850 1550 1216 1625 fatentem.
1262 1560 1427 1628 Non
1463 1570 1571 1626 est
1607 1557 1792 1628 satis.
1831 1561 2139 1627 Accusas
2175 1579 2375 1642 eum,

242 1667 367 1761 qui
399 1687 686 1735 causam
714 1661 966 1751 habet,
992 1679 1151 1752 aut,
1179 1681 1262 1737 ut
1290 1692 1423 1764 ego
1450 1666 1614 1738 dico
1634 1721 1654 1755 ,
1689 1665 2057 1739 meliorem
2074 1663 2129 1756 ⁵,
2155 1689 2372 1763 quam

242 1789 360 1862 ως
409 1788 569 1861 aut,
603 1787 686 1844 ut
722 1788 804 1844 tu
843 1775 983 1861 vis,
1026 1799 1296 1872 parem.

338 1889 505 1955 Haec
561 1882 1048 1956 admirabilia⁶
1105 1903 1305 1975 sunt3
1357 1888 1481 1959 sed
1536 1886 1847 1987 prodigii
1902 1888 2180 1959 simile⁷
2245 1900 2375 1973 est,

244 1993 757 2092 quoddicam.
815 1998 983 2067 Non
1032 1995 1252 2069 habet
1300 2022 1459 2070 eam
1506 2003 1647 2069 vim
1696 1999 1828 2069 ista
1866 2002 2255 2082 accusatio,
2298 2010 2380 2066 ut

245 2109 337 2197 Q.
386 2105 708 2204 Ligarius
745 2105 1308 2198 condemnetur,
1359 2107 1483 2180 sed
1531 2125 1614 2179 ut
1664 2122 1986 2179 necetur.
2035 2112 2190 2179 Hoc
2237 2107 2379 2204 egit

246 2216 419 2288 civis
443 2241 788 2288 romanus
825 2230 993 2288 ante
1029 2231 1101 2287 te
1129 2243 1371 2289 nemu.
1416 2219 1716 2290 Externi
1744 2219 1860 2288 isti
1891 2231 2062 2287 sunt
2094 2239 2330 2288 mores
2363 2241 2378 2285 ε

246 2349 485 2425 usque
526 2325 615 2404 ad
653 2328 1075 2423 sanguinem
1112 2327 1393 2399 incitari
1437 2326 1622 2402 solet
1657 2325 1909 2399 odium
1949 2340 2074 2398 aut
2113 2325 2380 2398 levium

249 2442 707 2524 Graecorum,
765 2451 889 2509 aut
934 2438 1353 2509 immanium
1418 2437 1922 2509 barbarorum.
1976 2439 2162 2507 Nam
2201 2435 2376 2531 quid

249 2543 447 2616 aliud
479 2545 677 2642 agis?
709 2560 793 2616 ut
827 2551 1071 2617 Romae
1106 2570 1198 2619 ne
1225 2548 1366 2619 sit?
1401 2563 1482 2619 ut
1512 2548 1733 2619 domo
1771 2547 2049 2618 careat?
2085 2570 2179 2617 ne
2214 2568 2378 2615 cum

248 2658 551 2753 optimis
585 2654 969 2743 ἰωὴ-ὤας,
1000 2684 1094 2728 ne
1135 2682 1304 2729 cum
1348 2659 1491 2731 hoc
1528 2663 1606 2728 T.
1629 2657 1991 2744 Broccho,
2028 2655 2385 2726 avunculo

247 2791 420 2855 suo,
458 2792 550 2838 ne
587 2792 753 2838 cum
783 2768 940 2862 ejus
974 2766 1163 2856 filio,
1196 2767 1642 2841 consobrino
1674 2792 1808 2839 suo
1830 2822 1849 2854 ,
1881 2792 1975 2837 ne
2004 2765 2383 2836 nobiscum

250 2878 485 2947 vivat?
535 2901 630 2948 ne
665 2879 756 2948 sit
809 2879 884 2947 in
928 2881 1203 2975 patria?
1244 2883 1439 2951 Num
1478 2879 1634 2950 est?
1670 2902 1847 2949 num
1882 2891 2122 2976 potest
2165 2875 2388 2972 magis

249 3011 498 3059 carere
535 2986 648 3058 his
684 2986 1065 3075 omnibus,
1113 3014 1332 3085 quam
1380 2990 1621 3061 caret?
1660 2987 1862 3060 ltalia
1916 2985 2386 3085 prohibetur,

249 3159 367 3191 cum
430 3142 567 3190 illum
630 3143 824 3191 silentio
880 3147 1225 3207 praten-misene
1255 3159 1272 3206 ς
1434 3156 1483 3203 4.
1514 3146 1626 3194 Non
1655 3138 1854 3193 viderie)
1889 3144 2005 3192 Non
2032 3142 2386 3191 animadverte·

250 3221 403 3270 verba
432 3222 514 3269 ina
543 3233 701 3270 tamen
737 3222 908 3269 miram
942 3223 1040 3270 vim
1070 3240 1133 3271 ex
1170 3225 1274 3288 ipsa
1361 3226 1426 3275 rit
1439 3226 1531 3273 hac
1549 3224 1857 3273 accusatione
1875 3224 1994 3287 peti,
2016 3234 2075 3272 ut
2092 3223 2214 3270 civia
2236 3238 2395 3270 roma·

251 3301 489 3350 brevitate
506 3301 753 3366 possidere
773 3299 894 3347 mihi
915 3301 1157 3353 videntur.
1362 3321 1456 3352 nus
1490 3304 1630 3352 nullo
1655 3319 1747 3352 suo
1779 3303 1980 3350 crimine
2007 3312 2164 3350 morte
2199 3301 2385 3365 plecte·

328 3383 417 3428 IV.
455 3397 497 3428 1.
542 3381 647 3427 Nos
664 3397 930 3444 possemus.
964 3382 1103 3430 Bello
1143 3382 1278 3430 omni
1365 3395 1514 3433 retur.
2223 3417 2236 3433 .

255 3460 382 3508 nihil
416 3458 551 3507 aliud
586 3459 921 3524 quaesivimus,
963 3461 1053 3508 nisi
1094 3471 1150 3508 nt
1186 3462 1278 3509 hac
1439 3464 1488 3511 5.
1515 3460 1779 3511 Meliorem.
1806 3460 1933 3509 Nam
1957 3459 2211 3509 invitusin
2230 3459 2395 3508 Africa

255 3550 498 3606 potestate
522 3540 788 3588 valeremus
807 3577 823 3600 ,
852 3557 995 3603 quam
1036 3557 1169 3589 nunc
1193 3541 1279 3588 ha-
1367 3543 1623 3601 remanei13
1651 3553 1706 3590 tu
1733 3552 1902 3590 contra
1942 3540 2123 3589 bellum
2151 3539 2283 3588 ultro
2313 3556 2396 3587 ca-

255 3621 345 3668 bet
368 3620 528 3679 vietor
554 3620 729 3667 Caesar.
1366 3623 1639 3688 peaeivisti3
1673 3633 1729 3671 tu
1754 3638 1885 3670 arma
1915 3621 1967 3668 in
1995 3621 2232 3670 Caesarem
2263 3618 2393 3683 apud

334 3715 383 3747 2.
402 3701 612 3762 Quorum
622 3697 769 3762 igitur
781 3699 1282 3761 impum'tas.‘1'ubero·
1368 3702 1689 3750 Pharsalicam
1708 3703 1862 3749 aciem
1885 3700 2074 3763 gessisti
2091 3733 2106 3754 ‚
2134 3695 2270 3760 quod
2292 3696 2399 3760 qui·

256 3771 339 3819 nis
347 3781 397 3817 et
404 3768 569 3834 patris,
585 3769 765 3834 quibus
776 3786 967 3834 poenam
978 3770 1284 3831 condonasti,
1372 3780 1483 3828 dem
1519 3778 1724 3842 apitale
1766 3778 1924 3825 „0011”
1941 3812 1956 3836 ‚
1995 3793 2096 3824 non
2138 3775 2220 3823 ille
2252 3791 2397 3838 quem

259 3874 416 3924 quum
437 3859 489 3905 in
514 3859 616 3905 acie
633 3857 900 3905 Pharsalica
921 3860 1284 3922 pugnavissent.
1376 3860 1568 3906 incusas
1591 3857 1803 3905 admisit.

336 3940 387 3987 3.
416 3937 576 3985 Patris
604 3936 689 3983 eui.
723 3937 823 3999 Qui
852 3934 910 3984 fit
944 3948 998 3985 ut
1025 3938 1099 3984 vir
1126 3938 1289 3986 senior
1447 3939 1495 3985 6.
1513 3939 1633 3985 Hoec
1649 3932 2244 3997 admirabiliaNugImon
2258 3932 2402 3982 modo

261 4020 390 4065 hauc
420 4032 611 4065 canaam
641 4015 936 4079 susceperit,
968 4028 1016 4064 et
1040 4016 1285 4065 hominem
1376 4015 1640 4064 mirabilia.
1653 4017 1701 4063 J.
1718 4017 1780 4064 V.
1797 4018 1854 4063 L.

261 4097 581 4156 accusaverit,
588 4096 675 4160 qui
687 4111 879 4144 causam
886 4096 1133 4145 meliorem
1144 4112 1286 4162 quam
1450 4110 1496 4154 7.
1526 4094 1752 4163 Rrodigii
1763 4091 1911 4141 simile
1927 4101 2010 4141 esc.
2027 4092 2154 4154 Quia
2170 4092 2403 4141 rarissime

266 4175 349 4225 ille
365 4176 470 4241 ipae
487 4175 703 4225 haberet.
1378 4191 1453 4223 res
1471 4174 1579 4222 talis
1598 4175 1790 4222 evenire
1808 4172 1994 4236 potuit.
