2994 4778
606 404 751 494 490
1256 402 1356 469 M.
1407 403 1484 468 T.
1539 398 2096 471 elcmtoms

605 520 1068 593 Convocabat
1098 521 1371 608 tribus3
1412 546 1487 594 se
1524 520 2076 620 interponebat;
2121 518 2473 592 Collinam
2498 529 2559 622 ¹⁸⁰
2602 544 2747 590 no·

603 657 762 702 vam
828 632 1114 704 delectu
1181 632 1828 730 perditissimorum
1890 632 2153 703 civium
2206 627 2746 701 conscribebat.

599 746 896 832 Quanto
931 742 1049 814 ille
1096 742 1304 840 plura
1338 742 1719 828 miscebat,
1753 757 1957 814 tanto
1995 741 2187 814 hic¹¹
2211 743 2436 835 magis
2477 742 2553 809 in
2592 738 2749 810 dies

601 851 1164 924 convalescebat.
1196 853 1342 924 Ubi
1381 853 1561 931 vidit
1596 853 1819 925 homo
1860 853 1950 923 ad
1983 875 2203 923 omne
2228 849 2513 921 facinus
2548 874 2752 946 para-

601 962 954 1046 tissimus,
1003 960 1476 1035 fortissimum
1531 964 1801 1047 virum,
1859 963 2432 1034 inimicissimum
2492 985 2748 1045 suum,

601 1073 1078 1145 certissimum
1128 1074 1503 1144 consulem
1530 1126 1550 1160 ,
1601 1073 1825 1169 idque
1880 1072 2234 1144 intellexit
2295 1095 2448 1141 non
2507 1070 2745 1141 solum

605 1178 1098 1267 sermonibus,
1154 1181 1280 1255 sed
1357 1184 1575 1254 etiam
1639 1180 1997 1277 suffragiis
2056 1180 2394 1279 populi¹²
2462 1179 2741 1249 romani

605 1315 789 1389 saepe
826 1317 986 1362 esse
1024 1292 1505 1380 declaratum3
1557 1292 1791 1391 palam
1832 1316 2043 1388 agere
2085 1291 2306 1387 coepit
2329 1344 2350 1375 ,
2388 1304 2464 1360 et
2496 1301 2741 1386 aperte

606 1402 883 1489 dicere,
922 1402 1405 1477 occidendum
1442 1405 1791 1476 Milonem
1817 1398 1900 1472 ¹3.

699 1518 956 1586 Servos
1016 1529 1328 1611 agrestes
1363 1530 1435 1586 et
1473 1513 1859 1599 barbamS,
1911 1509 2179 1608 quibus
2227 1507 2442 1580 silvas
2502 1505 2736 1604 publi-

607 1627 809 1694 cas¹⁴
871 1623 1355 1721 depopulatus
1414 1640 1568 1697 erat
1594 1678 1613 1711 ,
1674 1623 2181 1717 Etruriamque
2245 1631 2584 1699 vexarat,
2650 1640 2741 1685 ex

605 1734 993 1827 Apennino
1041 1731 1468 1819 deduxerat,
1511 1756 1698 1830 quos
1740 1729 2108 1802 videbatis.
2149 1734 2291 1800 Res
2335 1742 2491 1798 erat
2531 1728 2742 1797 mini-

607 1866 722 1911 me
769 1838 1130 1910 obscura:
1197 1846 1465 1913 etenim
1523 1842 1754 1939 palam
1814 1838 2229 1923 dictitabat,
2284 1837 2741 1907 consulatum

609 1951 859 2021 Miloni
897 1952 1081 2046 eripi
1115 1977 1264 2022 uon
1305 1977 1555 2047 posse,
1591 1954 1811 2023 vitam
1840 1975 2070 2048 posse.
2117 1946 2559 2042 Significavit
2604 1946 2741 2016 hoc

609 2085 797 2157 saepe
833 2064 910 2131 in
948 2077 1236 2147 senatu;
1274 2062 1451 2133 dixit
1485 2064 1563 2132 in
1601 2062 1977 2132 concione.
2030 2060 2228 2148 Quin
2265 2060 2488 2127 etiam
2528 2061 2738 2125 Favo-

611 2168 839 2258 nio¹⁵‚
878 2169 1272 2244 fortissimo
1299 2177 1487 2260 viro,
1532 2173 1879 2268 quaerenti
1925 2195 2016 2240 ex
2049 2193 2171 2253 e0,
2210 2191 2355 2262 qua
2395 2190 2530 2263 spe
2560 2164 2741 2236 fure·

611 2295 764 2367 ret,
804 2282 1078 2353 Milone
1126 2289 1323 2372 vivo,
1369 2281 1781 2379 respondit,
1838 2278 2079 2349 triduo
2115 2275 2354 2361 illum,
2399 2275 2492 2344 ad
2551 2298 2741 2345 sum·

609 2416 810 2460 mum
869 2391 1258 2487 quatriduo
1308 2396 1739 2490 periturum.
1817 2393 2050 2479 Quam
2113 2410 2366 2457 vocem
2439 2386 2603 2481 ejus
2659 2382 2745 2454 ad

611 2503 809 2571 hunc
837 2506 932 2571 M.
968 2500 1396 2574 Catonem¹⁶
1442 2506 1680 2575 statim
1711 2501 2061 2573 Favonius
2098 2496 2380 2569 detulit.

707 2619 796 2682 X.
851 2614 1149 2683 Interim
1185 2639 1414 2710 quum
1454 2616 1670 2684 sciret
1705 2609 2036 2691 Clodius,
2073 2631 2315 2703 neque
2358 2606 2563 2676 enim
2601 2617 2749 2676 erat

611 2720 901 2792 difficile
931 2723 1109 2792 scire
1128 2778 1145 2809 ,
1177 2725 1316 2793 iter
1344 2723 1737 2809 solemne¹,
1764 2721 2198 2816 legitimum,
2228 2718 2744 2798 necessarium,

1798 2927 1875 2974 ¹5.
1914 2924 2140 2972 Favonio.
2178 2923 2284 2969 Fuit
2318 2921 2397 2968 vir
2431 2921 2746 2968 amicissimus

690 2944 770 2978 ιο.
827 2928 989 2987 Olim,
1027 2928 1272 2976 coloniam
1318 2946 1523 2986 nomm·
1567 2930 1632 2978 sl.

612 3007 770 3065 MSS,
798 3007 1068 3057 colluviem.
1095 3010 1126 3055 J
1134 3011 1228 3056 .V.
1255 3011 1308 3058 Ι..

690 3103 772 3136 11.
821 3088 932 3139 Hic.
970 3089 1163 3138 Certior
1198 3089 1480 3138 consulatus
1506 3088 1635 3138 Milo

613 3162 773 3212 fiebat.

691 3260 769 3290 12.
799 3247 967 3309 Populi
983 3249 1199 3297 romalii.
1229 3250 1357 3311 Quia
1380 3249 1560 3312 soepIus
1584 3249 1640 3296 iu

616 3322 824 3368 comitiis
859 3324 1097 3373 Milouem
1138 3327 1387 3374 consulem
1425 3325 1640 3389 populus

618 3397 940 3448 declaraverat
956 3419 971 3459 ς
988 3403 1075 3451 sed
1097 3404 1287 3452 fuerant
1318 3421 1508 3468 semper
1524 3404 1641 3452 sub-

617 3475 709 3522 lata
722 3488 836 3535 ,faut
859 3478 1006 3527 dilata
1023 3482 1238 3531 comitis.

698 3557 777 3602 13.
835 3558 1159 3606 occidendum
1215 3559 1464 3606 Milonem.
1519 3557 1641 3606 Inde

620 3643 753 3696 petet
774 3634 1001 3690 omnino,
1024 3635 1223 3682 insidias
1243 3652 1270 3681 a
1293 3635 1471 3683 Clodio
1493 3636 1639 3684 fuisse

619 3725 810 3776 paratas
822 3747 838 3768 ,
853 3727 1001 3775 quum
1015 3723 1218 3761 mortem
1233 3714 1412 3763 Miloni
1422 3714 1487 3761 ita
1505 3715 1641 3779 prior

619 3792 949 3840 intentaverit.

698 3877 780 3925 ¹4.
814 3871 968 3918 Silvas
993 3869 1239 3934 publicas.
1274 3874 1398 3936 Quae
1443 3872 1641 3938 publico

622 3958 760 3994 erant
794 3949 1002 3999 locata:
1036 3951 1124 3998 hu
1152 3963 1312 4000 autem
1352 3952 1556 4001 Clodius
1588 3953 1669 4000 in.

625 4043 765 4075 suum
807 4029 1021 4077 vertebat
1069 4028 1237 4088 usum,
1296 4031 1642 4095 latrocinioque

629 4108 695 4155 ibi
724 4108 997 4158 exercebat.

1720 3005 1922 3062 Catoni,
1942 3001 1989 3052 et
2010 3005 2115 3065 ejus
2134 3001 2421 3050 constantia:
2442 3011 2491 3048 et
2516 3000 2748 3047 doctrine

1723 3084 1942 3134 aemulus.

1799 3165 1878 3211 ιδ.
1924 3163 2062 3208 Htaenc
2108 3163 2181 3208 M.
2223 3161 2477 3207 Catonem.
2527 3159 2747 3206 Judioem

1724 3253 1964 3292 nostrum.
2004 3266 2073 3277 --
2116 3239 2305 3286 Statim.
2351 3237 2427 3284 Ne
2465 3238 2580 3299 quis
2618 3245 2747 3300 putet

1727 3320 2049 3371 intercessisse
2094 3329 2287 3382 tempus
2304 3350 2320 3372 ,
2362 3332 2466 3379 quo
2511 3316 2747 3363 Favonius

1728 3409 2117 3463 corrumperetur
2135 3410 2185 3446 et
2201 3396 2555 3444 subornaretur
2573 3395 2633 3442 ad
2652 3395 2746 3441 hoc

1728 3478 2028 3542 fingendum.

1799 3561 1866 3606 X.
1917 3573 1960 3607 1.
2013 3557 2253 3603 Solemne.
2306 3554 2434 3614 Quia
2489 3551 2753 3616 quotannis

1727 3636 1891 3685 fiebat.
1914 3661 1987 3674 —-
2014 3634 2313 3699 Legitimum.
2340 3634 2472 3694 Quia
2510 3632 2623 3694 lege
2647 3647 2755 3679 eeu·

1728 3726 1831 3763 tun
1867 3725 1994 3773 erat,
2033 3727 2089 3762 ut
2123 3729 2226 3762 nu
2252 3712 2348 3760 kal.
2383 3711 2483 3758 feb.
2511 3724 2756 3760 crearetur

1726 3807 1886 3842 novus
1896 3793 2219 3842 sacerdos.--
2234 3791 2596 3839 tva-matium.
2612 3787 2757 3853 Quod

1727 3872 1854 3920 Milo
1876 3873 2077 3920 lanuvii
2103 3871 2311 3919 dictator
2328 3880 2431 3917 erat
2446 3904 2465 3929 ,
2492 3869 2583 3917 ubi
2602 3873 2635 3918 J
2640 3884 2758 3917 uuo·

1730 3952 1805 3998 nis
1831 3952 2037 4014 Sospitae
2061 3949 2325 4013 templum,
2352 3948 2432 3995 cui
2460 3965 2490 3996 a
2519 3948 2758 3997 dictatore

1730 4044 1889 4077 novus
1922 4029 2185 4092 quotannis
2220 4027 2445 4077 non-dos
2481 4030 2755 4077 coustitue-

1730 4109 1885 4156 hamt.
