2994 4778
666 409 1050 477 onA'rlo
1103 388 1212 481 IN
1262 413 1343 479 L.
1393 413 1473 479 c.
1528 412 2004 481 PlsoNEM.
2253 410 2395 507 359

266 528 599 604 cionibus
621 527 1145 627 rempublicam
1170 545 1377 603 vexet
1395 586 1415 619 ‚
1437 556 1531 602 an
1557 531 1733 602 alios
1764 556 2021 604 vexare
2055 535 2386 630 patiatur.

264 647 379 711 An
398 654 639 738 potest
660 638 803 710 ulla
825 664 978 711 esse
995 642 1379 728 ex'cusati0‚
1404 667 1556 712 non
1579 642 1812 712 dicam
1835 643 2016 713 male
2034 648 2394 729 sentienti,

262 749 393 822 sed
434 749 716 822 sedenti
731 759 787 836 ²,
824 754 1232 835 cunctanti,
1259 751 1649 822 dormienti
1683 751 1758 822 in
1804 753 2117 821 maximo
2154 757 2394 851 reipu-

261 861 469 932 blicae
529 874 734 930 motu
784 859 1101 931 consuli?
1162 864 1471 933 Centum
1540 884 1769 958 prope
1831 885 2061 931 annos
2083 857 2111 903 ³
2168 861 2394 959 legem

266 972 523 1043 AEliam
547 985 623 1042 et
638 967 911 1041 Fufiam
935 985 1431 1058 tenueramu53
1451 970 2018 1068 quadringentos
2043 971 2395 1068 judicium

264 1084 790 1177 notionemque
810 1083 1428 1170 censoriam.Quas
1452 1081 1645 1177 leges
1659 1104 1874 1150 ausus
1893 1094 1999 1150 est
2017 1106 2163 1151 non
2183 1105 2400 1152 nemo

263 1191 647 1290 improbus
672 1245 705 1277 ,,
744 1193 984 1288 potuit
1033 1189 1322 1287 quidem
1382 1216 1598 1262 nemo
1662 1190 2062 1262 convellere
2114 1219 2129 1260 :
2178 1216 2398 1288 quam

264 1315 701 1399 potestatem
747 1301 1069 1370 minuere
1086 1305 1139 1388 4,
1174 1326 1325 1398 quo
1361 1305 1602 1372 minus
1632 1299 1724 1372 de
1765 1299 2092 1371 moribus
2136 1306 2398 1373 nostris
2496 1311 2506 1322 '

262 1412 532 1508 quinto
560 1435 858 1506 quoque
885 1434 1076 1480 anno
1102 1410 1575 1503 judicaretur,
1611 1434 1826 1479 nemo
1860 1424 2002 1480 tam
2025 1408 2251 1480 effuse
2279 1436 2398 1507 pe-

269 1521 511 1592 tulans
555 1535 853 1590 conatus
885 1533 1013 1590 est.
1055 1524 1220 1589 Haec
1252 1535 1461 1607 sunt,
1505 1545 1551 1590 o
1601 1517 1950 1602 carnifex,
2003 1521 2077 1588 in
2123 1522 2398 1617 gremio

267 1630 548 1728 sepulta
603 1629 1018 1700 consulatus
1059 1631 1184 1699 tui.
1242 1634 1677 1727 persequere
1726 1654 2092 1700 connexos
2132 1629 2244 1701 his
2289 1628 2397 1700 fu-

272 1740 568 1811 neribus
616 1739 791 1811 dies.
847 1742 986 1809 Pro
1032 1739 1326 1810 Aurelio
1380 1729 1794 1824 tribunali⁵‚
1837 1764 1930 1810 ne
1969 1741 2398 1811 connivente

263 1850 562 1948 quidem
603 1865 710 1937 te,
750 1848 948 1945 quod
989 1852 1224 1945 ipsum
1268 1864 1450 1920 esset
1493 1850 1762 1934 sceluS‚
1790 1850 1911 1919 sed
1960 1854 2168 1920 etiam
2215 1850 2397 1920 hila-

264 1964 584 2037 rioribus
618 1965 877 2045 oculis‚
913 1986 1133 2059 quam
1175 1963 1427 2034 solitus
1468 1988 1657 2048 eraS‚
1694 1967 2049 2047 intuente,
2078 1964 2398 2034 delectus

264 2097 642 2146 servorum
694 2069 1097 2143 habebatur
1150 2071 1241 2142 ab
1281 2097 1399 2159 eo,
1448 2075 1576 2169 qui
1621 2072 1802 2142 nihil
1857 2073 1990 2143 sibi
2048 2098 2393 2171 umquam

267 2208 402 2254 nec
437 2181 673 2253 facere
697 2235 717 2268 ‚
748 2205 885 2252 nec
922 2182 1070 2278 pati
1100 2196 1314 2278 turpe
1343 2181 1569 2252 duxit.
1606 2171 1822 2252 Arma
1862 2184 1934 2251 in
1966 2183 2237 2280 templo
2264 2188 2397 2254 Ca-

267 2295 480 2364 storis
513 2296 604 2386 (o
644 2291 972 2388 proditor
1008 2289 1491 2389 templorum⁶
1520 2293 1843 2363 omnium
1866 2290 1929 2386 l)
1965 2293 2253 2364 vidente
2293 2309 2395 2380 te,

268 2400 898 2475 constituebantur
910 2401 1004 2472 ab
1025 2427 1113 2473 eo
1134 2402 1434 2489 latrone,
1445 2405 1561 2473 cui
1579 2402 1930 2498 templum
1953 2403 2127 2473 illud
2148 2402 2305 2489 fuit,
2323 2418 2395 2473 te

260 2515 603 2599 consule,
642 2538 771 2584 arx
798 2513 1057 2584 civium
1091 2509 1579 2611 perditorum,
1620 2514 2159 2611 receptaculum
2199 2527 2391 2583 vete-

262 2649 427 2695 rum
480 2622 802 2694 Catilinae
840 2623 1182 2710 militum,
1234 2623 1604 2695 castellum
1657 2621 1960 2693 forensis
2004 2622 2393 2709 latrocinii,

264 2732 562 2804 bustum
603 2732 887 2828 legum⁷
928 2735 1252 2803 omnium
1288 2757 1372 2804 ac
1409 2734 1857 2829 religionum.
1895 2736 2062 2801 Erat
2095 2755 2242 2801 non
2287 2757 2401 2803 so·

340 2963 394 2996 s.
434 2946 642 2996 Sedenei.
689 2946 956 3008 Oseitsnti,
1002 2961 1107 2994 non
1151 2946 1291 2995 suxi-

262 3027 429 3075 nanti.
904 3090 908 3095 Ι

343 3108 398 3154 3.
418 3104 608 3153 Centum
626 3120 777 3170 prope
792 3120 971 3154 annos.
988 3099 1121 3152 Bene
1135 3102 1289 3168 legem

262 3183 578 3233 commendat
619 3201 645 3231 a
691 3194 957 3233 vetustate:
999 3182 1123 3231 nihil
1157 3183 1290 3231 enim

260 3263 591 3329 peficulosins
607 3297 622 3321 ,
637 3277 785 3326 qnam
811 3263 854 3309 si
879 3262 999 3326 quid
1022 3263 1076 3309 in
1101 3261 1290 3325 legibus

260 3345 546 3392 innovetur.
569 3343 648 3390 Sic
678 3358 774 3390 nos
800 3343 853 3389 in
882 3341 1186 3390 dedicatione
1204 3340 1292 3388 hu·

258 3426 338 3484 ius
356 3421 680 3473 collectionis
699 3421 920 3483 (Cu-saris
945 3421 1046 3469 vol.
1081 3422 1129 3483 1)
1168 3420 1289 3467 rela-

264 3515 368 3550 tum
421 3501 764 3565 sapientissimi
830 3500 1065 3549 Lndovici
1122 3501 1291 3546 xvm

264 3582 470 3629 verbum
518 3580 617 3643 ipsi
659 3580 1044 3628 consecravimus
1070 3595 1084 3629 ε
1142 3601 1168 3621 α
1192 3578 1291 3639 Qui

264 3660 465 3708 meliors
516 3660 642 3723 petit
662 3694 680 3717 ,
739 3670 905 3707 caveat
952 3673 1155 3722 peccare
1202 3672 1293 3704 no-

268 3739 429 3787 vando
453 3760 497 3787 u.
523 3740 620 3786 ΕΙ).

337 3826 386 3873 4.
418 3820 582 3881 Quam
601 3827 879 3879 potestatem
907 3815 1141 3864 minnere.
1175 3817 1290 3862 Stu-

266 3897 376 3944 duit
405 3908 568 3944 tamen
601 3904 889 3959 potestatem
925 3895 1051 3942 banc
1078 3895 1294 3942 minuere

267 3976 543 4022 Mamercus
556 3973 777 4021 AEmilius
795 3973 1017 4032 dictator,
1037 3972 1124 4036 qni
1139 3973 1294 4035 legem

270 4053 384 4101 tulit
399 4088 413 4111 ,
432 4063 490 4101 ut
510 4068 711 4100 censure
727 4086 742 4109 ‚
769 4068 877 4115 quae
902 4063 1014 4100 unte
1035 4069 1123 4116 per
1151 4051 1293 4115 quiu-

269 4134 535 4194 qnenninm
560 4129 832 4192 gerebatur,
857 4131 970 4178 anni
990 4142 1037 4178 et
1058 4145 1140 4178 sex
1160 4145 1298 4176 men-

1376 2948 1502 2996 sium
1542 2947 1703 3012 spatio
1742 2945 1965 2995 finiretur
1999 2946 2140 3012 (vide
2175 2948 2276 2994 Liv.
2306 2949 2396 3007 lv,

1378 3028 1491 3091 ²03
1519 3026 1676 3076 donec
1702 3026 1754 3074 id
1781 3027 1945 3075 denuo
1976 3027 2026 3074 vi
2062 3026 2268 3091 quadam
2305 3029 2396 3075 im-

1370 3117 1616 3153 mutatum
1631 3106 1724 3153 suit
1738 3105 1798 3152 ab
1817 3106 1983 3169 Appio
2002 3104 2209 3153 Claudio
2234 3106 2394 3160 Caeco.
2453 3124 2464 3141 ·

1450 3187 1499 3233 5.
1530 3186 1621 3231 Pro
1646 3183 1850 3231 Aurelio
1874 3183 2120 3230 tribunali.
2155 3187 2211 3230 In
2242 3184 2399 3233 tribu-

1374 3262 1500 3324 nali,
1541 3262 1675 3326 qnod
1716 3260 1778 3308 ab
1814 3261 2014 3309 Aurelio
2048 3261 2193 3309 Cotta
2221 3278 2400 3312 nomeu

1376 3352 1648 3405 acceperat.
1668 3344 1777 3389 Hoc
1810 3351 1910 3388 erat
1941 3340 1992 3387 in
2024 3341 2136 3388 foro
2161 3343 2399 3391 constitu·

1378 3430 1481 3469 tum
1496 3455 1511 3478 ‚
1541 3436 1635 3483 qua
1671 3429 1809 3484 parte
1849 3418 2101 3482 plebecula
2136 3421 2397 3469 convenire

1378 3499 1601 3560 solebat;
1624 3499 1739 3546 inde
1758 3497 1948 3562 populo
1968 3497 2111 3545 verba
2133 3499 2397 3557 faciebant,

1379 3581 1465 3643 qui
1505 3576 1767 3626 seditiones
1804 3577 1989 3639 aliquas
2025 3577 2190 3645 fovere
2224 3589 2274 3627 et
2298 3595 2404 3626 sus-

1379 3659 1529 3706 citare
1555 3656 1607 3704 in
1634 3666 1846 3704 mentem
1871 3655 2133 3704 habebant.

1451 3738 1501 3783 6.
1532 3737 1576 3783 0
1590 3735 1814 3798 proditor
1837 3735 2126 3798 templorum
2151 3736 2366 3783 omnium
2383 3740 2403 3783 .'

1380 3815 1482 3876 Qui
1500 3814 1732 3876 templum
1751 3814 1965 3862 Castoris
1978 3845 1993 3868 ,
2017 3825 2066 3860 et
2083 3812 2238 3861 aedem
2255 3814 2402 3879 Nym-

1380 3892 1614 3955 pharum,
1648 3902 1701 3938 ut
1729 3906 1755 3937 a
1780 3892 1958 3939 Clodio
1999 3891 2405 3951 incenderentur,

1383 3968 1660 4034 prodidisti.

1457 4065 1507 4107 7.
1536 4050 1730 4093 Bustmn
1760 4048 1921 4110 legum
1958 4048 2172 4094 omnium
2200 4065 2262 4095 ac
2289 4049 2407 4096 reli·

1383 4126 1608 4192 giomam.
1638 4126 1752 4185 Quo
1779 4123 1961 4188 templo
1987 4140 2013 4171 s
2043 4124 2287 4171 seditiosis
2322 4140 2409 4170 oc-
