2994 4778
674 416 1055 485 ORATIO
1107 416 1311 485 PRO
1359 417 1433 485 Ρ.
1486 416 1898 489 SEXTIO.
2201 442 2324 490 ιιι

224 534 490 606 civIbus
522 533 971 608 stabiliverat
999 566 1057 605 x.
1088 534 1344 609 Millies
1379 551 1795 611 revocatum
1823 553 1951 611 est.
1982 543 2336 617 Parumne

225 644 605 717 videbatur
647 646 1007 743 populum
1046 668 1425 717 romanum
1459 644 1824 740 judicare,
1872 648 1947 719 id
1982 672 2023 719 a
2055 675 2215 740 me,
2263 667 2340 725 et

225 782 267 825 a
294 771 544 828 senatu
580 780 739 831 esse
772 756 1308 843 constitutum⁴‚
1346 754 1548 851 quod
1574 756 1839 854 perditi
1879 758 2065 831 cives
2103 761 2338 837 subla·

221 881 365 936 tum
396 890 539 963 per
582 890 725 938 nos
763 863 1420 938 criminabantur-⁵?

302 978 718 1047 Maximum
764 1000 938 1047 vero
991 976 1246 1073 populi
1292 976 1573 1047 romani
1616 974 1964 1069 judicium
2010 980 2342 1054 universo

216 1110 558 1158 consessu
592 1084 1016 1183 gladiatorio
1045 1085 1485 1159 declaratum
1507 1099 1636 1157 est.
1667 1091 1835 1159 Erat
1862 1088 2057 1157 enim
2082 1111 2345 1162 munus

215 1199 577 1295 Scipionis
590 1193 650 1284 ὅ,
680 1195 979 1292 dignum
1018 1211 1093 1269 et
1127 1221 1216 1267 eo
1252 1196 1447 1293 ipsn,
1480 1211 1553 1268 et
1595 1196 1719 1268 illo
1746 1198 1837 1286 Q.
1869 1197 2196 1287 Metello,
2229 1201 2347 1273 cui

219 1308 530 1380 dabatur
550 1320 606 1376 7.
642 1307 729 1380 Id
765 1321 1003 1378 autem
1035 1306 1417 1404 spectaculi
1449 1330 1675 1402 genus
1707 1321 1891 1394 erat,
1917 1307 2116 1405 quod
2145 1311 2348 1382 omni

220 1417 677 1515 frequentia,
714 1432 932 1513 atque
962 1417 1160 1487 omni
1201 1439 1465 1513 genere
1501 1414 1880 1487 hominum
1916 1416 2343 1507 celebratur,

222 1553 366 1624 quo
418 1525 822 1599 multitudo
864 1527 1170 1598 maxime
1219 1525 1634 1598 delectatur.
1699 1530 1785 1598 In
1822 1526 2017 1598 hunc
2057 1550 2347 1603 conses-

222 1663 378 1710 sum
425 1644 507 1710 P.
550 1637 870 1725 Sextius„
918 1634 1255 1708 tribunus
1294 1633 1561 1732 plebis,
1600 1659 1828 1731 quum
1872 1651 2113 1733 ageret
2166 1638 2348 1715 nihil

223 1746 411 1818 aliud
452 1748 533 1817 in
565 1770 658 1817 eo
695 1747 1150 1842 magistratu,
1187 1745 1324 1816 nisi
1362 1768 1593 1816 meam
1627 1768 1956 1833 causam,
1995 1749 2236 1837 venit,
2271 1762 2351 1821 et

225 1882 293 1927 se
326 1856 614 1955 populo
649 1853 850 1926 dedit
872 1907 891 1942 ‚
933 1878 1083 1925 non
1133 1853 1422 1951 plausus
1453 1852 1845 1951 cupiditate
1873 1906 1893 1941 ‚
1938 1854 2064 1929 sed
2099 1870 2183 1929 ut
2213 1858 2351 1955 ipsi

225 1968 497 2037 inimici
541 1965 774 2036 nostri
823 1962 1270 2035 voluntatem
1318 1965 1637 2035 universi
1687 1964 1942 2062 populi
1993 1966 2342 2041 viderent.
2445 2036 2450 2039 .

225 2079 475 2162 Venit,
517 2089 603 2145 ut
635 2074 872 2162 scitis,
910 2071 1000 2142 ad
1044 2071 1452 2143 columnam
1493 2067 1886 2145 Maeniamss.
1931 2076 2201 2149 Tantus
2237 2091 2350 2151 est

226 2210 308 2257 ex
349 2182 706 2257 omnibus
742 2180 1163 2280 spectaculis
1196 2205 1427 2278 usque
1467 2205 1510 2251 a
1551 2175 1940 2277 Capitolio,
1985 2198 2237 2257 tantus·
2260 2210 2350 2261 ex

228 2292 362 2363 fori
400 2290 790 2365 mucelliso
833 2289 1124 2387 plausus
1150 2291 1534 2377 excitatus,
1571 2305 1652 2360 ut
1688 2314 2083 2387 numquam
2118 2296 2349 2391 major

232 2408 648 2491 consensiO,
689 2416 813 2473 aut
845 2401 1160 2499 apertior
1187 2400 1441 2499 populi
1484 2402 1763 2472 romani
1792 2405 2104 2478 universi
2131 2403 2348 2480 fuisse

232 2513 379 2584 ulla
406 2516 481 2583 in
504 2537 721 2586 causa
748 2512 1131 2583 diceretur.
1163 2509 1304 2583 Ubi
1335 2524 1540 2582 eraut
1580 2525 1737 2581 tum
1770 2510 1873 2583 illi
1911 2517 2348 2588 concionum

237 2623 761 2709 moderatores,
829 2620 1071 2717 legum
1157 2620 1432 2691 domini
1461 2672 1482 2706 ,
1550 2620 1812 2691 civium
1886 2621 2353 2719 expulsores?

231 2734 494 2805 aliusne
531 2747 639 2803 oet
681 2730 938 2827 aliquis
974 2728 1322 2826 improbis
1363 2728 1644 2799 civibus
1689 2731 2068 2827 peculiaris
2119 2756 2351 2832 popu-

232 2844 373 2931 lus,
420 2844 540 2914 cui
584 2865 726 2911 nos
774 2837 1036 2910 offensi
1080 2839 1433 2934 invisique
1476 2835 1872 2911 fuerimus?

319 2956 502 3023 LIX.
540 2947 896 3046 Equidem
932 2948 1260 3020 existimo
1282 3001 1304 3036 ,
1344 2947 1644 3036 ⁴:mullum
1687 2963 1973 3046 tempus
2011 2974 2165 3034 esse
2205 2949 2348 3022 fre·

228 3190 527 3242 nomin-vit:
545 3189 677 3254 quod
693 3199 748 3238 ut
765 3186 1246 3251 Brutus,Tarquinio
1392 3161 1457 3233 ο6.
1489 3185 1743 3249 Scipionis.
1787 3187 1886 3250 Qui
1909 3203 1938 3235 a
1967 3186 2171 3237 Metello
2196 3188 2355 3240 filei-at

231 3289 334 3337 rege
372 3271 546 3337 pulso,
572 3273 643 3318 sic
668 3268 842 3318 Cicero
857 3303 877 3328 ‚
913 3268 1246 3327 conjuratione
1329 3264 1611 3327 adoptatum
1631 3263 1874 3327 filiamque
1889 3264 2060 3313 habuit
2077 3266 2352 3317 Corneliam

232 3368 481 3417 oppressa,
522 3349 795 3398 libertatem
839 3346 1027 3395 civibus
1056 3344 1245 3395 mbili-
1332 3343 1552 3407 Pompeii
1572 3360 1795 3393 morem.

235 3441 374 3480 verat.
1403 3437 1456 3486 7.
1481 3423 1722 3472 Dabaeeer.
1757 3425 1872 3473 Non
1906 3426 2065 3474 statim
2096 3439 2213 3491 pont
2236 3427 2353 3476 obi-

296 3519 345 3565 4.
374 3511 441 3557 Ec
483 3525 519 3555 a
565 3516 744 3555 senatu
784 3520 891 3553 esse
919 3503 1246 3553 constitutum.
1336 3512 1470 3562 tum,
1509 3505 1561 3551 in
1589 3503 1826 3552 honorem
1857 3503 2061 3567 alicuju·
2092 3505 2198 3555 ludi
2228 3507 2355 3557 αἰο-

239 3590 339 3636 noe
364 3601 434 3636 est
451 3623 467 3647 ‚
498 3586 777 3634 nherm-
810 3600 841 3632 ι
884 3600 961 3633 me
997 3598 1099 3631 ene
1132 3598 1252 3631 con·
1335 3579 1616 3630 habentur.

238 3677 473 3714 servatam.
1410 3660 1458 3709 8.
1495 3661 1779 3711 Columnam
1813 3661 2065 3710 Moeniam.
2103 3663 2260 3712 Locu-
2291 3680 2356 3712 ex

311 3746 353 3791 5.
379 3744 794 3793 criminabamur.
821 3743 925 3790 Hoc
947 3750 1107 3788 mente
1132 3739 1250 3790 Clo·
1337 3755 1462 3803 quo,
1476 3751 1533 3788 ut
1547 3750 1748 3790 testatur
1760 3741 2028 3802 Asconius,
2045 3740 2151 3789 ludi
2169 3752 2358 3806 specta·

245 3822 351 3871 dim
370 3841 423 3871 ex
438 3824 604 3872 diruta
624 3820 877 3871 Ciceronis
904 3818 1054 3867 domo
1090 3818 1254 3866 Liber—
1339 3818 1534 3867 bantur.

245 3901 333 3948 uti
367 3903 590 3967 templum
636 3898 928 3957 aedificavit,
968 3909 1024 3945 ut
1056 3897 1253 3946 libertas
1410 3912 1459 3959 9.
1485 3897 1601 3944 Fon’
1625 3896 1873 3946 cancellis.
1891 3896 2232 3956 mud‚mu1tis
2250 3899 2357 3948 aliis

236 3969 381 4043 ‘pulso
404 3998 457 4030 eo
480 3981 568 4045 qui
591 3977 901 4044 tyrannidem
922 3978 976 4024 in
998 3977 1253 4025 consulatu
1338 3975 1461 4023 locis
1490 3974 1807 4033 juvantibus,
1847 3974 2132 4036 confirmat,
2166 3993 2272 4025 nou
2307 3977 2361 4024 in

237 4072 512 4108 exercuerat
538 4058 758 4106 restituta
775 4089 790 4114 ,
816 4066 865 4104 et
892 4055 944 4102 in
970 4066 1255 4120 perpetuum
1292 4049 1295 4056 ’
1342 4053 1502 4110 circo,
1529 4053 1613 4101 sed
1643 4054 1696 4102 in
1720 4055 1829 4104 foro
1856 4055 2177 4120 gladiatorum
2215 4055 2363 4105 ludos

233 4139 503 4187 consularis
520 4147 737 4204 potestas
756 4149 984 4201 oppressa
1000 4133 1255 4185 videretur.
1344 4131 1589 4182 celebrari.
