2994 4778
568 441 950 509 ORATIO
1000 442 1200 511 PRO
1251 442 1327 510 C.
1373 443 1457 507 R.
1515 440 2034 509 POSTUMO.

2215 440 2358 525 443

234 587 567 650 monere,
617 577 735 649 ut,
782 587 1014 662 quum
1071 563 1184 634 lex
1233 563 1469 658 aliqua
1504 563 1925 633 recitaretur
1941 558 1996 647 ⁶,
2043 564 2356 659 primum

230 697 524 743 versum
560 673 963 745 attenderet
1000 700 1016 742 :
1054 675 1112 742 si
1143 687 1330 743 esset
1355 670 1702 759 dictator,
1738 671 2027 759 consul,
2067 687 2361 770 praetor,

234 784 577 879 magister
629 786 989 878 equitum,
1055 807 1148 852 ne
1202 780 1590 871 laborarem
1645 782 1855 852 sciret
1913 780 2090 852 nihil
2142 782 2230 853 ad
2286 807 2362 854 se

235 894 637 988 pertinere3
675 893 785 961 sin
819 905 1093 978 autem,
1138 917 1566 977 chtmomz
1609 918 1780 964 pos‘r
1817 917 2015 964 nme
2052 918 2288 964 LEGEM
2306 906 2360 978 ⁷,

237 1001 539 1089 videret,
569 1027 663 1073 ne
689 1026 836 1098 qua
868 1027 1049 1073 nova
1075 1005 1472 1098 quaestione
1503 1003 1931 1100 alligaretur.
1963 1006 2177 1074 Nunc
2203 1027 2365 1090 νοε,

237 1114 521 1208 equites
576 1115 890 1196 romani,
931 1110 1186 1183 videte.
1246 1114 1485 1201 Scitis»,
1538 1138 1655 1184 me
1705 1104 1992 1184 ortum⁸
2035 1138 2075 1184 e
2116 1112 2364 1201 vobis;

238 1227 488 1292 omnia
523 1245 806 1318 semper
841 1223 1186 1292 sensisses
1231 1246 1365 1320 pro
1404 1222 1609 1293 vobis
1642 1251 1657 1293 ε
1696 1223 1876 1293 nihil
1910 1224 2172 1295 horum
2214 1224 2365 1294 sine

243 1356 501 1428 magna
543 1356 708 1402 cura
747 1344 821 1402 et
863 1356 1144 1402 summa
1193 1335 1484 1404 caritate
1525 1337 1738 1405 vestri
1771 1332 2043 1406 ordinis
2080 1335 2365 1432 loquor.

238 1566 461 1616 Glaucia.
490 1568 540 1612 Is
561 1564 654 1614 ruit
679 1582 778 1630 quo
802 1567 1086 1615 Saturninus
1107 1567 1258 1615 maxi·

240 1663 317 1693 me
343 1662 458 1692 usus
488 1655 560 1693 est
587 1646 640 1693 in
671 1647 908 1695 seditione
935 1648 1018 1695 illa
1042 1648 1255 1704 nef-fia,

240 1724 308 1772 ob
358 1740 505 1788 quam
558 1740 671 1771 cum
727 1727 987 1786 conjuratis
1032 1726 1257 1773 omnibus

239 1804 386 1850 Marii
412 1820 519 1852 cos.
543 1819 690 1868 opera
709 1804 990 1852 interfectus
1013 1816 1100 1853 est.
1133 1806 1256 1852 Eum

240 1883 415 1932 Cicero
438 1882 525 1931 lib.
563 1883 622 1930 de
645 1883 850 1931 Oratore
887 1886 987 1942 111,
1013 1900 1101 1948 per
1123 1883 1258 1931 simi·

240 1961 497 2009 litudinem
510 1974 688 2010 stercus
705 1962 863 2010 Curiae
875 1962 1104 2027 appellari
1118 1978 1261 2027 posse

237 2040 447 2088 affirmat
463 2077 477 2099 ‚
503 2042 595 2087 nisi
624 2041 854 2089 deformis
877 2053 1001 2090 esset
1028 2042 1262 2105 cogitatio

237 2120 589 2168 similitudinis.
611 2123 669 2167 In
699 2120 827 2167 libro
854 2122 939 2184 qui
970 2122 1148 2169 Brutus
1178 2136 1263 2184 ap·

240 2199 463 2263 pellatur,
494 2220 516 2241 ι
541 2198 686 2263 longe
711 2210 895 2254 autem,
931 2200 1117 2262 inquit,
1151 2208 1265 2262 post

240 2288 384 2325 natos
405 2278 633 2325 homines
655 2276 1036 2340 improbissimus
1064 2277 1123 2324 C.
1151 2278 1262 2324 Ser-

241 2358 387 2406 vilius
437 2358 640 2406 Glaucia
655 2393 670 2416 ,
695 2356 779 2404 sed
805 2368 1061 2421 peracutus
1095 2366 1144 2405 et
1166 2354 1263 2404 cal-

239 2437 404 2496 lidus,
432 2437 810 2501 cumprimisque
840 2436 1099 2494 ridiculus,
1135 2437 1177 2483 is
1202 2452 1264 2484 ex

236 2517 444 2564 summis
482 2528 532 2565 et
569 2517 777 2564 fortuuae
806 2527 854 2564 et
889 2516 1003 2563 vitm
1039 2515 1263 2563 sordibus

235 2613 299 2643 ex
321 2608 533 2659 praerura
564 2596 734 2643 consul
764 2596 918 2642 sactus
942 2606 1091 2650 esset,
1124 2595 1165 2641 si
1189 2612 1263 2642 ra-

235 2676 423 2722 tionem
464 2675 568 2734 ejus
600 2674 784 2722 haberi.
811 2674 955 2721 licere
991 2672 1263 2735 judicatum

233 2765 382 2802 esset.
400 2754 446 2800 N
448 2768 526 2800 am
543 2763 592 2800 et
611 2753 799 2818 plebem
816 2752 1036 2811 tenebat,
1054 2763 1102 2800 et
1119 2768 1263 2816 eque-

234 2846 388 2882 strem
415 2832 636 2879 ordinem
673 2830 911 2880 beneficio
945 2831 1064 2895 legis
1097 2832 1265 2880 devin-

237 2923 381 2961 xerat
409 2933 453 2961 ι.

314 2993 373 3038 6.
415 2992 567 3053 Quum
607 2991 689 3040 Iex
724 2990 1026 3039 recitaretur.
1072 2990 1266 3039 Solebat

236 3072 378 3118 enim
415 3069 698 3118 trinundino
727 3070 1025 3135 promulgari
1053 3070 1133 3117 lex
1151 3106 1167 3131 ,
1208 3080 1265 3118 ut

234 3150 328 3214 qni
353 3148 501 3196 vellet
523 3149 842 3197 intercederet
857 3183 872 3205 ,
897 3159 946 3196 et
968 3149 1158 3197 nemine
1183 3150 1265 3196 in-

234 3227 520 3277 tercedente
534 3227 600 3275 ad
620 3227 862 3291 populum
879 3227 1098 3276 ferretur.

315 3324 369 3369 7.
427 3305 726 3371 Quicumque
763 3317 877 3370 post
916 3306 1047 3355 hanc
1090 3308 1262 3371 Iegem.

235 3387 404 3434 Verba
425 3385 504 3433 illa
527 3386 715 3451 populo
738 3386 788 3432 in
816 3386 1012 3449 primis,
1032 3397 1089 3435 ut
1115 3385 1266 3433 Glau-

237 3469 314 3514 cia
347 3464 692 3530 praecipiebat,
718 3465 974 3529 spectanda
1001 3475 1266 3513 occurrunt

237 3547 293 3593 iu
304 3546 416 3608 lege
427 3560 457 3591 a
473 3546 704 3591 Frontino
722 3555 922 3592 servata.
938 3547 1053 3606 Ejus
1073 3545 1266 3593 initium

236 3625 376 3688 apud
417 3625 716 3672 Brissonium
762 3623 824 3671 de
861 3622 1081 3671 formulis
1113 3625 1148 3672 l.
1184 3627 1262 3685 11,

237 3721 292 3769 p.
324 3711 440 3762 141,
466 3705 536 3751 sic
555 3719 831 3767 expressum
849 3703 1058 3767 legitur:
1088 3722 1109 3746 ιι
1128 3704 1268 3751 Titus

236 3783 457 3845 Quintus
484 3782 739 3847 Crispinus
774 3797 873 3829 cos.
901 3781 1139 3847 populum
1159 3782 1268 3841 jure

239 3863 458 3926 rogavit,
479 3862 793 3926 populusque
804 3863 913 3923 jure
926 3861 1068 3909 scivit
1088 3861 1138 3906 in
1159 3861 1268 3906 foro

237 3958 335 4007 pro
362 3942 555 3989 Rostris
581 3943 646 3988 A.
676 3941 742 3989 D.
771 3943 824 3987 P.
851 3941 913 3988 R.
945 3942 1011 3987 R.
1041 3942 1083 3988 1.
1115 3938 1268 3985 tribus

239 4022 404 4085 Sergia
423 4020 726 4087 principium
749 4020 870 4076 suit3
899 4036 992 4084 pro
1012 4019 1142 4067 tribu
1160 4020 1269 4067 Sex.

241 4103 301 4148 L.
352 4105 399 4151 F.
438 4101 616 4148 Varro.
654 4098 963 4162 Quicumque
997 4108 1109 4162 post
1145 4098 1269 4145 hane

241 4181 396 4245 legem
416 4191 644 4246 rogatam
663 4177 815 4239 rivos,
830 4193 1019 4242 specus,
1035 4176 1269 4246 ἴοι-αἰψ’,

1345 1566 1531 1616 fistulas
1544 1603 1560 1629 ‚
1581 1569 1798 1629 castella,
1824 1569 2024 1618 tubulos
2036 1606 2050 1629 ‚
2069 1570 2204 1619 lacus
2220 1587 2366 1636 aqua·

1345 1664 1451 1695 rum
1487 1646 1791 1711 publicarum
1809 1683 1824 1708 ,
1851 1665 1961 1713 qum
1986 1649 2049 1696 ad
2074 1649 2242 1698 urbem
2271 1651 2365 1699 du·

1344 1736 1552 1786 cuntur,
1585 1742 1807 1775 earumve
1843 1744 2017 1792 quam,
2054 1729 2210 1777 sciens
2245 1729 2363 1778 dolo

1344 1805 1472 1853 malo
1491 1805 1735 1867 furaverit,
1750 1810 1950 1871 ruperit,
1960 1809 2131 1868 forare,
2145 1824 2368 1873 rumpere

1346 1885 1588 1933 curaverit
1605 1920 1620 1943 ‚
1652 1886 1962 1950 pejoremque
1996 1889 2183 1936 fecerit.
2206 1923 2218 1937 .
2239 1923 2254 1938 .
2275 1923 2289 1937 .
2326 1890 2369 1937 is

1348 1980 1471 2029 pop.
1506 1980 1631 2014 rom.
1677 1966 1717 2013 C
1769 1965 1921 2013 millia
1964 1966 2075 2015 dare
2116 1966 2370 2017 damnatm

1350 2053 1454 2090 esto
1474 2065 1517 2092 a.

1422 2123 1471 2169 8.
1517 2121 1687 2179 Scitis,
1726 2138 1802 2169 me
1839 2134 2018 2170 ortum.
2046 2123 2370 2185 Plini-unffi.

1350 2203 1608 2259 xxxm,
1647 2217 1754 2265 cap.
1793 2218 1894 2250 aa:
1931 2202 2169 2251 -Marcus
2198 2205 2370 2254 Cicero

1351 2279 1543 2327 demum
1578 2280 1809 2327 stabilivit
1841 2291 2063 2343 equestre
2100 2298 2280 2332 nomen
2318 2284 2370 2331 in

1350 2358 1607 2406 consulatu
1626 2373 1745 2421 suo,
1770 2359 1815 2406 ei
1838 2370 2057 2408 senatum
2080 2362 2370 2424 concilians,

1350 2454 1413 2485 ex
1435 2453 1496 2485 eo
1522 2453 1573 2484 se
1600 2438 1772 2486 ordine
1799 2441 2084 2503 provectu‘m
2112 2458 2214 2489 esse
2239 2443 2368 2489 cele-

1349 2517 1493 2565 brans
1507 2553 1522 2576 ,
1543 2518 1742 2581 ejusque
1766 2519 1890 2566 vires
1909 2520 2137 2583 peculiari
2166 2522 2371 2585 popula·

1349 2597 1487 2645 ritate
1515 2613 1734 2660 quaereus
1750 2620 1793 2645 a.

1420 2689 1472 2739 9.
1528 2674 1705 2722 Omnia
1738 2691 1926 2741 semper
1955 2674 2169 2725 sensae'sse.
2211 2677 2370 2726 Multa

1350 2765 1485 2802 erant
1514 2753 1766 2803 Ciceronis
1794 2755 1849 2803 in
1880 2757 2067 2818 equites
2098 2753 2366 2818 beneficia,

1348 2850 1458 2897 quae
1482 2845 1650 2881 notare
1678 2835 1875 2894 maluit,
1902 2851 2046 2898 quam
2070 2851 2366 2883 commemo·

1348 2912 1503 2961 raudo
1517 2912 1880 2976 quodammodo
1890 2915 2187 2979 exprobrare
2200 2914 2371 2961 videri.

1348 2993 1443 3041 Sed
1486 2992 1540 3040 in
1581 3004 1750 3056 quarta
1801 2995 2077 3043 Catilinaria
2128 2994 2280 3041 fusius
2316 3008 2370 3040 ea

1349 3083 1726 3121 commemorat:
1755 3095 1779 3115 .-
1798 3072 1934 3134 Quid
1960 3088 2053 3136 ego
2078 3072 2159 3120 hic
2185 3071 2371 3135 equites
2429 3062 2435 3068 ⁸

1349 3166 1577 3199 romanos
1599 3167 1969 3199 commemorem
1985 3153 2007 3198 ?
2029 3152 2115 3215 qui
2144 3152 2283 3199 vobis
2306 3153 2371 3201 ita

1348 3245 1585 3277 summam
1629 3229 1817 3276 ordinis
1858 3229 2146 3293 consiliique
2198 3246 2373 3280 conce·

1351 3307 1503 3366 dunt,
1530 3319 1584 3355 ut
1605 3307 1857 3355 vobiscum
1881 3307 1942 3355 de
1959 3324 2121 3356 amore
2142 3309 2370 3374 reipubli-

1350 3403 1420 3435 cae
1448 3397 1660 3445 certent3
1688 3402 1811 3451 quos
1844 3404 1902 3437 ex
1927 3388 2191 3437 multorum
2217 3406 2375 3438 anuo·

1348 3482 1457 3515 rum
1508 3466 1803 3514 dissensione
1841 3467 1985 3528 hujus
2032 3469 2218 3518 ordinis
2240 3506 2256 3533 ,
2309 3468 2374 3518 ad

1350 3545 1629 3595 societatem
1671 3547 2082 3611 concordiamque
2120 3560 2376 3598 revocatos

1349 3625 1617 3674 hodiernus
1645 3626 1749 3673 dies
1776 3626 2027 3676 vobiscum
2045 3662 2059 3685 ‚
2097 3640 2242 3693 atque
2268 3629 2372 3676 haec

1351 3721 1492 3753 causa
1513 3705 1795 3770 conjungit3
1812 3721 1960 3768 quam
1979 3707 2372 3767 conjunctionem

1352 3785 1392 3830 si
1412 3785 1464 3831 in
1484 3783 1737 3830 consulatu
1763 3782 2093 3832 confirmatam
2117 3800 2252 3843 meo,
2270 3801 2379 3847 per·

1353 3873 1548 3924 petuam
1570 3861 1621 3907 in
1644 3860 1892 3925 republica
1912 3864 2206 3910 tenuerimus
2224 3898 2240 3924 ‚
2261 3880 2381 3912 con·

1355 3939 1496 3987 firmo
1534 3939 1672 3986 vobis
1704 3941 1907 4004 posthac
1939 3943 2118 3990 malum
2153 3943 2295 3992 civile
2321 3960 2378 3992 ac

1356 4019 1674 4068 domesticum
1693 4019 1757 4067 ad
1774 4021 1955 4069 nullam
1978 4021 2257 4086 reipublicae
2275 4038 2379 4069 esse

1356 4108 1617 4146 venturum
1648 4109 1895 4166 partem».
1929 4102 1989 4148 Et
2028 4101 2109 4148 alii
2148 4100 2378 4164 permulti

1358 4178 1455 4226 loci
1488 4189 1766 4226 occurrunt.
