2994 4778
624 373 762 459 504
1198 378 1293 443 M.
1347 379 1425 444 T.
1484 378 2072 447 CICERONIS

621 510 1183 594 contempserat,
1220 513 1301 568 ut
1344 521 1512 568 eum
1549 498 1730 568 nihil
1758 496 2180 583 delectaret,
2217 498 2421 595 quod
2463 515 2590 569 aut
2628 525 2747 597 per

620 620 949 676 naturam
985 604 1088 677 fas
1128 604 1416 685 esset¹³,
1447 621 1574 677 aut
1604 632 1734 705 per
1778 607 1971 703 leges
2001 608 2283 678 liceret?

716 715 856 786 Sed
901 717 1079 812 quid
1122 741 1256 813 ego
1301 718 1900 813 argumentor¹⁴?
1934 716 2112 814 quid
2165 717 2368 814 plura
2408 717 2749 815 disputo?

620 842 721 909 te,
744 828 834 915 Q.
869 827 1131 909 Petilli,
1157 826 1477 925 appelle,
1506 832 1860 923 optimum
1887 845 1960 898 et
1988 826 2460 898 fortissimum
2489 830 2747 907 civem;

618 950 725 1019 te,
766 939 861 1005 M.
919 940 1136 1021 Cat0,
1183 951 1440 1021 testor,
1485 961 1673 1031 quos
1719 936 1895 1008 mihi
1938 936 2180 1007 divina
2227 937 2567 1033 quaedam
2607 964 2748 1009 sors

617 1045 816 1117 dedit
866 1044 1169 1139 judiceS.
1214 1050 1357 1117 Vos
1411 1071 1502 1118 ex
1543 1051 1638 1116 M.
1683 1051 1998 1117 Favonio
2038 1045 2378 1132 audistiS,
2418 1048 2746 1119 Clodium

616 1157 752 1228 sibi
784 1156 1045 1228 dixisse
1065 1211 1085 1243 ,
1118 1171 1190 1227 et
1226 1154 1557 1241 audistiS,
1585 1161 1752 1227 vivo
1781 1157 2074 1244 Clodio,
2105 1162 2522 1255 periturum
2553 1159 2749 1229 Milo-

616 1291 782 1339 nem
821 1264 1167 1338 triduo¹⁵.
1202 1272 1369 1337 Post
1388 1266 1583 1337 diem
1612 1268 1906 1337 tertium
1925 1282 2120 1363 gesta
2149 1293 2263 1337 res
2283 1283 2398 1338 est
2419 1264 2509 1350 ¹⁶,
2535 1287 2745 1364 quam

614 1378 913 1450 dixerat.
956 1381 1200 1466 Quum
1240 1377 1357 1447 ille
1395 1401 1546 1446 non
1584 1374 1930 1447 dubitarit
1964 1377 2285 1473 aperire,
2338 1377 2520 1473 quid
2555 1381 2743 1469 cogi-

619 1503 831 1573 taret,
871 1513 999 1557 vos
1036 1488 1335 1585 potestis
1377 1485 1749 1572 dubitare,
1794 1484 1974 1582 quid
2016 1484 2315 1556 fecerit?

712 1602 937 1669 XVII.
995 1596 1622 1688 Quemadmodum
1678 1597 1896 1691 igitur
1933 1620 2100 1666 eum
2142 1595 2296 1666 dies
2351 1621 2507 1665 non
2552 1593 2739 1666 fefel-

616 1709 796 1779 lit1?
838 1710 1000 1778 Dixi
1048 1708 1382 1803 equidem
1438 1706 1678 1777 mod0.
1726 1708 2112 1777 Dictatoris
2156 1706 2520 1776 Lanuvini
2574 1720 2742 1775 stata

613 1815 996 1887 sacrificia²
1068 1841 1277 1888 nosse
1299 1871 1318 1902 ,
1392 1818 1663 1913 negotii
1734 1813 1912 1885 nihil
1980 1830 2151 1885 erat.
2198 1814 2402 1885 Vidit
2465 1839 2741 1887 necesse

615 1951 765 1997 esse
802 1927 1055 2019 Miloni
1093 1926 1449 2025 proficisci
1482 1929 1884 1998 Lanuvium
1915 1926 2038 1997 illo
2076 1928 2269 2023 ipso,
2313 1951 2471 2021 quo
2511 1924 2739 2023 profe·

612 2051 771 2108 ctus
799 2052 939 2121 est,
987 2036 1125 2108 die.
1166 2041 1421 2134 Itaque
1452 2030 1905 2108 antevertit3.
1946 2041 2036 2106 At
2068 2061 2222 2132 quo
2254 2036 2432 2106 die?
2462 2061 2626 2132 quo,
2661 2048 2739 2104 ut

612 2161 780 2218 ante
811 2146 992 2234 dixi,
1028 2144 1163 2217 fuit
1199 2149 1644 2218 insanissima
1687 2150 1946 2217 concio
1983 2144 2073 2216 ab
2112 2147 2344 2242 ipsius
2383 2170 2736 2216 mercena·

611 2259 724 2328 rio
760 2255 1108 2327 tribuno‘*
1153 2256 1383 2355 plebis
1410 2258 1764 2328 concitata
1793 2283 1814 2324 .·
1853 2279 2073 2353 quem
2102 2254 2296 2325 diem
2341 2255 2491 2339 ille,
2526 2278 2738 2351 quam

614 2366 1043 2439 concionem
1064 2422 1083 2453 ,
1119 2393 1304 2464 quos
1331 2368 1713 2454 clamores,
1755 2367 1889 2437 nisi
1917 2363 2006 2436 ad
2040 2367 2438 2463 cogitatum
2472 2364 2744 2437 facinus

618 2492 1163 2578 approperaret,
1184 2502 1584 2573 numquam
1612 2477 2038 2573 reliquisset.
2067 2481 2259 2572 figo
2290 2477 2396 2546 illi
2423 2502 2517 2547 ne
2546 2495 2745 2549 musa

618 2589 912 2686 quidem
953 2590 1265 2671 itineris,
1320 2590 1531 2658 etiam
1589 2612 1796 2658 causa
1845 2585 2183 2656 manendi
2232 2614 2248 2654 :
2299 2586 2564 2657 Miloni
2605 2611 2743 2656 ma-

617 2766 743 2813 rium
767 2763 891 2813 illud
923 2774 1055 2820 erat;
1093 2778 1183 2810 nec
1208 2760 1313 2808 ullo
1342 2761 1491 2812 inodo
1523 2778 1632 2809 reus
1720 2778 1833 2809 sane
1851 2760 2023 2824 aliquis
2043 2760 2254 2820 objicere
2276 2760 2410 2809 hauc
2436 2778 2603 2810 vocent
2632 2749 2741 2809 Clo·

617 2830 865 2892 habendus
886 2853 974 2891 est.
1723 2842 1807 2889 dio
1842 2857 1929 2904 per
1971 2840 2273 2888 iracundiam
2317 2841 2590 2896 excidim,
2641 2855 2740 2886 nou

694 2925 774 2971 13.
800 2924 897 2969 Fen·
915 2932 1049 2968 essct.
1079 2922 1203 2968 Nam
1231 2935 1446 2969 sororem
1472 2937 1630 2978 suam,
1722 2922 1859 2985 qnod
1883 2933 2016 2969 certo
2036 2921 2246 2968 consilio
2273 2938 2446 2969 necem
2471 2921 2646 2969 Miloni
2670 2921 2742 2966 in·

617 3015 669 3052 ut
694 3004 854 3050 serunt
871 3035 885 3059 ,
912 3011 1328 3064 constupraverat.
1722 3001 1843 3048 serre
1877 3002 2137 3048 statuisset.
2179 3003 2297 3048 uaec
2343 3002 2551 3048 omnino
2580 3001 2742 3056 diluit,

697 3092 774 3139 τί..
811 3081 910 3130 Sed
933 3079 1056 3144 quid
1080 3092 1409 3146 affirmanter.
1453 3079 1632 3128 Probat
1722 3098 1870 3144 quum
1918 3082 2145 3144 exposuit
2189 3096 2286 3143 qua
2334 3083 2533 3128 ratione
2581 3092 2739 3128 notun

613 3164 785 3210 Cicero
831 3161 1032 3209 Milonis
1078 3160 1336 3208 occidendi
1373 3160 1631 3207 consilium
1722 3177 1824 3208 esse
1863 3171 2030 3225 posset
2065 3159 2248 3209 Clodio
2275 3175 2374 3222 qna
2404 3159 2485 3206 die
2511 3160 2636 3206 Milo
2656 3161 2740 3206 iter

613 3241 774 3288 iniisse
793 3241 1020 3289 Clodium
1036 3256 1052 3302 ;
1078 3251 1223 3304 atque
1247 3241 1313 3289 ita
1331 3240 1568 3288 violentas
1586 3239 1629 3286 ei
1718 3251 2001 3304 capesseret.

614 3334 783 3367 manns
807 3321 984 3369 inferre
1007 3325 1281 3371 tentavisse.
1577 3383 1586 3388 „
1790 3335 1838 3365 2.
1862 3321 1999 3365 Scaea
2026 3316 2294 3384 sacrficia.
2324 3317 2453 3378 Qnae
2484 3315 2736 3380 quotannis

689 3400 767 3445 15·
782 3400 979 3447 Triduo.
1002 3403 1100 3448 Res
1119 3403 1171 3449 in
1195 3402 1470 3449 narratione
1489 3418 1632 3466 supe·
1720 3398 2102 3447 celebrabantur.

614 3479 714 3524 rius
732 3476 827 3523 snit
846 3481 1084 3541 exposita.
1794 3479 1843 3526 3.
1873 3475 2153 3525 Antevertit.
2175 3477 2425 3524 Milonem
2445 3475 2494 3521 in
2518 3475 2591 3521 ria
2617 3491 2741 3538 pra·

690 3556 767 3602 26.
794 3556 942 3602 Gesta
959 3572 1032 3602 res
1054 3567 1138 3604 ese.
1160 3557 1403 3606 occubuit
1430 3557 1635 3607 Clodius
1723 3574 1960 3621 occupare
1980 3556 2171 3605 statuit.

612 3637 705 3683 hoc
730 3636 839 3698 ipso
860 3633 938 3680 die
959 3649 1060 3696 quo
1080 3635 1317 3682 Milonem
1346 3651 1397 3681 se
1422 3650 1631 3698 oppres·
1796 3647 1840 3695 4.
1883 3637 2184 3687 Met-cenario
2230 3638 2446 3686 tribuno.
2489 3639 2558 3700 Q.
2599 3638 2751 3684 Potn-

612 3730 777 3762 surnm
791 3713 1095 3774 jactitaverat
1115 3731 1129 3774 ;
1152 3714 1311 3777 itaque
1326 3713 1464 3761 nullo
1478 3715 1628 3763 modo
1716 3717 1878 3780 peinm
1901 3717 2145 3781 intelligit,
2172 3717 2256 3780 qui
2285 3717 2388 3764 hoe
2410 3720 2521 3780 ipso
2548 3717 2628 3764 die
2649 3732 2750 3779 qno

611 3794 815 3841 dubium
836 3809 937 3841 esse
964 3803 1126 3857 potest
1143 3795 1263 3857 quin
1282 3793 1480 3842 insidias
1497 3807 1626 3844 stru·
1716 3796 1916 3846 Clodius
1941 3797 2033 3844 fnit
2064 3813 2330 3861 oppressus
2350 3831 2365 3855 ,
2390 3797 2751 3845 turbulentissi-

556 3917 565 3923 .
610 3872 751 3920 xer-it.
789 3871 1000 3921 Attende
1025 3871 1105 3919 hic
1131 3874 1273 3921 etiam
1297 3886 1474 3937 quanta
1513 3892 1627 3923 cura
1717 3894 1841 3926 mam
1860 3878 2146 3925 concionem
2174 3877 2414 3925 babuerat
2430 3913 2446 3937 ,
2471 3895 2576 3942 qna
2606 3878 2756 3925 muln

610 3961 774 3999 orator
799 3967 901 3999 rem
927 3951 1165 4014 declinet,
1204 3970 1294 4001 nec
1313 3954 1544 4004 Clodium
1561 3957 1628 4003 in·
1715 3957 2064 4005 contumeliose
2091 3969 2263 4005 contra
2287 3958 2540 4004 Milonem
2569 3975 2628 4006 ae
2646 3973 2756 4005 eon-

611 4031 862 4079 terfectum
883 4031 1028 4080 fuisse
1045 4033 1201 4096 palam
1216 4032 1519 4097 profiteatur.
1717 4047 1787 4083 tra
1825 4037 2112 4083 Ciceronem
2152 4038 2347 4084 fuerant
2381 4038 2595 4096 jactata.
2626 4036 2752 4086 Vide

680 4111 841 4160 xvn.
869 4128 910 4161 1.
943 4112 1058 4160 Diu
1094 4129 1191 4161 non
1211 4111 1415 4176 fefellit.
1435 4116 1623 4163 Poterat
1715 4130 1857 4178 supra
1885 4132 1992 4180 cap.
2021 4132 2097 4163 ιο.
