2994 4778
643 454 1043 524 ORATIO
1094 455 1301 523 PRO
1348 453 1446 522 M.
1497 454 1880 523 COELIO.
2166 453 2328 528 ‘225

204 575 439 672 poris;
476 597 699 645 nemo
726 579 963 659 testiS,
1000 598 1216 647 nemo
1245 574 1578 671 conscius
1605 575 2055 664 nominatur;
2093 591 2329 652 totum

209 686 473 754 crimen
515 681 889 780 profertur
924 708 1014 755 ex
1048 684 1374 771 inimica,
1419 708 1510 755 ex
1558 682 1843 769 infami,
1879 709 1966 756 ex
2013 686 2326 778 crudeli,

209 816 299 862 ex
346 790 786 880 facinorosa,
834 818 923 865 ex
966 791 1347 865 libidinosa
1391 792 1731 880 domo¹²;
1786 793 2046 866 domus
2088 812 2327 870 autem

205 901 344 986 illa,
359 927 523 998 quae
560 916 837 974 tentata
869 902 1135 974 scelere
1165 906 1302 975 isto
1344 902 1621 974 nefario
1654 902 1939 991 dicitur,
1977 903 2191 1002 plena
2223 922 2332 979 est

202 1012 667 1107 integritatiS‚
701 1009 956 1099 officii,
999 1013 1397 1109 religionis3
1435 1039 1524 1085 ex
1555 1038 1699 1110 qua
1736 1011 1956 1085 domo
1993 1016 2332 1088 recitatur

198 1118 405 1191 vobis
434 1119 914 1215 jurejurando
950 1120 1277 1195 devincta
1309 1126 1729 1194 auctoritas:
1771 1138 1853 1193 ut
1887 1148 2002 1195 res
2033 1124 2331 1196 minime

198 1227 600 1301 dubitanda
638 1232 713 1300 in
750 1226 1218 1303 contentione
1255 1246 1589 1329 ponatur,
1631 1246 1878 1304 utrum
1918 1237 2329 1322 temeraria,

203 1364 517 1436 procax,
563 1341 738 1410 irata
783 1341 1039 1413 mulier
1079 1339 1370 1412 finxisse
1411 1343 1688 1413 crimen
1711 1396 1731 1427 ,
1773 1367 1865 1413 an
1899 1344 2129 1439 gravis
2153 1397 2173 1430 ,
2213 1370 2326 1416 sa·

203 1450 444 1545 piens,
478 1449 1036 1548 moderatusque
1063 1451 1174 1520 vir
1197 1449 1526 1547 religiose
1554 1452 2044 1523 testimonium
2072 1450 2332 1525 dixisse

201 1557 559 1630 videatur.

297 1672 564 1739 XXIII.
630 1667 1014 1764 Reliquum
1078 1682 1184 1739 est
1244 1669 1460 1765 igitur
1517 1670 1791 1741 crimen
1851 1666 1942 1740 de
1992 1694 2275 1742 veneno
2308 1700 2324 1741 ε

204 1778 408 1872 cujus
460 1802 598 1874 ego
652 1802 889 1875 neque
949 1778 1384 1875 principium
1443 1779 1801 1865 invenire,
1848 1803 2090 1875 neque
2136 1780 2329 1857 evol-

206 1913 367 1961 vere
421 1891 699 1960 exitum
750 1912 1062 1985 possum.
1106 1890 1284 1978 Quae
1325 1885 1462 1959 fuit
1514 1889 1705 1958 enim
1747 1911 1957 1959 causa
1983 1898 2032 1974 ¹,
2068 1912 2328 1985 quam-

208 2002 455 2074 obrem
508 2004 625 2072 isti
671 2002 954 2075 mulieri
998 2025 1358 2074 venenum
1405 2001 1618 2073 vellet
1657 2000 1827 2072 dare
1872 2001 2187 2072 Coelius?
2221 2006 2329 2077 Ne

206 2136 456 2183 aurum
488 2110 874 2183 redderet?
909 2135 1085 2181 num
1123 2111 1418 2207 petivit?
1466 2114 1575 2182 Ne
1625 2115 1945 2182 crimen²
1991 2109 2330 2184 haereret?

209 2246 374 2291 num
406 2223 576 2319 quis
609 2220 918 2316 objecit?
953 2244 1132 2293 num
1166 2222 1330 2317 quis
1364 2219 1680 2317 denique
1715 2219 1996 2293 fecisset
2024 2223 2328 2293 mentio-

214 2356 414 2417 nem,
454 2335 515 2403 si
549 2332 672 2403 hic
716 2332 987 2426 nemini
1029 2355 1299 2404 nomen
1341 2327 1813 2406 detulisset3?
1862 2332 2057 2423 Quin
2112 2332 2326 2405 etiam

214 2443 649 2514 Herennium
693 2442 932 2514 dicere
968 2443 1304 2534 audistis,
1349 2440 1577 2513 verbo
1627 2466 1703 2514 se
1743 2441 2126 2512 molestum
2173 2467 2326 2513 non

212 2549 525 2623 futurum
579 2552 797 2623 fuisse
846 2553 1111 2640 Coeli0‚
1162 2552 1297 2624 nisi
1354 2551 1617 2622 iterum
1659 2550 1907 2622 eadem
1949 2549 2040 2621 de
2075 2575 2155 2620 re
2192 2575 2326 2620 suo

203 2659 523 2734 familiari
558 2661 894 2733 absoluto
929 2686 1198 2734 nomen
1232 2660 1349 2732 hic
1374 2659 1776 2758 detulisset.
1813 2656 2175 2729 Credibile
2213 2673 2325 2729 est

271 2909 356 2940 ω.
371 2894 457 2940 Ex
470 2890 697 2942 inimica.
718 2926 732 2938 .
753 2925 766 2939 .
788 2891 949 2940 domo.
969 2889 1221 2953 Loquendi
1307 2906 1358 2938 re
1372 2925 1387 2952 ,
1402 2899 1456 2938 nt
1477 2891 1676 2938 Marcus
1694 2890 1886 2938 'rullius
1904 2887 2110 2951 pan-inu
2129 2903 2328 2952 nempe,

198 2971 406 3018 formula
432 2987 575 3034 qnam
589 2970 926 3030 jurisconsulti
945 2969 1218 3033 frequenter
1306 2978 1363 3015 nt
1385 2967 1450 3014 tit
1472 2967 1736 3016 Leontinus
1760 2967 1964 3030 Gorgias
1989 2968 2041 3013 in
2064 2965 2329 3015 Pnlnmedis

197 3061 453 3113 usurpant.
475 3050 647 3096 Paulus
664 3052 728 3100 D.
752 3048 812 3096 de
833 3048 1065 3097 testibus:
1092 3049 1218 3096 «Te-

190 3140 288 3176 sta
313 3144 409 3176 eos
430 3139 817 3190 quoeaecusator
842 3126 903 3175 de
928 3126 1078 3175 domo
1100 3141 1216 3190 pro·

193 3206 413 3264 duxerit,
426 3207 706 3271 interrogari
720 3223 821 3255 non
838 3205 1022 3270 placuit
1033 3226 1075 3251 n.
1091 3206 1215 3253 Item

193 3288 437 3350 Ulpianus
455 3286 663 3334 ibidem:
694 3307 716 3329 e
734 3285 858 3333 nihil
876 3294 1023 3332 nocet
1042 3301 1104 3331 ex
1121 3299 1214 3332 una
1233 3303 1240 3310 ·

193 3365 343 3412 domo
397 3364 559 3428 plnres
607 3374 751 3412 testes
803 3363 964 3410 alieno
1016 3362 1214 3425 negotio

190 3444 415 3492 adhiberi
433 3465 456 3486 ιι
472 3480 487 3492 .
540 3445 792 3508 Lycurgus
841 3453 1007 3490 orator
1048 3451 1216 3488 contra

191 3524 502 3571 leuen-atem:
519 3543 545 3565 c
564 3524 738 3570 timens
760 3538 822 3569 ne
845 3537 904 3568 ex
934 3519 1098 3568 endem
1126 3518 1217 3567 do-

192 3617 297 3658 mo,
319 3603 425 3650 etii
450 3604 540 3666 qni
567 3617 620 3648 re
647 3604 751 3665 ipsa
778 3598 1038 3663 arguebant
1058 3631 1073 3658 ,
1100 3610 1150 3648 et
1173 3598 1215 3645 in

189 3682 275 3743 qui
291 3682 605 3744 arguebatur,
627 3679 950 3745 procederent
965 3699 990 3719 ι·
1000 3712 1014 3726 .

259 3761 454 3809 xxm.
498 3776 546 3808 1.
593 3761 716 3822 Qua
735 3756 848 3824 fuit
881 3758 1011 3804 enim
1047 3771 1214 3804 causa.

182 3837 365 3886 Omnis
388 3841 683 3900 conjectum
705 3836 934 3885 refutatio
955 3851 982 3882 ι
1008 3850 1145 3883 cena
1168 3845 1215 3881 et

181 3928 372 3964 eventu
399 3917 684 3975 deducitur3
718 3917 818 3976 jun
838 3930 898 3961 ex
920 3911 1217 3961 inficiatione

176 4011 345 4043 mnne
369 3995 674 4068 demonstrat
698 3994 888 4043 nullum
909 4008 1048 4056 pom
1071 3992 1218 4052 huj-1⁸

174 4075 416 4122 criminis
430 4074 726 4138 principium
745 4072 974 4121 inveniri.
993 4072 1038 4117 A
1059 4085 1220 4118 reino-

177 4157 320 4202 tione
340 4164 511 4200 autem
530 4170 685 4201 cansae
703 4153 863 4201 solent
883 4153 1062 4199 suetum
1081 4166 1218 4215 nege-

346 4259 443 4325 V.
497 4276 588 4322 Cic.
607 4289 718 4336 pars
743 4271 950 4318 secanda.

1301 3047 1559 3110 apologia.
1546 3060 1559 3074 ·
1586 3035 1785 3094 «⁴Nemo
1804 3045 1908 3092 vult
1932 3045 2078 3108 gratis
2099 3056 2184 3092 ant
2203 3045 2322 3093 salu-

1303 3135 1400 3173 tem
1424 3141 1559 3172 sunm
1584 3128 1783 3174 summu
1798 3124 2027 3188 periculis
2049 3139 2325 3188 exponere,

1301 3214 1387 3251 ant
1421 3219 1607 3252 summ·
1646 3201 1955 3265 improbitate
1991 3201 2201 3286 nefarius
2246 3203 2322 3250 vi-

1304 3282 1467 3331 deri».

1374 3377 1428 3409 2.
1479 3361 1556 3408 Ne
1592 3358 1771 3407 crimen
1811 3358 2056 3408 licerer-ee?
2095 3361 2170 3408 De
2204 3375 2321 3412 nece

1303 3438 1475 3488 Dionis
1502 3438 1837 3486 Alexandrini.
1860 3437 2044 3485 Eodem
2064 3454 2207 3486 senen
2226 3442 2319 3488 'l'e-

1306 3520 1488 3567 tentius
1507 3520 1727 3583 Hecyra,
1755 3528 1868 3570 ectu
1883 3518 1959 3575 11,
1987 3533 2060 3566 ec.
2087 3532 2109 3566 x
2133 3511 2145 3566 i
2166 3541 2192 3561 ι
2208 3520 2319 3567 Sola

1304 3597 1386 3646 hic
1422 3597 1558 3645 fuisti
1587 3611 1602 3646 ε
1640 3597 1693 3645 in
1723 3606 1771 3645 te
1797 3596 1959 3644 omni·
1991 3595 2140 3644 heret
2175 3597 2319 3662 culpe

1301 3676 1403 3723 eoin
1424 3697 1467 3724 ι.
1495 3678 1557 3725 Et
1576 3692 1667 3741 pro
1688 3676 1873 3725 Roscio
1896 3674 2155 3725 comoedo:
2180 3698 2205 3719 ι
2224 3678 2321 3724 Po·

1301 3766 1394 3805 teet
1426 3755 1524 3804 hoc
1556 3754 1745 3806 homini
1783 3755 1898 3805 hnic
1935 3755 2115 3806 herere
2147 3771 2315 3820 peeca-

1302 3836 1442 3881 tum?
1460 3854 1482 3875 ⁸

1375 3913 1426 3960 3.
1485 3911 1672 3958 Nomen
1723 3909 1984 3959 detulisset.
2032 3911 2092 3959 Id
2134 3922 2206 3959 est
2222 3947 2237 3972 ,
2280 3914 2320 3959 si

1304 3987 1518 4038 Atratini
1553 4000 1733 4052 patrem
1758 3991 1931 4037 iterum
1961 4005 2063 4038 non
2099 4005 2322 4038 accuens-

1305 4080 1395 4117 set.
1421 4094 1493 4104 ·-
1519 4065 1730 4115 Nemini.
1756 4067 1952 4118 Habent
1979 4070 2126 4116 Rom.
2158 4079 2203 4114 et
2224 4070 2323 4114 Ve-

1306 4157 1429 4196 netae
1448 4145 1666 4195 neminis.

2058 4242 2090 4262 μ

2008 4264 2089 4313 Ιί)
