2994 4778
549 375 691 472 394
1191 379 1287 447 Μ.
1340 378 1418 444 Τ.
1472 376 2037 447 CICERONIS

548 523 680 596 per
713 493 807 585 te,
829 495 955 569 sed
986 496 1281 594 perditae
1299 508 1356 542 ¹¹
1392 498 1727 585 civitatis;
1762 520 2138 593 quumque
2163 498 2493 566 omnium
2520 511 2692 568 tuo-

553 631 718 678 rum
759 607 1110 679 scelerum
1162 608 1312 680 haec
1361 609 1599 705 pactio
1642 607 2025 691 exstiterit,
2069 621 2187 694 ut,
2238 609 2296 678 si
2340 620 2418 677 tu
2463 621 2694 677 totam

555 715 1075 812 rempublicam
1120 708 1854 787 nefariislatronibus
1904 715 2410 802 tradidissesm,
2458 720 2698 788 Mace-

553 822 776 894 donia
806 823 940 896 tibi
971 824 1066 896 ob
1101 851 1257 898 eam
1294 852 1485 912 rem,
1524 824 1790 923 quibus
1818 841 1900 897 tu
1935 824 2207 896 finibus
2237 826 2494 914 velles,
2527 827 2696 898 red-

504 972 509 979 2
556 932 893 1022 deretur3
933 960 1163 1032 quum
1209 935 1679 1008 exhauriebas
1708 932 2150 1024 aerarium133
2192 960 2425 1032 quum
2472 936 2694 1008 orba-

555 1043 685 1115 bas
708 1046 982 1117 Italiam
1008 1045 1425 1139 juventute3
1461 1071 1689 1144 quum
1723 1070 1915 1117 mare
1943 1049 2423 1118 vastissimum
2453 1046 2697 1119 hieme

558 1154 911 1226 transibas
941 1183 957 1228 ε
984 1161 1044 1227 si
1071 1156 1517 1255 triumphum
1545 1156 2093 1245 contemnebas,
2120 1182 2282 1253 quae
2306 1171 2416 1243 te,
2445 1157 2695 1254 praedo

561 1267 1075 1351 amentissime,
1118 1269 1253 1338 nisi
1300 1266 1553 1365 praedae
1589 1291 1669 1338 ac
1705 1268 2120 1363 rapinarum
2157 1266 2510 1363 cupiditas
2539 1281 2694 1336 tam

565 1398 749 1447 caeca
813 1377 1189 1474 rapiebat?
1241 1381 1400 1448 Non
1454 1392 1559 1448 est
1614 1378 2056 1473 integrumfl·
2115 1380 2249 1449 Cn.
2303 1377 2697 1474 Pompei0,

564 1486 861 1557 consilio
883 1489 1028 1583 jam
1072 1491 1176 1558 uti
1207 1502 1368 1569 tuo;
1408 1489 1670 1558 erravit
1695 1490 1910 1558 enim.
1941 1490 2106 1557 Non
2136 1501 2455 1582 gustarat
2486 1489 2698 1557 istam

564 1608 764 1665 tuam
801 1596 1356 1696 philosophiam.
1386 1601 1525 1668 Ter
1545 1598 1691 1692 jam
1737 1596 1961 1668 homo
1996 1596 2259 1667 stultus
2287 1595 2700 1692 triumpha·

563 1708 683 1774 vit.
731 1703 1090 1794 Crasse¹⁵‚
1132 1704 1358 1805 pudet
1392 1731 1510 1779 me
1546 1708 1670 1779 tui.
1712 1705 1907 1797 Quid
1939 1722 2083 1793 est,
2122 1706 2320 1802 quod
2358 1704 2706 1777 confecto

563 1838 694 1912 per
738 1831 811 1887 te
877 1816 1545 1891 formidolosissimo
1599 1816 1829 1906 bello,
1889 1842 2227 1889 coronam
2282 1816 2477 1887 illam
2537 1816 2705 1888 lau-

566 1924 842 1998 ream¹⁶
920 1927 1051 1999 tibi
1117 1945 1493 2026 tantopere
1567 1926 1856 1999 decerni
1914 1928 2226 1998 volueris
2289 1950 2332 1995 a
2391 1941 2651 1997 senatu
2674 1926 2708 1995 ἱ)

567 2039 642 2105 Ρ.
698 2037 997 2126 Servili,
1045 2040 1133 2128 Q.
1190 2037 1515 2122 Metelle,
1575 2042 1653 2107 C.
1703 2038 1954 2122 Curi0,
2018 2041 2087 2106 P.
2142 2034 2512 2120 Africane‚
2567 2061 2704 2106 cur

564 2170 715 2216 non
754 2147 952 2220 hunc
980 2150 1277 2221 audistis
1310 2163 1454 2219 tam
1491 2147 1788 2218 doctum
1832 2147 2200 2219 hominem
2225 2201 2246 2233 ,
2281 2161 2424 2218 tam
2456 2145 2706 2219 erudi-

568 2267 753 2339 tum,
796 2260 1038 2352 prius,
1094 2283 1313 2354 quam
1363 2260 1438 2329 in
1487 2258 1706 2329 istum
1756 2281 2073 2327 errorem
2119 2254 2705 2328 induceremini?

563 2360 640 2437 C.
662 2365 799 2463 ipsi
828 2371 1334 2467 Pomptiniow,
1366 2370 1764 2442 necessario
1794 2388 1986 2456 me0‚
2012 2369 2155 2464 jam
2195 2393 2346 2438 non
2383 2383 2497 2440 est
2526 2369 2708 2439 inte·

567 2500 775 2572 grum
814 2504 829 2546 ε
869 2478 1341 2575 religionibus
1374 2483 1567 2550 enim
1601 2483 1950 2576 susceptis
1976 2479 2391 2576 impeditur.
2432 2483 2500 2547 Ο
2535 2479 2702 2549 stul-

646 2697 666 2729 t
682 2696 728 2730 1.
781 2680 1013 2731 Per-diter.
1061 2681 1317 2730 Turnebus
1362 2683 1590 2734 emendat
1754 2684 1831 2732 15.
1863 2684 2048 2732 Cmue.
2074 2683 2211 2731 Dicit
2233 2684 2310 2731 M.
2335 2684 2595 2742 Onnum,
2619 2683 2710 2747 qui

558 2760 788 2823 prodiere.
815 2764 867 2809 J.
889 2759 951 2806 V.
979 2762 1032 2808 L.

643 2857 722 2889 xa.
768 2840 939 2887 Totam
993 2838 1330 2904 rempublicam
1381 2837 1589 2905 nefariis

566 2920 834 2971 latronibus
860 2918 1165 2969 tradidisses.
1206 2921 1261 2968 P.
1280 2918 1486 2979 Clodio,
1518 2937 1590 2969 ce

568 3001 779 3064 terisque
815 2998 1083 3060 seditiosis,
1113 2999 1198 3062 qui
1232 2998 1430 3062 impune
1458 3016 1590 3064 gras·

567 3080 798 3128 nubantur
814 3080 867 3127 in
889 3079 1151 3145 republica.

645 3160 727 3208 13.
775 3160 933 3221 Quum
975 3158 1299 3208 exhauriebas
1336 3155 1604 3210 oercm'umss

568 3239 810 3302 stipendii
836 3249 886 3287 et
905 3240 1075 3287 vasarii
1099 3242 1298 3289 nomine
1318 3255 1332 3289 :
1357 3255 1592 3306 quantum

569 3318 800 3380 stipendii
826 3320 1022 3366 nomine
1046 3335 1073 3365 e
1098 3321 1379 3383 reipublicae
1403 3323 1593 3369 visceri-

571 3396 663 3444 bus
697 3397 956 3459 eripuerit,
988 3412 1091 3444 nou
1132 3397 1325 3461 liquet:
1366 3401 1489 3447 infra
1533 3401 1594 3449 de

573 3472 759 3521 vasario
788 3489 800 3521 :
846 3496 872 3515 ιι
898 3474 1074 3521 Nonne
1109 3477 1379 3522 sestertium
1413 3479 1595 3525 centies

572 3564 621 3601 et
639 3551 856 3614 octogies
868 3585 881 3607 ,
899 3552 1035 3613 quod
1049 3554 1185 3614 quasi
1201 3553 1373 3599 vasarii
1393 3556 1597 3604 nomine

568 3631 621 3680 in
646 3629 924 3679 venditione
949 3629 1042 3675 mei
1065 3630 1240 3693 eapitis
1257 3630 1596 3695 adscripseras‚

571 3729 634 3760 ex
655 3710 822 3759 aerario
845 3709 936 3755 tibi
955 3707 1237 3756 attributum
1264 3730 1309 3758 ι,

650 3799 729 3846 ¹4·
786 3791 898 3837 Non
942 3799 1014 3836 est
1049 3788 1306 3854 integr-tem.
1358 3790 1477 3838 Non
1522 3801 1596 3839 est

569 3870 801 3927 liberum,
830 3884 931 3916 non
957 3867 1069 3916 licet
1093 3870 1182 3917 Cu.
1216 3871 1449 3934 Pompeio
1477 3871 1595 3919 resi-

569 3949 659 3996 lire
682 3981 698 4008 ,
750 3958 798 3996 et
844 3946 1079 4012 triumphi
1134 3949 1369 3998 honorem
1385 3985 1400 4008 ‚
1449 3967 1596 4015 quem

566 4029 689 4079 tanti
715 4030 859 4086 fecit,
887 4040 1200 4078 contemnere
1228 4032 1451 4095 penitus,
1490 4043 1540 4079 et
1567 4047 1592 4077 a

564 4130 615 4161 se
644 4111 913 4176 deprecari.

1676 2761 1856 2810 bellum
1902 2773 2073 2810 contra
2129 2765 2414 2826 Spartacum
2466 2763 2702 2811 confecit.

1677 2842 1788 2903 Qua
1822 2840 1883 2888 de
1918 2856 2060 2889 causa
2096 2840 2379 2888 Plutarchus
2417 2841 2624 2899 scribit,
2661 2841 2705 2889 ei

1677 2922 1993 2984 permissum,
2028 2931 2083 2968 ut
2119 2936 2273 2968 ovans
2311 2920 2485 2968 urbem
2523 2922 2702 2971 iniret:

1678 3000 1816 3062 quasi
1847 2999 2101 3062 indignum
2141 3012 2263 3047 esset
2297 2999 2357 3046 de
2395 3001 2552 3048 servis
2591 3001 2701 3048 sub-

1678 3080 1797 3126 actis
1820 3077 2135 3144 triumphare.

1761 3158 1836 3207 16.
1873 3160 2135 3206 lauream.
2175 3158 2298 3220 Quae
2341 3158 2531 3220 maguis
2563 3173 2698 3220 gere·

1680 3238 1823 3285 batur
1856 3237 2131 3303 triumphis.
2173 3238 2247 3284 M.
2282 3237 2482 3288 Crassus
2520 3236 2696 3284 bellum

1683 3329 1853 3365 contra
1899 3321 2178 3380 Spartacum
2226 3315 2509 3363 absolverat.
2565 3316 2696 3363 Huic

1681 3395 1980 3460 triumphum
1999 3396 2235 3443 minorem
2258 3395 2464 3443 decrevit
2485 3403 2700 3452 senatus,

1683 3476 1767 3524 sed
1787 3475 1980 3538 indixit,
1994 3485 2050 3523 ut
2073 3486 2220 3539 caput
2246 3475 2410 3523 laurea
2432 3473 2700 3522 circumda-

1683 3566 1984 3617 remi-‚quum
1997 3565 2180 3619 myrtea
2192 3563 2379 3600 tantum
2394 3571 2575 3601 corona
2588 3553 2702 3601 huic

1684 3632 1932 3696 triumpho
1961 3632 2107 3695 vulgo
2133 3632 2505 3680 adscriberetur.
2534 3633 2705 3681 Paullo

1683 3714 1769 3761 inf,
1793 3725 2056 3761 occurrunt
2086 3727 2228 3759 voces
2257 3713 2353 3760 illae
2379 3716 2438 3760 P.
2462 3711 2704 3776 Afiicam'.

1682 3795 1737 3843 P.
1759 3794 1945 3841 Manat.
1965 3792 2223 3841 arbitratur
2241 3792 2476 3839 mendum
2500 3810 2631 3851 esse,
2657 3802 2701 3838 et

1681 3871 1970 3935 legendum,
2006 3875 2077 3919 M.
2114 3871 2256 3935 Pupi.
2293 3872 2394 3933 Qui
2423 3873 2496 3918 M.
2525 3872 2703 3936 Pupius

1683 3951 1795 4000 Piso
1816 3952 1877 3999 de
1896 3952 2122 4016 Hispanis
2143 3952 2448 4016 triumphum
2469 3962 2644 4014 egerat.

1763 4047 1782 4076 1
1797 4048 1842 4089 7.
1875 4031 1923 4078 C.
1946 4031 2040 4095 ipsi
2065 4030 2351 4095 Pomptt'm'o.
2377 4032 2479 4080 Alii
2494 4066 2508 4091 ,
2532 4029 2701 4078 Poma'·

1684 4125 1767 4158 no.
1794 4111 1846 4158 J.
1867 4112 1931 4159 V.
1962 4112 2017 4160 L.
