2994 4778
649 413 788 499 324
1271 418 1366 484 M.
1420 418 1497 485 T.
1552 418 2130 487 CICERONIS

649 538 973 607 ditanum
998 537 1070 606 in
1092 536 1449 607 civitatem
1479 552 1801 607 nostram
1831 539 2053 636 recipi
2072 562 2227 609 non
2256 538 2546 609 liceret?
2578 535 2789 610 Nihil

651 663 758 719 est
817 647 1010 717 enim
1063 644 1254 715 aliud
1302 638 1377 716 in
1437 643 1710 718 foedere
1735 656 1790 731 ¹,
1845 649 2024 731 nisi,⁴
2059 663 2146 719 ut
2183 673 2303 719 ru
2345 673 2436 718 ετ
2477 673 2788 718 menna

646 782 790 827 mx
828 758 938 826 sit.
976 753 1169 844 Quid
1204 752 1278 827 id
1310 754 1400 826 ad
1438 756 1848 827 civitatem?
1883 756 2315 852 Adjunctum
2353 757 2531 828 illud
2559 760 2786 828 etiam

650 882 791 952 est,
838 864 1038 963 quod
1082 890 1229 934 non
1276 879 1385 936 est
1422 867 1494 934 in
1535 865 1877 939 omnibus
1922 865 2312 939 foederibus
2348 895 2367 937 ε
2409 872 2792 939 Mamm-A-

652 1003 799 1048 ‘n-:M
850 1001 1102 1046 rorum
1158 1000 1437 1046 nonum
1490 1000 1804 1047 contu-nn
1851 988 2377 1048 consnnvuo&
2422 978 2504 1049 Id
2552 976 2792 1048 habet

653 1088 840 1158 hanc
871 1091 1013 1155 vim
1036 1141 1056 1174 ,
1096 1099 1177 1155 ut
1204 1087 1295 1155 sit
1324 1086 1444 1155 ille
1474 1086 1550 1156 in
1577 1085 1853 1158 foedere
1887 1085 2202 1161 inferior.
2228 1091 2539 1160 Primum
2565 1084 2786 1157 verbi

649 1218 875 1295 genus
906 1196 1048 1266 hoc
1081 1194 1551 1265 conservandi
1567 1187 1622 1282 3,
1650 1221 1800 1292 quo
1830 1199 2052 1295 magis
2089 1202 2166 1268 in
2200 1198 2508 1295 legibus,
2548 1219 2781 1294 quam

649 1313 723 1379 in
763 1302 1186 1390 foederibus,
1226 1306 1332 1375 uti
1378 1307 1729 1392 solemus,
1773 1309 2196 1404 imperantis
2229 1322 2372 1395 est,
2422 1332 2567 1378 non
2615 1330 2780 1404 pre·

648 1419 894 1489 cantis.
949 1414 1265 1504 Deinde,
1304 1440 1533 1511 quum
1577 1416 1870 1488 alterius
1922 1418 2177 1515 populi
2223 1420 2554 1515 maJ'estas
2599 1442 2781 1489 oon·

650 1529 914 1598 servari
944 1526 1278 1622 jubetur,
1331 1524 1421 1597 de
1464 1525 1693 1597 altero
1734 1527 2016 1615 siletur,
2061 1543 2255 1600 certe
2297 1528 2417 1600 ille
2457 1527 2778 1628 populns

648 1640 721 1705 in
762 1637 1116 1734 superiori
1155 1634 1571 1707 conditione
1607 1660 1969 1733 causaque
2009 1639 2330 1734 ponitur,
2375 1639 2588 1735 cujus
2632 1662 2779 1709 ma·

644 1748 861 1842 jestas
911 1743 1204 1816 foederis
1241 1747 1612 1817 sanctione
1654 1744 2085 1817 defenditur.
2135 1752 2218 1817 In
2252 1773 2407 1845 quo
2456 1764 2608 1829 emt
2652 1773 2773 1819 ac-

652 1856 994 1925 cusatoris
1033 1856 1533 1951 interpretatio
1577 1853 1873 1952 indigna
1928 1860 2444 1953 responsione,
2500 1861 2625 1957 qui
2672 1860 2773 1929 ita

653 1964 964 2051 dicebat,
999 1994 1032 2028 α
1065 1966 1366 2035 comiter
1394 1995 1427 2029 »
1454 1989 1608 2036 esse
1652 1994 1686 2029 α
1720 1970 2249 2038 communiter‘*
2283 1970 2578 2067 »zquasi
2593 1992 2773 2039 vero

650 2077 967 2175 priscum
1004 2074 1338 2171 aliquod,
1376 2090 1503 2145 aut
1527 2076 1900 2146 insolitum
1936 2076 2236 2148 verbum
2264 2079 2767 2178 interpretare-

650 2202 791 2257 tur.
818 2189 1114 2272 ComeS,
1153 2183 1487 2281 benigni,
1512 2182 1759 2256 faciles
1778 2240 1797 2271 ,
1837 2209 2088 2257 suaves
2118 2186 2453 2259 homines
2485 2212 2637 2260 esse
2667 2187 2770 2257 di-

636 2309 1050 2380 ‘cuntur;....
1084 2324 1118 2358 α
1156 2295 1284 2392 qui
1338 2295 1607 2365 erranti
1638 2284 1667 2336 ⁵
1723 2298 2025 2366 comiter
2073 2311 2430 2369 monstrat
2481 2303 2710 2383 viam;
2741 2328 2774 2361 n

652 2406 1009 2504 benigne,
1052 2419 1124 2474 et
1174 2430 1322 2474 non
1368 2420 1653 2502 gravate
1698 2431 1714 2472 :
1776 2405 2436 2478 «·communiter⁶»
2482 2408 2772 2506 quidem

725 2571 863 2617 XVI.
898 2583 941 2613 1.
970 2564 1124 2612 Aliud
1147 2564 1197 2611 in
1215 2563 1425 2630 soedere.
1456 2567 1671 2613 Accusa-

1831 2567 1881 2615 3.
1927 2568 2144 2616 Omnino
2186 2570 2547 2633 preferendum
2592 2585 2772 2639 eonsen-

657 2661 737 2697 tor
760 2662 874 2694 sane
911 2643 1055 2692 verba
1083 2643 1164 2690 ina
1197 2641 1433 2707 populum
1464 2643 1670 2691 fundum
1758 2648 1954 2696 mem-I.
1972 2650 2034 2694 V.
2060 2649 2113 2697 1..

657 2726 762 2775 fieri
779 2761 795 2785 ‚
818 2741 878 2773 ex
902 2705 1021 2770 ⁸aliis
1059 2723 1259 2769 fortasse
1297 2721 1562 2769 foederibua
1589 2721 1672 2770 de·

656 2817 940 2872 sumpserat.

729 2903 778 2935 2.
839 2885 1150 2933 Conservam.
1194 2885 1332 2930 Voce
1388 2883 1673 2948 imperativa

659 2980 847 3029 semper
876 2964 928 3010 in
953 2960 1140 3025 legibus
1166 2960 1454 3020 utebantur-3
1482 2977 1674 3009 necesse

659 3054 730 3093 est
748 3060 886 3101 sane,
909 3053 966 3090 ut
998 3040 1080 3088 hic
1105 3038 1344 3088 scribatur
1374 3053 1672 3091 conservato.

659 3125 875 3174 Verbum
895 3121 1019 3170 illud
1044 3120 1324 3169 admisimus
1349 3121 1463 3169 loco
1485 3137 1680 3170 conser-

665 3215 810 3252 vanto
830 3240 846 3265 ,
892 3200 1030 3266 qnod
1071 3199 1293 3249 Lambin.
1332 3200 1523 3259 edidit3
1567 3201 1679 3264 qnia

662 3282 915 3331 verisimile
949 3291 1021 3328 est
1052 3280 1263 3343 phrasim
1299 3279 1430 3327 illam
1468 3280 1680 3345 pendere

661 3377 727 3408 ex
760 3359 920 3408 verbis
957 3379 980 3401 ι
1005 3372 1122 3421 gena
1156 3357 1396 3405 Gaditana
1425 3381 1468 3407 n.
1514 3360 1595 3407 sic
1628 3360 1681 3406 in

664 3436 845 3485 foedere
871 3452 983 3485 cnm
1004 3434 1180 3483 AEtolis
1204 3436 1334 3492 icto,
1369 3435 1508 3499 qnod
1538 3437 1681 3484 resen

664 3515 831 3564 Livius
851 3548 865 3572 ‚
921 3514 1155 3576 seriptum
1214 3520 1287 3557 eet
1306 3546 1321 3570 ‚
1372 3535 1397 3553 σι
1422 3513 1680 3576 imperinm

666 3593 1057 3653 maieatatemqne
1115 3588 1289 3652 populi
1327 3591 1517 3637 romani
1564 3607 1682 3655 gem

665 3669 938 3722 AEtolornm
966 3676 1256 3715 conservato
1290 3668 1394 3714 aine
1429 3667 1548 3717 dolo
1590 3687 1683 3719 ma·

666 3751 720 3800 10
737 3772 779 3796 a.
824 3752 941 3798 Hoc
980 3757 1082 3795 tota
1122 3744 1389 3810 disputatio
1430 3748 1483 3798 in
1524 3750 1684 3799 verbis

670 3828 883 3894 pendet,
907 3836 955 3874 et
991 3825 1270 3873 tenuissima
1299 3837 1399 3886 αις
1434 3840 1684 3878 accusator

667 3907 848 3956 insulse
870 3905 1070 3953 verbnm
1088 3905 1522 3969 interpretabatur:
1544 3911 1683 3973 qnod

666 3985 865 4051 quidem
901 3984 1127 4032 Ciceroni
1174 3984 1380 4033 multum
1425 4004 1541 4036 sane
1579 3989 1685 4054 ph-

669 4064 797 4125 enit;
813 4080 924 4113 nam
947 4063 997 4111 in
1015 4063 1092 4111 his
1109 4061 1448 4114 delectabatur.
1472 4068 1537 4115 Et
1554 4084 1683 4134 σερε

664 4147 734 4192 aie
747 4142 938 4206 jndices
954 4142 1048 4191 sibi
1067 4139 1373 4190 conciliabat.

1758 2773 1764 2780 .
1832 2737 1880 2784 4·
1923 2728 2265 2779 communiter.
2329 2731 2564 2778 Invenias
2625 2742 2773 2778 tamen

1760 2806 1894 2870 apud
1921 2808 2148 2869 antiquos
2185 2807 2392 2856 comiter
2421 2808 2560 2856 idem
2587 2825 2686 2857 eme
2707 2818 2775 2854 at·

1762 2901 1856 2948 qne
1877 2885 2208 2933 communiter.
2235 2886 2317 2933 Sic
2338 2888 2391 2934 in
2413 2888 2633 2936 carmine
2653 2887 2774 2935 Mu·-

1763 2963 1898 3011 tiano
1918 2963 2051 3026 apud
2076 2964 2185 3013 Liv.
2213 2963 2299 3012 lib.
2321 2967 2496 3014 XXVI
2519 2979 2534 3014 :
2582 2988 2607 3009 ι
2624 2964 2773 3031 Apol·

1763 3042 1852 3089 lini
1871 3041 2124 3091 vovendos
2145 3059 2318 3092 censeo
2338 3043 2483 3092 ludos
2495 3079 2511 3103 ,
2531 3047 2622 3109 qni
2639 3053 2772 3108 qnot-

1765 3121 1904 3169 annis
1945 3123 2148 3170 comiter
2180 3123 2402 3187 Apollini
2444 3122 2570 3172 fiant
2587 3157 2605 3183 ‚
2633 3137 2774 3186 quum

1766 3200 1980 3265 populna⁴
2005 3199 2192 3248 dederit
2223 3216 2286 3249 ex
2325 3201 2526 3266 publico
2562 3214 2772 3266 partem:

1769 3279 1943 3344 privati
1961 3295 2076 3327 vero
2095 3279 2346 3327 conferant
2365 3296 2459 3345 pro
2477 3298 2527 3329 se
2542 3284 2774 3345 nunqua.

1842 3358 1891 3405 5.
1936 3357 2035 3422 Qui
2074 3359 2288 3418 erranti,
2343 3371 2441 3410 etc.
2478 3363 2588 3408 Para
2617 3374 2775 3408 verm:

1768 3437 2006 3494 Enniani,
2038 3436 2172 3500 apud
2197 3438 2303 3488 cic.
2334 3438 2396 3486 de
2425 3438 2566 3488 offic.
2604 3443 2652 3500 1,
2685 3438 2773 3486 16:

1770 3538 1796 3557 α
1813 3516 1881 3564 Ut
1903 3514 2052 3564 bomo
2083 3516 2169 3580 qni
2197 3517 2378 3565 errenti
2415 3521 2618 3567 comiter
2642 3533 2777 3566 mou·

1767 3603 1887 3643 strat
1917 3594 2043 3642 viam
2058 3631 2075 3656 ,
2110 3594 2261 3657 Quasi
2300 3595 2464 3644 lumen
2506 3597 2568 3645 de
2605 3597 2780 3647 lumine

1769 3673 2003 3721 accendat
2023 3706 2039 3732 ,
2081 3673 2197 3721 saeit
2213 3706 2231 3730 ,
2261 3676 2329 3722 Ut
2357 3674 2675 3726 nihilominus
2693 3673 2779 3740 ipai

1768 3751 1955 3811 luent,
1981 3768 2130 3815 quum
2152 3753 2487 3801 accenderit».

1840 3831 1893 3879 6.
1935 3830 2262 3878 Communem
2300 3830 2497 3895 quidem
2531 3844 2660 3881 ceree
2689 3847 2776 3880 non

1771 3907 2007 3955 convenit.
2021 3909 2107 3955 Eat
2127 3924 2153 3955 a
2183 3911 2331 3957 veteri
2356 3909 2576 3960 etlitione
2603 3923 2651 3961 et
2673 3910 2777 3960 acri·

1769 3986 1870 4052 ptis
1909 3987 2087 4034 nostris
2129 3988 2389 4037 omnibns:
2431 3990 2673 4040 recentius
2701 4005 2776 4037 ex-

1771 4064 1876 4113 enni
1918 4065 2216 4114 admiaernnt
2239 4101 2255 4124 ‚
2303 4068 2548 4117 -comitoe
2592 4069 2772 4135 quiden

1770 4155 1926 4202 certe,
1951 4161 2054 4193 non
2081 4150 2404 4195 communiter
2428 4151 2662 4197 convenit
2679 4170 2718 4196 -.
