2994 4778
619 375 1030 445 ·0RAT10
1078 375 1287 442 PRO
1328 375 1402 442 P.
1453 374 1868 445 SEXTIO.
2172 406 2306 481 129

204 497 550 570 vatoribus
612 495 1105 568 calamitatem.
1175 498 1288 566 An
1336 515 1474 590 ego
1500 503 1556 538 ¹¹
1617 496 1691 565 in
1749 496 1882 569 hac
1926 499 2107 573 urbe
2152 528 2306 578 esse

210 612 495 705 possim,
528 606 643 676 his
674 604 934 702 pulsis,
963 604 1090 701 qui
1124 627 1239 674 me
1275 603 1496 698 hujus
1530 603 1727 675 urbis
1759 625 2162 705 compotem
2204 615 2305 689 fe·

211 719 488 788 cerunt?
537 720 703 787 Non
749 738 914 802 ero;
976 738 1121 784 non
1161 730 1417 810 potero
1461 739 1652 799 esse,
1690 714 2024 810 judices:
2070 748 2307 822 neque

210 825 310 896 hic
345 848 692 921 umquam
741 848 945 922 puer,
986 822 1108 918 qui
1150 821 1260 892 his
1305 823 1665 919 lacrymiS,
1708 849 1852 921 qua
1890 830 1982 897 sit
2014 833 2309 927 pietate,

205 933 523 1019 declarat,
555 934 818 1003 amisso
860 946 1061 1029 patre
1096 956 1228 1002 suo
1260 946 1562 1030 propter
1597 958 1748 1020 me,
1779 960 1894 1007 me
1932 938 2166 1035 ipsum
2202 946 2308 1016 in·

203 1046 553 1115 columem
615 1041 921 1129 videbit3
969 1065 1142 1128 nec,
1195 1046 1798 1140 quotiescumque
1844 1071 1956 1118 me
2012 1050 2312 1140 viderit,

202 1156 641 1251 ingemiscet,
676 1177 758 1222 ac
794 1166 1069 1249 pestem
1106 1175 1343 1237 suam,
1382 1167 1453 1223 et
1488 1157 1707 1250 patris
1745 1156 1890 1243 sui,
1929 1182 2084 1230 sese
2122 1161 2315 1235 dicet

202 1263 448 1335 videre.
500 1263 853 1360 Egojvero
879 1284 1008 1330 vos
1035 1271 1093 1304 ¹²
1138 1262 1211 1329 in
1259 1266 1457 1332 omni
1505 1260 1817 1349 fortuna,
1836 1290 2316 1368 quaecumque

203 1378 321 1445 erit
374 1372 668 1457 oblata,
731 1370 1200 1467 complectar;
1256 1394 1390 1441 nec
1429 1395 1547 1441 me
1597 1371 1686 1442 ab
1750 1375 1864 1458 iis,
1919 1401 2102 1472 quos
2155 1406 2320 1454 meo

201 1485 485 1555 nomine
532 1480 936 1582 sordidatos
969 1478 1228 1551 videtis
1257 1533 1276 1567 ,
1318 1505 1665 1578 umquam
1705 1483 1848 1554 ulla
1883 1482 2170 1559 fortuna
2209 1492 2318 1562 di-

200 1595 448 1682 vellet3
498 1616 744 1689 neque
787 1615 887 1661 eoe
930 1591 1296 1675 nationes,
1336 1590 1600 1687 quibus
1640 1618 1755 1664 me
1792 1611 2081 1670 senatus
2117 1625 2317 1673 com-

204 1703 589 1788 mendavit,
625 1698 894 1798 quibus
934 1698 1023 1770 de
1071 1724 1184 1770 me
1222 1701 1478 1797 gratias
1527 1703 1706 1800 egit,
1763 1704 1958 1778 hunc
1999 1710 2317 1784 exsulem

200 1830 491 1912 propter
534 1836 651 1882 me
695 1813 850 1881 sine
886 1833 1002 1879 me
1040 1807 1412 1879 videbunt.

286 1922 424 1995 Sed
467 1922 623 1991 haec
650 1918 710 1964 ¹3
751 1919 850 1990 dii
883 1919 1518 2017 immortaleS,q11i
1553 1945 1669 1991 me
1705 1925 1852 1994 suis
1882 1928 2168 2025 templis
2206 1931 2326 2003 ad-

204 2037 607 2105 venientem
648 2044 1081 2128 receperunt
1111 2033 1199 2116 ¹4,
1256 2031 1600 2128 stipatum
1636 2032 1727 2103 ab
1767 2033 1879 2104 his
1920 2040 2087 2109 viris
2116 2038 2208 2127 ¹⁵,
2253 2057 2327 2113 et

203 2147 266 2214 P.
301 2138 689 2215 Lentulo¹⁶
714 2138 1037 2226 consule,
1059 2154 1276 2235 atque
1312 2142 1458 2238 ipsa
1496 2142 1924 2240 respublica,
1948 2172 2092 2243 qua
2136 2152 2319 2224 nihil

208 2267 304 2324 est
333 2254 682 2338 sanctius,
723 2264 972 2321 vestrae
1010 2254 1384 2346 potestati,
1407 2250 1727 2345 judices,
1767 2259 2316 2334 commiserunt:

287 2464 363 2496 ιι.
396 2452 469 2496 An
500 2464 593 2514 ego
619 2446 672 2495 in
699 2444 795 2495 Ιιαο
824 2443 942 2493 urbe
968 2459 1072 2493 esse
1103 2459 1218 2508 pos·

210 2528 302 2576 sim
323 2564 340 2590 ,
379 2538 466 2577 etc.
501 2531 624 2591 Quae
663 2535 932 2588 sequnntur
954 2557 971 2582 ‚
1012 2524 1220 2570 mxime

212 2607 276 2654 ad
296 2607 664 2655 commovendos
681 2605 870 2651 animos
890 2612 1000 2650 sunt
1022 2600 1216 2660 idoues3

210 2686 387 2751 aliquid
413 2686 562 2734 a'mile
587 2688 642 2732 in
670 2682 887 2730 oratione
914 2696 1005 2743 pro
1033 2680 1223 2727 Milone

212 2769 443 2826 invenias,
487 2765 575 2814 sed
620 2762 779 2811 adhuc
822 2761 974 2824 magis
1018 2758 1222 2822 patheti-

216 2863 346 2895 enm:
369 2845 503 2911 qnod
538 2858 640 2891 non
676 2839 911 2887 mirabere
929 2872 943 2896 ‚
969 2837 1012 2884 si
1043 2836 1220 2895 modo,

218 2928 339 2988 quali
371 2927 488 2973 artis
526 2920 719 2972 solertia
754 2930 805 2968 et
846 2917 994 2966 animi
1034 2917 1221 2980 impetn

219 3004 389 3053 directa
428 3003 570 3051 fuerit
615 2997 899 3048 Miloniana
933 2994 1183 3043 conclusio
1205 3028 1220 3054 ‚

219 3083 455 3131 attendere
480 3079 703 3128 volueris.

285 3178 364 3210 ω.
396 3163 505 3225 Ego
533 3176 650 3207 νει-ο
676 3172 796 3213 vos,
827 3165 920 3203 etc.
941 3153 1222 3201 Orationem

224 3253 265 3288 et
290 3241 473 3289 vultum
508 3237 571 3286 sd
604 3253 688 3285 eos
716 3234 803 3299 qui
840 3230 1074 3281 sordidati
1108 3231 1223 3279 sde-

226 3332 349 3379 ram,
382 3317 639 3367 convertit.
676 3342 748 3352 -
775 3313 879 3360 Nec
918 3327 993 3358 me
1031 3310 1095 3357 ab
1126 3310 1184 3358 iis
1205 3345 1220 3371 ,

227 3409 310 3446 etc.
328 3400 528 3447 Vultum
561 3407 609 3443 et
648 3393 890 3441 actionem
917 3406 944 3437 ι
966 3389 1224 3437 sordidatis

231 3477 475 3536 adjudice-
502 3476 664 3523 refert.

298 3559 368 3605 13.
402 3556 500 3605 Sed
521 3555 647 3602 ltoec.
678 3554 745 3600 At
774 3550 858 3599 Dii
882 3547 1024 3596 vobis
1050 3545 1225 3594 dedere

236 3645 522 3694 potestatem,
546 3644 601 3681 ut
622 3631 816 3686 Sextius
837 3626 1128 3687 absolvatur,
1150 3625 1225 3673 vel

239 3727 337 3759 m
366 3732 525 3779 sequar
562 3711 738 3762 exsilio
769 3709 1067 3756 damnatum.
1094 3706 1226 3752 Deos

239 3787 316 3836 ¹²50
336 3791 577 3842 obtestatur
594 3802 650 3839 nt
665 3788 889 3852 judicum
910 3786 1096 3833 animos
1117 3783 1231 3831 reli-

240 3868 549 3933 gimeinjecta
578 3869 771 3935 gravius
802 3874 1208 3926 commentust

1383 2455 1464 2502 14.
1509 2448 1824 2510 Rea-eperunt·
1872 2449 2039 2511 Quum
2085 2456 2215 2502 enim
2260 2456 2323 2504 ab

1307 2524 1480 2572 exsilio
1502 2526 1673 2582 rediit,
1707 2543 1734 2572 ι
1762 2538 1905 2590 ports
1933 2530 2128 2595 Capena
2149 2536 2204 2581 in
2230 2534 2322 2583 Cn·

1306 2602 1534 2666 pitolium
1567 2603 1629 2651 nd
1657 2605 1864 2667 agendas
1891 2608 2008 2655 Jovi
2035 2611 2155 2673 Opt.
2187 2613 2325 2662 Max.

1309 2681 1484 2746 gratias
1518 2684 1651 2747 quod
1679 2700 1731 2730 se
1757 2685 1926 2748 patria
1950 2700 2228 2752 compotem
2256 2691 2327 2740 fe·

1309 2762 1484 2821 cisset,
1509 2773 1638 2809 recta
1667 2763 1914 2826 profectus
1936 2776 2039 2814 est:
2069 2766 2186 2816 inde
2212 2785 2327 2818 suos

1308 2841 1428 2888 lsi-es
1446 2842 1604 2905 petiit.
1621 2841 1739 2890 Vid.
1767 2843 1918 2907 Epist.
1937 2842 2000 2891 nd
2019 2846 2121 2895 Att.
2149 2849 2240 2910 tv,
2276 2865 2322 2907 1,

1308 2932 1359 2968 et
1379 2936 1471 2984 pro
1491 2922 1654 2968 Domo
1676 2937 1781 2974 sus.

1386 3000 1464 3048 15.
1491 2998 1576 3046 His
1597 2998 1736 3046 viris.
1760 3001 1860 3063 Qui
1876 3017 2007 3049 nunc
2023 3003 2074 3049 in
2099 3005 2328 3070 squalore

1309 3077 1631 3140 sordibusque
1649 3079 1844 3142 jacent3
1879 3081 1965 3141 qni
1998 3097 2090 3143 pro
2124 3099 2203 3130 me
2225 3099 2333 3131 reo·

1311 3170 1418 3201 rum
1446 3154 1640 3202 babitus
1665 3155 1948 3203 induerunt.
1980 3159 2085 3205 Cic.
2111 3159 2163 3206 in
2194 3162 2332 3210 Piso-

1311 3249 1449 3291 nem,
1476 3245 1573 3295 99,
1594 3249 1743 3295 qnnm
1763 3232 1943 3281 diceret
1963 3249 1978 3284 ε
2004 3258 2030 3278 ιι
2059 3252 2149 3284 nec
2169 3239 2331 3288 minus

1309 3310 1513 3360 letabor
1528 3348 1542 3370 ‚
1574 3326 1725 3373 quum
1755 3322 1803 3359 te
1836 3328 2024 3378 semper
2047 3315 2327 3378 sordidum,

1311 3406 1456 3454 qnam
1493 3390 1535 3437 si
1575 3389 1819 3454 paulisper
1855 3392 2156 3442 sordidatum
2196 3397 2333 3446 vide·

1310 3485 1409 3517 rem
1429 3484 1476 3527 »3
1497 3469 1625 3516 inter
1644 3469 1748 3515 baec
1777 3468 1879 3517 dno
1906 3471 2048 3520 verba
2073 3472 2331 3524 discrimen

1312 3559 1496 3596 certum
1523 3547 1706 3596 statuit.
1732 3548 1989 3597 Sordidum
2015 3550 2164 3611 dixit,
2187 3555 2332 3602 vilem

1314 3639 1362 3675 et
1396 3627 1671 3686 abjectum,
1709 3641 1765 3673 ac
1800 3628 1906 3675 sine
1949 3628 2049 3677 nlla
2091 3634 2337 3681 existime-

1314 3706 1448 3754 tione
1467 3706 1613 3752 vitam
1640 3715 1888 3767 agentem;
1917 3707 2224 3759 sordidatam
2251 3728 2335 3762 su-

1318 3795 1416 3832 tem
1430 3817 1445 3840 ‚
1466 3794 1741 3831 accusatum
1762 3794 1810 3830 et
1833 3801 1983 3833 reum.

1396 3863 1480 3912 16.
1528 3865 1586 3910 P.
1628 3862 1857 3911 Lentulo.
1909 3866 2008 3927 Qui
2057 3882 2209 3929 quum
2257 3887 2336 3918 me

238 3947 337 3994 mal
373 3961 417 3997 ut
441 3961 641 4000 caveant
682 3964 745 3995 ne
781 3952 1021 4010 potestate
1062 3958 1089 3988 a
1128 3941 1235 3989 Diis
1322 3940 1496 3988 consul
1514 3940 1754 3998 restituit,
1788 3943 2030 3990 commisit
2049 3944 2152 3993 haec
2170 3958 2339 3995 vestrae

239 4025 397 4075 uadit.
431 4031 479 4077 in
523 4027 799 4076 innocentis
843 4021 1105 4089 perniciem
1149 4020 1237 4067 ab·

237 4113 432 4154 mtur-

415 4196 495 4260 V.
538 4209 632 4256 cte.
652 4222 770 4273 pars
790 4198 1012 4252 seeundo.

1323 4018 1585 4083 potestati,
1616 4029 1674 4065 ut
1697 4021 1894 4082 possitis
1921 4021 1976 4068 id
1992 4055 2008 4080 ,
2036 4023 2176 4086 qnod
2197 4025 2341 4074 vobis

1325 4095 1421 4144 hoe
1457 4096 1646 4156 jndicio
1681 4096 1820 4160 licet,
1846 4099 1923 4148 vel
1959 4116 2033 4148 me
2076 4118 2189 4150 enm
2225 4104 2344 4149 meis

2008 4209 2055 4278 9
