2994 4778
652 385 789 468 144
1298 383 1394 449 M.
1436 384 1517 450 T.
1569 380 2135 451 clcssnoms

641 499 1046 588 traham¹⁶;
1090 504 1478 598 omniaque
1520 526 1677 572 mea
1711 500 1851 572 tela
1887 501 1988 570 sic
2024 500 2097 570 iu
2143 513 2214 568 te
2257 498 2778 591 conjicientur,

640 628 723 684 ut
739 636 958 683 nemo
986 634 1116 708 per
1140 624 1348 682 tuum
1369 610 1555 681 latus
1583 608 1823 707 (quod
1848 609 2033 681 soles
2069 607 2338 700 dicere)
2367 608 2773 678 saucietur:

635 728 711 795 in
752 718 895 793 tuis
935 720 1401 818 pulmonibus
1427 743 1510 791 ac
1544 717 1938 791 visceribus
1975 716 2372 788 haerebunt.

734 838 854 904 VI.
893 835 1017 919 Et,
1067 813 1411 928 quoniam
1451 831 1779 900 omnium
1814 853 2059 900 rerum
2095 850 2522 924 magnarum
2554 852 2597 896 a
2628 825 2775 896 diis

640 939 1163 1013 immortalibus
1216 939 1566 1038 principia
1632 939 2035 1023 ducuntur,
2094 937 2263 1010 volo
2316 951 2399 1007 ut
2438 934 2614 1006 mihi
2652 959 2772 1005 re-

639 1049 1030 1149 spondeas,
1061 1062 1179 1136 tu,
1215 1051 1343 1144 qui
1382 1063 1450 1119 te
1489 1047 2042 1146 Pythagoricum
2074 1057 2094 1089 ¹
2132 1047 2319 1118 soles
2356 1045 2596 1117 dicere
2618 1098 2639 1129 ,
2694 1058 2769 1115 et

634 1161 949 1232 hominis
978 1157 1371 1229 doctissimi
1394 1183 1664 1229 nornen
1697 1159 1837 1229 tuis
1870 1156 2310 1227 immanibus
2339 1170 2411 1227 et
2437 1154 2770 1226 barbaris

634 1266 961 1341 moribus
1012 1267 1497 1365 praetendere3
1560 1292 1722 1365 quae
1775 1282 1845 1339 te
1891 1282 2086 1338 tanta
2135 1269 2447 1364 pravitas
2498 1267 2769 1337 mentis

635 1378 988 1461 tenuerit,
1024 1377 1153 1472 qui
1189 1390 1431 1447 tantus
1465 1375 1695 1462 furor,
1720 1391 1840 1463 ut,
1877 1401 2109 1473 quum
2149 1374 2472 1447 inaudita
2512 1399 2595 1445 ac
2627 1400 2765 1448 ne-

631 1484 805 1556 faria
829 1489 1443 1583 sacraasusceperis
1460 1540 1480 1574 ,
1500 1510 1732 1583 quum
1759 1484 2156 1557 inferorum
2190 1490 2461 1557 animas
2484 1486 2765 1571 elicere,

631 1620 862 1691 quum
905 1617 1299 1691 puerorum
1344 1596 1525 1666 extis
1566 1596 1741 1666 deos
1796 1619 2043 1666 manes
2089 1605 2448 1666 mactare²
2493 1594 2764 1681 soleas;

632 1704 945 1801 auspicia
963 1700 1019 1791 ³,
1051 1702 1318 1801 quibus
1349 1703 1500 1776 haec
1528 1704 1700 1775 urbs
1724 1703 2011 1776 condita
2049 1718 2157 1774 est
2177 1758 2196 1791 ,
2223 1703 2491 1799 quibus
2525 1705 2765 1773 omnis

631 1812 1036 1910 respublica
1090 1826 1308 1911 atque
1366 1815 1750 1912 imperium
1805 1829 2095 1886 tenetur
2119 1868 2139 1902 ‚
2188 1816 2767 1912 contempseris?

633 1924 987 2020 initioque
1050 1921 1461 1995 tribunatus
1541 1924 1646 1994 tui
1721 1926 2002 1996 senatui
2072 1924 2550 2010 denuntiaris,
2615 1924 2767 1996 tuis

632 2031 1037 2105 actionibus
1073 2056 1427 2129 augurum
1466 2058 1851 2131 responsa,
1888 2048 2104 2131 atque
2142 2036 2299 2129 ejus
2338 2034 2614 2130 collegii
2652 2060 2769 2106 ar-

630 2145 1029 2241 rogantiam
1067 2141 1585 2241 impedimento
1631 2168 1782 2214 non
1827 2142 2196 2227 futuram?
2233 2143 2641 2215 Secundum
2677 2169 2764 2216 ea

634 2279 925 2351 quaer0,
981 2255 1381 2324 servarisne
1444 2256 1516 2323 in
1583 2279 1673 2326 eo
1726 2253 1997 2325 fidem?
2047 2280 2223 2325 num
2277 2254 2570 2351 quando
2629 2254 2765 2326 tibi

633 2386 909 2436 moram
957 2361 1314 2451 attulerit,
1358 2387 1507 2460 quo
1562 2366 1803 2436 minus
1857 2361 2282 2437 concilium4
2331 2362 2764 2453 advocares,

632 2529 724 2578 fuit
766 2528 1011 2577 Vatinius.
1058 2529 1122 2577 Et
1165 2543 1268 2591 quo
1311 2527 1485 2576 melius
1523 2527 1650 2576 furta

633 2610 796 2658 omnia
833 2607 1111 2672 flagitiaque
1144 2622 1229 2654 sua
1271 2616 1524 2654 excusaret
1541 2642 1558 2668 ,
1584 2609 1651 2667 ja-

631 2687 832 2736 ctitabat
852 2703 921 2744 se,
941 2701 1260 2750 quacumque
1282 2695 1461 2747 egerat,
1485 2685 1653 2749 impel—

630 2767 762 2816 lente
815 2768 1006 2815 Caesare
1056 2764 1221 2827 egisse.
1289 2766 1459 2827 Itaque
1513 2776 1653 2813 cavet

630 2848 838 2894 maxime
873 2855 1068 2900 orator,
1111 2842 1194 2889 hic
1220 2853 1269 2890 et
1304 2843 1458 2901 iufra3
1499 2854 1556 2891 ut
1582 2843 1650 2891 ita

630 2924 881 2972 Vatinium
919 2919 1265 2983 reprehendat,
1308 2935 1370 2966 ue
1411 2920 1649 2969 Caesarem

631 2999 877 3060 offendat,
899 2997 1116 3061 Pompeii
1151 2996 1212 3044 de
1250 3014 1302 3045 se
1330 2997 1516 3062 optime
1544 3014 1648 3046 me-

628 3082 710 3130 riti
754 3093 1001 3134 socerum,
1053 3087 1379 3141 pmtereaque
1421 3076 1517 3124 sibi
1550 3077 1646 3125 hoc

626 3171 845 3224 tempore
866 3155 1225 3204 amicissimum.

703 3238 782 3285 16.
816 3234 1041 3284 Tenebris
1077 3233 1355 3281 extraham.
1389 3236 1464 3282 Ex
1488 3234 1647 3282 sordi-

626 3316 718 3365 bus
745 3316 841 3362 tuis
867 3324 916 3360 te
942 3311 1003 3360 ad
1022 3312 1179 3359 lucem
1198 3312 1501 3375 producam
1530 3312 1645 3360 uul-

627 3395 774 3457 loque
816 3390 965 3437 modo
1005 3389 1206 3437 Caesaris
1259 3388 1547 3452 dignitatem
1580 3400 1646 3438 at·

630 3477 827 3534 ungam.

697 3552 784 3597 VI.
820 3563 867 3593 1.
894 3543 1283 3608 &magor-icum.
1309 3544 1648 3606 Superstitiosi

625 3621 1112 3689 eranththagoric13
1129 3637 1229 3669 uon
1254 3637 1369 3669 vero
1390 3638 1445 3669 ea
1464 3622 1645 3674 admit.

627 3708 793 3758 tebaut
818 3718 927 3767 quae
946 3699 1146 3747 Vatinio
1169 3701 1434 3764 exprobrat
1460 3715 1645 3755 orator.

623 3791 850 3838 Ceterum
880 3795 981 3827 non
1012 3795 1171 3825 rarum
1196 3789 1269 3826 est
1295 3780 1459 3828 videre
1482 3781 1644 3829 homi-

624 3882 709 3913 nes
726 3857 1087 3910 scelestissimos
1118 3859 1452 3922 superstitiose
1470 3875 1643 3925 ειμι-ος

623 3943 831 3994 Catilina
875 3935 1201 4000 Lentulusque
1244 3937 1366 3986 illud
1414 3940 1642 4006 exemplo

625 4038 718 4073 suo
746 4015 1055 4067 confirmant.

695 4116 745 4149 ει.
774 4099 949 4145 Manes
971 4104 1204 4143 enectam.
1226 4094 1446 4156 Pisone,
1465 4112 1644 4145 com-

1739 2526 1851 2576 lere.
1906 2529 2167 2577 Rarissime
2212 2529 2309 2577 hoc
2360 2545 2505 2577 sensu
2555 2529 2765 2577 verbum

1739 2607 1865 2654 illud
1890 2609 2211 2671 praesumitur.

1813 2688 1860 2734 3.
1890 2686 2138 2750 Auspicia.
2156 2687 2245 2735 Vel
2270 2703 2530 2751 augurum,
2548 2687 2627 2734 vel
2652 2704 2762 2734 ma-

1740 2766 2029 2828 gistratuum
2066 2779 2079 2813 :
2127 2769 2322 2829 utrique
2370 2768 2498 2813 enim
2541 2768 2761 2831 auspicia

1739 2843 2002 2902 habebant,
2025 2844 2110 2892 sed
2130 2847 2435 2908 magistratus
2459 2846 2763 2910 impediendi

1738 2931 1923 2969 tantum
1951 2939 2093 2970 causa
2108 2957 2123 2981 ,
2150 2939 2354 2987 augures
2370 2926 2513 2973 etiam
2531 2940 2763 2988 compro-

1737 3000 1916 3048 bandi:
1962 3003 2013 3048 iu
2054 3019 2154 3065 quo
2194 3002 2317 3050 illud
2348 3016 2419 3051 est
2449 3003 2760 3052 animadver-

1736 3078 1964 3138 tendum,
1986 3097 2172 3128 servare
2200 3081 2261 3128 de
2280 3083 2431 3139 caelo,
2460 3099 2562 3131 uon
2587 3081 2650 3129 de
2669 3098 2762 3129 au·

1735 3157 1934 3220 guribus
1974 3158 2102 3221 dici,
2141 3161 2227 3207 sed
2270 3161 2331 3209 de
2368 3161 2758 3224 magistratibus:

1735 3235 1899 3299 itaque
1924 3236 2061 3300 quod
2087 3240 2323 3302 sequitur,
2351 3263 2376 3281 σε
2392 3241 2546 3304 Quod
2579 3258 2637 3289 eo
2674 3241 2760 3289 die

1733 3316 1881 3362 scires
1920 3315 1982 3363 de
2026 3316 2148 3364 caelo
2191 3334 2295 3366 esse
2335 3331 2577 3368 servatum
2603 3341 2657 3378 ι,
2695 3320 2763 3370 de

1733 3392 1911 3440 Bibulo
1938 3392 2119 3442 dicitur
2147 3405 2388 3459 tamquam
2411 3399 2634 3458 consule,
2652 3414 2761 3449 nou

1736 3480 1978 3535 tamquam
2001 3487 2215 3537 augure:
2234 3491 2345 3523 eum
2366 3492 2521 3540 porro
2541 3494 2762 3527 servasse

1736 3548 1797 3596 de
1822 3550 1942 3597 coelo
1966 3586 1982 3612 ,
2019 3562 2077 3598 ut
2099 3554 2284 3601 Vatinii
2311 3556 2608 3621 Cesarisque
2631 3556 2761 3620 legi·

1733 3627 1826 3675 bus
1855 3628 2136 3689 obsisteret,
2165 3633 2365 3698 ejusque
2390 3637 2601 3700 auspicia
2634 3651 2760 3684 cou-

1732 3716 1912 3770 tempta
1965 3725 2069 3756 esse
2086 3744 2102 3768 ,
2147 3710 2293 3759 docet
2348 3714 2611 3763 Suetonius
2633 3751 2650 3773 ,
2707 3726 2760 3763 et

1732 3786 1895 3833 omnis
1920 3787 2123 3836 historia
2145 3805 2159 3838 :
2187 3790 2502 3855 subjungitur
2530 3803 2578 3840 et
2604 3794 2761 3851 illud,

1731 3873 1829 3911 tres
1866 3866 2089 3915 tribunos
2114 3868 2274 3931 plebis
2306 3870 2367 3918 de
2402 3871 2522 3918 caelo
2551 3888 2758 3920 servan-

1730 3953 1803 3991 tes
1819 3978 1834 4001 ,
1860 3960 1887 3991 a
1904 3945 2132 4006 Vatinio,
2162 3957 2404 4012 tamquam
2422 3950 2642 4013 privatos
2665 3952 2758 4000 ho-

1729 4024 1914 4082 miues,
1950 4040 2055 4074 esse
2072 4037 2398 4091 contemptos.

1805 4109 1853 4155 4.
1882 4103 2169 4154 eomitissa.
2190 4106 2433 4170 Populum
2459 4124 2562 4157 uun
2588 4122 2755 4171 vocat,
