2994 4778
639 438 732 512 58
1274 443 1369 510 Μ.
1425 442 1506 509 Τ.
1559 440 2134 511 CICERONIS

635 561 831 633 bello
856 563 1059 633 victis
1088 561 1381 659 regibus
1411 586 1634 658 regna
1662 559 1966 635 reddere
1999 564 2409 652 consuevit,
2446 587 2572 637 rex
2599 569 2779 638 ami·

633 695 763 745 cus
784 725 803 759 ,
853 669 1053 743 nulla
1094 672 1362 767 injuria
1400 685 2002 758 commemorata,
2036 671 2252 747 nullis
2285 676 2609 771 repetitis
2643 702 2773 747 re-

630 779 810 869 bus,
849 804 1015 851 cum
1051 779 1264 852 bonis
1305 779 1647 853 omnibus
1682 779 2194 879 publicaretur.

726 894 1014 962 XXVIL
1049 890 1281 962 Multa
1315 889 1612 978 acerba,
1649 891 1878 963 multa
1919 892 2194 989 turpia,
2241 893 2464 965 multa
2500 895 2770 969 turbu-

626 999 821 1075 lenta
867 998 1121 1073 habuit
1171 999 1289 1072 illc
1335 1025 1569 1073 annus
1608 1026 1624 1070 ε
1675 1014 1919 1072 tamen
1967 999 2072 1070 illi
2105 1000 2396 1089 sceleri,
2434 1001 2638 1098 quod
2675 1005 2762 1074 in

619 1134 737 1181 me
770 1110 1064 1182 illorum
1100 1111 1504 1182 immanitas
1535 1109 1800 1197 edidit,
1835 1107 2031 1181 haud
2064 1110 2214 1181 scio
2246 1134 2339 1181 an
2372 1126 2568 1183 recte
2603 1110 2757 1184 hoc

620 1220 1030 1316 proximum
1091 1242 1245 1290 esse
1309 1218 1568 1291 dicam.
1632 1218 2072 1293 Antiochum
2133 1218 2338 1291 illum
2401 1225 2756 1317 Magnum

620 1328 930 1423 majores
967 1332 1232 1417 nostri,
1274 1340 1535 1427 magna
1572 1328 1744 1403 belli
1789 1330 2259 1403 contentione
2308 1343 2497 1402 terra
2536 1334 2758 1403 mari-

618 1464 763 1537 que
800 1454 1219 1536 superatum
1236 1449 1292 1529 ¹,
1330 1442 1521 1512 intra
1567 1454 1890 1517 montem
1923 1444 2239 1511 Taurum
2272 1465 2570 1537 regnare
2594 1442 2756 1536 Jus—

614 1564 899 1636 serunt3
953 1552 1224 1639 Asiam,
1273 1576 1421 1649 qua
1471 1551 1679 1623 illum
1718 1550 2157 1636 multarunt,
2201 1550 2511 1637 Attalo²,
2555 1565 2640 1621 ut
2681 1553 2753 1623 is

614 1674 949 1756 regnaret
1002 1661 1081 1731 in
1135 1685 1262 1749 ea,
1316 1660 1932 1734 condonaverunt.
1991 1664 2172 1733 Cum
2232 1661 2746 1731 Armeniorum

608 1792 821 1865 rege,
860 1773 1207 1867 Tigrane,
1249 1794 1463 1867 grave
1497 1770 1774 1844 bellum
1824 1767 2527 1867 perdiuturnumque
2570 1792 2737 1864 ges-

610 1880 876 1968 simus;
920 1903 1152 1977 quum
1185 1878 1344 1966 ille,
1380 1879 1661 1976 injuriis
1697 1883 1774 1951 in
1812 1880 2047 1950 socios
2085 1893 2375 1951 nostros
2407 1876 2736 1951 inferen-

605 1987 760 2076 dis,
796 1988 993 2062 bello
1028 1987 1309 2089 prope³
1347 2015 1482 2062 nos
1524 1990 1937 2062 lacessisset.
1986 1990 2120 2060 Hic
2160 2003 2234 2059 et
2280 1990 2435 2085 ipse
2479 2012 2610 2085 per
2651 2012 2734 2059 se

602 2096 995 2171 vehemens
1045 2095 1218 2187 fuit,
1275 2112 1349 2171 et
1392 2100 1819 2172 acerrimum
1861 2097 2146 2171 hostem
2182 2098 2401 2193 hujus
2442 2098 2736 2195 imperii

604 2206 1133 2297 Mithridatem,
1190 2208 1483 2306 pulsum
1537 2214 1805 2296 Ponto,
1850 2205 2118 2304 opibus
2165 2210 2311 2280 suis
2355 2230 2733 2303 regnoque

602 2314 958 2409 defendit3
1001 2332 1074 2391 et
1124 2342 1167 2391 a
1205 2318 1582 2409 Lucullo⁴‚
1630 2341 1918 2392 summo
1963 2318 2118 2389 viro
2161 2331 2380 2415 atque
2415 2318 2730 2415 impera-

600 2442 798 2517 tore,
839 2373 1132 2528 pulsus,
1171 2435 1416 2503 animo
1460 2446 1706 2502 tamen
1759 2428 2004 2500 hostili
2051 2451 2220 2498 cum
2267 2426 2567 2523 reliquis
2610 2450 2732 2498 co-

599 2537 734 2634 piis
777 2540 924 2611 suis
971 2540 1049 2610 in
1099 2540 1402 2637 pristina
1453 2553 1701 2612 mente
1747 2537 2031 2609 mansit.
2086 2539 2298 2606 Hunc
2334 2539 2465 2606 Cn.
2506 2540 2725 2610 Pom-

594 2649 836 2745 peius,
876 2673 1107 2745 quum
1153 2651 1232 2721 in
1279 2654 1428 2721 suis
1477 2652 1727 2721 castris
1778 2646 2180 2744 supplicem
2214 2645 2725 2743 abjectumque

589 2755 883 2830 vidisset
907 2812 926 2846 ,
969 2761 1235 2846 erexit,
1276 2774 1494 2855 atque
1537 2761 1815 2854 insigne
1852 2758 2129 2853 regium
2154 2810 2173 2842 ,
2218 2754 2417 2851 quod
2459 2755 2579 2826 ille
2624 2755 2716 2827 de

589 2890 723 2938 suo
775 2871 1008 2964 capite
1058 2867 1458 2964 abjecerat,
1514 2869 1878 2966 reposuit,
1927 2881 2038 2953 et,
2088 2866 2454 2963 imperatis
2504 2869 2720 2937 certis

587 2973 840 3061 rebuS,
877 2998 1179 3072 regnare
1205 2977 1453 3072 jussit3
1480 3001 1619 3049 nec
1655 2978 1898 3047 minus
1941 2989 2015 3046 et
2047 2972 2221 3061 sibi,
2263 2989 2336 3045 et
2377 2974 2550 3047 huic
2585 2976 2718 3047 im-

581 3087 785 3184 perio
848 3085 1239 3185 gloriosum
1299 3090 1621 3186 putavit,
1683 3087 2151 3158 constitutum
2207 3109 2247 3155 a
2305 3109 2380 3156 se
2428 3110 2672 3183 regem
2698 3140 2716 3172 ,

646 3359 867 3408 xxvtt.
900 3373 948 3406 a.
984 3359 1282 3422 Superum
1320 3361 1369 3407 A
1400 3361 1457 3408 1..
1493 3360 1598 3408 Sci-
1684 3357 1921 3421 populum
1939 3373 2190 3405 romanum
2208 3372 2438 3405 excusare
2457 3393 2472 3418 ,
2500 3359 2589 3421 qui
2611 3374 2718 3408 non

575 3437 724 3502 pinne
738 3469 756 3495 ‚
773 3435 992 3490 Affimi
1005 3436 1203 3498 maioris
1218 3436 1364 3486 fratte
1383 3452 1398 3487 ε
1423 3438 1513 3502 qni
1530 3437 1597 3486 ob
1684 3434 1932 3485 lacessitus
1950 3435 2133 3484 bellum
2145 3435 2388 3494 intulerit3
2408 3436 2492 3483 aed
2515 3450 2718 3486 excusat

577 3531 682 3564 ean
724 3530 918 3570 canaam
959 3515 1163 3564 Asiatici
1206 3530 1481 3579 oopomcn
1523 3528 1600 3566 eat
1684 3514 1830 3563 ctiam
1857 3530 1966 3561 cum
1993 3514 2161 3576 laude,
2198 3515 2335 3579 quod
2361 3515 2610 3564 sociorum
2636 3517 2713 3563 in·
2752 3515 2765 3530 '

576 3594 800 3659 adeptus.
1675 3593 1827 3654 jurias
1854 3609 1962 3641 suaa
1982 3593 2190 3642 duxerit.

571 3731 575 3735 ,
647 3689 703 3724 a.
731 3671 916 3722 Attalo.
943 3673 1170 3722 Eumenia
1194 3672 1355 3733 fratri,
1379 3674 1464 3738 qui
1490 3691 1596 3724 eam
1753 3682 1806 3731 4.
1850 3676 1893 3722 A
1917 3674 2146 3723 lucullo.
2203 3674 2304 3738 Qui
2340 3674 2710 3735 Mithridatem,

573 3762 740 3819 postea
766 3750 957 3816 populo
982 3766 1183 3800 romano
1212 3750 1425 3801 moriem
1449 3763 1596 3803 testa·
1681 3763 1827 3817 atquc
1865 3754 2007 3802 etiam
2039 3754 2296 3819 Tigranem
2333 3755 2400 3802 ita
2440 3755 2581 3818 fregit
2599 3787 2615 3812 ,
2654 3769 2717 3804 ut

571 3841 738 3880 manto
767 3829 961 3895 legavit.
1682 3833 1920 3895 Pompeio
1935 3868 1951 3890 ‚
1976 3834 2062 3900 qui
2082 3837 2340 3895 successit,
2365 3851 2465 3883 non
2486 3832 2716 3883 difficiles

646 3907 695 3959 3.
741 3908 873 3958 Bello
903 3924 1079 3972 prope.
1129 3910 1245 3957 Non
1283 3909 1412 3959 enim
1461 3911 1594 3962 bello
1682 3909 1800 3958 beni
1824 3911 2051 3974 reliquias
2075 3913 2325 3962 tradiderit
2349 3929 2363 3963 :
2389 3913 2521 3961 unde
2547 3913 2713 3961 inimi-

572 3990 804 4054 ‘rign-me·
843 3989 1090 4035 Romanos
1132 3986 1406 4037 laceaaivit·
1390 4024 1408 4052 ‚
1470 3988 1591 4048 aed,
1684 3988 1905 4036 citiarum
1929 3992 2056 4038 iuter
2081 4007 2166 4040 eoa
2187 3994 2328 4057 origo
2353 3992 2528 4042 fluxit:
2557 4009 2711 4058 quum

572 4066 805 4118 vexandis
833 4065 1003 4124 aociia,
1033 4063 1170 4128 quaai
1202 4065 1382 4115 bouum
1414 4067 1591 4116 inferre
1680 4077 1888 4129 uterque
1911 4069 2014 4129 eiua
2032 4070 2150 4117 belli
2167 4072 2369 4133 gloriam
2396 4073 2459 4121 ad
2481 4089 2532 4122 ae
2550 4072 2713 4121 trahe-

573 4146 865 4195 videbatur·
852 4183 865 4194 .
914 4159 1015 4192 uon
1056 4142 1170 4194 satio
1205 4142 1350 4193 habat
1387 4145 1589 4206 Cicero,
1681 4156 1769 4195 ret.
1791 4146 2073 4196 Plutarchus
2092 4160 2143 4197 et
2161 4149 2259 4197 alii.
