<?xml version="1.0" encoding="UTF-8"?>
<!DOCTYPE html PUBLIC "-//W3C//DTD XHTML 1.0 Transitional//EN"
    "http://www.w3.org/TR/xhtml1/DTD/xhtml1-transitional.dtd">
<html xmlns="http://www.w3.org/1999/xhtml" xml:lang="en" lang="en">
 <head>
  <title>
</title>
<meta http-equiv="Content-Type" content="text/html;charset=utf-8" />
  <meta name='ocr-system' content='tesseract 3.04.00' />
  <meta name='ocr-capabilities' content='ocr_page ocr_carea ocr_par ocr_line ocrx_word'/>
</head>
<body>
  <div class='ocr_page' id='page_1' title='image "./mtciceronisquae06lemagoog_0518.png"; bbox 0 0 2994 4778; ppageno 0'>
   <div class='ocr_carea' id='block_1_1' title="bbox 581 378 2070 451">
    <p class='ocr_par' dir='ltr' id='par_1_1' title="bbox 581 378 2070 451">
     <span class='ocr_line' id='line_1_1' title="bbox 581 378 2070 451; baseline -0.002 0"><span class='ocrx_word' id='word_1_1' title='bbox 581 378 719 451; x_wconf 85' lang='lat'>508</span> <span class='ocrx_word' id='word_1_2' title='bbox 1212 382 1310 448; x_wconf 92' lang='grc' dir='ltr'>Μ.</span> <span class='ocrx_word' id='word_1_3' title='bbox 1361 384 1438 448; x_wconf 88' lang='grc' dir='ltr'>Τ.</span> <span class='ocrx_word' id='word_1_4' title='bbox 1494 382 2070 450; x_wconf 87' lang='lat' dir='ltr'>CICERONIS</span> 
     </span>
    </p>
   </div>
   <div class='ocr_carea' id='block_1_2' title="bbox 575 497 2733 2798">
    <p class='ocr_par' dir='ltr' id='par_1_2' title="bbox 575 497 2733 1586">
     <span class='ocr_line' id='line_1_2' title="bbox 581 497 2733 596; baseline -0.002 -23"><span class='ocrx_word' id='word_1_5' title='bbox 581 518 801 574; x_wconf 87' lang='lat' dir='ltr'>noctu</span> <span class='ocrx_word' id='word_1_6' title='bbox 856 525 1312 572; x_wconf 88' lang='lat' dir='ltr'>accessurum</span> <span class='ocrx_word' id='word_1_7' title='bbox 1367 501 1676 588; x_wconf 87' lang='lat' dir='ltr'>sciebat,</span> <span class='ocrx_word' id='word_1_8' title='bbox 1719 497 2284 571; x_wconf 71' lang='lat' dir='ltr'>subsidendum⁴</span> <span class='ocrx_word' id='word_1_9' title='bbox 2330 514 2555 596; x_wconf 85' lang='lat' dir='ltr'>atque</span> <span class='ocrx_word' id='word_1_10' title='bbox 2594 526 2733 570; x_wconf 85' lang='lat' dir='ltr'>ex·-</span> 
     </span>
     <span class='ocr_line' id='line_1_3' title="bbox 577 609 2729 709; baseline -0.003 -24"><span class='ocrx_word' id='word_1_11' title='bbox 577 611 1051 709; x_wconf 87' lang='lat' dir='ltr'>spectandum</span> <span class='ocrx_word' id='word_1_12' title='bbox 1095 610 1253 682; x_wconf 86' lang='lat' dir='ltr'>fuit.</span> <span class='ocrx_word' id='word_1_13' title='bbox 1289 616 1570 698; x_wconf 86' lang='lat' dir='ltr'>Noctu,</span> <span class='ocrx_word' id='word_1_14' title='bbox 1608 611 1967 681; x_wconf 85' lang='lat' dir='ltr'>invidioso</span> <span class='ocrx_word' id='word_1_15' title='bbox 1995 624 2067 680; x_wconf 88' lang='lat' dir='ltr'>et</span> <span class='ocrx_word' id='word_1_16' title='bbox 2101 609 2316 707; x_wconf 90' lang='lat' dir='ltr'>pleno</span> <span class='ocrx_word' id='word_1_17' title='bbox 2346 610 2729 679; x_wconf 86' lang='lat' dir='ltr'>latronum</span> 
     </span>
     <span class='ocr_line' id='line_1_4' title="bbox 575 719 2732 817; baseline -0.002 -24"><span class='ocrx_word' id='word_1_18' title='bbox 575 726 652 793; x_wconf 90' lang='lat' dir='ltr'>in</span> <span class='ocrx_word' id='word_1_19' title='bbox 691 723 853 792; x_wconf 91' lang='lat' dir='ltr'>loco</span> <span class='ocrx_word' id='word_1_20' title='bbox 890 721 1284 792; x_wconf 88' lang='lat' dir='ltr'>occidisset.</span> <span class='ocrx_word' id='word_1_21' title='bbox 1331 725 1562 794; x_wconf 88' lang='lat' dir='ltr'>Nemo</span> <span class='ocrx_word' id='word_1_22' title='bbox 1607 723 1671 791; x_wconf 91' lang='lat' dir='ltr'>ei</span> <span class='ocrx_word' id='word_1_23' title='bbox 1722 724 2011 817; x_wconf 85' lang='lat' dir='ltr'>neganti</span> <span class='ocrx_word' id='word_1_24' title='bbox 2064 744 2212 790; x_wconf 89' lang='lat' dir='ltr'>non</span> <span class='ocrx_word' id='word_1_25' title='bbox 2248 719 2685 790; x_wconf 82' lang='lat' dir='ltr'>credidisset</span> <span class='ocrx_word' id='word_1_26' title='bbox 2709 772 2732 803; x_wconf 87' lang='lat'>‚</span> 
     </span>
     <span class='ocr_line' id='line_1_5' title="bbox 578 829 2732 930; baseline -0.002 -27"><span class='ocrx_word' id='word_1_27' title='bbox 578 858 800 930; x_wconf 90' lang='lat' dir='ltr'>quem</span> <span class='ocrx_word' id='word_1_28' title='bbox 831 857 983 903; x_wconf 88' lang='lat' dir='ltr'>esse</span> <span class='ocrx_word' id='word_1_29' title='bbox 1012 857 1264 903; x_wconf 88' lang='lat' dir='ltr'>omnes</span> <span class='ocrx_word' id='word_1_30' title='bbox 1292 831 1565 902; x_wconf 87' lang='lat' dir='ltr'>salvum</span> <span class='ocrx_word' id='word_1_31' title='bbox 1589 887 1608 918; x_wconf 89' lang='lat'>‚</span> <span class='ocrx_word' id='word_1_32' title='bbox 1644 832 1856 901; x_wconf 91' lang='lat' dir='ltr'>etiam</span> <span class='ocrx_word' id='word_1_33' title='bbox 1895 829 2365 901; x_wconf 84' lang='lat' dir='ltr'>confitentem</span> <span class='ocrx_word' id='word_1_34' title='bbox 2388 884 2408 915; x_wconf 86' lang='lat'>‚</span> <span class='ocrx_word' id='word_1_35' title='bbox 2439 830 2732 899; x_wconf 89' lang='lat' dir='ltr'>volunt.</span> 
     </span>
     <span class='ocr_line' id='line_1_6' title="bbox 581 939 2733 1037; baseline -0.001 -24"><span class='ocrx_word' id='word_1_36' title='bbox 581 944 1049 1013; x_wconf 77' lang='lat' dir='ltr'>sustinuisset</span> <span class='ocrx_word' id='word_1_37' title='bbox 1082 940 1218 1011; x_wconf 88' lang='lat' dir='ltr'>hoc</span> <span class='ocrx_word' id='word_1_38' title='bbox 1247 942 1521 1011; x_wconf 78' lang='lat' dir='ltr'>crimen</span> <span class='ocrx_word' id='word_1_39' title='bbox 1552 943 2039 1037; x_wconf 85' lang='lat' dir='ltr'>primumipse.</span> <span class='ocrx_word' id='word_1_40' title='bbox 2059 939 2180 1010; x_wconf 90' lang='lat' dir='ltr'>ille</span> <span class='ocrx_word' id='word_1_41' title='bbox 2213 939 2582 1010; x_wconf 85' lang='lat' dir='ltr'>latronum</span> <span class='ocrx_word' id='word_1_42' title='bbox 2608 964 2733 1010; x_wconf 89' lang='lat' dir='ltr'>oc-</span> 
     </span>
     <span class='ocr_line' id='line_1_7' title="bbox 580 1049 2728 1149; baseline -0.002 -26"><span class='ocrx_word' id='word_1_43' title='bbox 580 1049 922 1123; x_wconf 87' lang='lat' dir='ltr'>cultator⁵</span> <span class='ocrx_word' id='word_1_44' title='bbox 954 1065 1027 1121; x_wconf 92' lang='lat' dir='ltr'>et</span> <span class='ocrx_word' id='word_1_45' title='bbox 1058 1065 1465 1149; x_wconf 84' lang='lat' dir='ltr'>receptator</span> <span class='ocrx_word' id='word_1_46' title='bbox 1489 1051 1691 1121; x_wconf 90' lang='lat' dir='ltr'>locus</span> <span class='ocrx_word' id='word_1_47' title='bbox 1712 1104 1732 1133; x_wconf 85' lang='lat'>‚</span> <span class='ocrx_word' id='word_1_48' title='bbox 1768 1074 1997 1147; x_wconf 90' lang='lat' dir='ltr'>quum</span> <span class='ocrx_word' id='word_1_49' title='bbox 2032 1075 2275 1146; x_wconf 90' lang='lat' dir='ltr'>neque</span> <span class='ocrx_word' id='word_1_50' title='bbox 2314 1065 2520 1126; x_wconf 85' lang='lat' dir='ltr'>muta</span> <span class='ocrx_word' id='word_1_51' title='bbox 2552 1050 2728 1121; x_wconf 91' lang='lat' dir='ltr'>soli-</span> 
     </span>
     <span class='ocr_line' id='line_1_8' title="bbox 582 1159 2726 1257; baseline -0.001 -26"><span class='ocrx_word' id='word_1_52' title='bbox 582 1159 761 1232; x_wconf 87' lang='lat' dir='ltr'>tudo</span> <span class='ocrx_word' id='word_1_53' title='bbox 787 1160 1201 1244; x_wconf 86' lang='lat' dir='ltr'>iudicasset‚</span> <span class='ocrx_word' id='word_1_54' title='bbox 1225 1185 1463 1257; x_wconf 90' lang='lat' dir='ltr'>neque</span> <span class='ocrx_word' id='word_1_55' title='bbox 1490 1185 1672 1231; x_wconf 87' lang='lat' dir='ltr'>caeca</span> <span class='ocrx_word' id='word_1_56' title='bbox 1697 1185 1842 1230; x_wconf 88' lang='lat' dir='ltr'>nox</span> <span class='ocrx_word' id='word_1_57' title='bbox 1867 1160 2296 1231; x_wconf 82' lang='lat' dir='ltr'>ostendisset</span> <span class='ocrx_word' id='word_1_58' title='bbox 2322 1161 2677 1231; x_wconf 89' lang='lat' dir='ltr'>Milonem</span> <span class='ocrx_word' id='word_1_59' title='bbox 2707 1188 2726 1228; x_wconf 74' lang='grc' dir='ltr'><strong><em>ε</em></strong></span> 
     </span>
     <span class='ocr_line' id='line_1_9' title="bbox 585 1267 2726 1368; baseline 0.001 -29"><span class='ocrx_word' id='word_1_60' title='bbox 585 1270 847 1341; x_wconf 87' lang='lat' dir='ltr'>deinde</span> <span class='ocrx_word' id='word_1_61' title='bbox 888 1270 990 1340; x_wconf 92' lang='lat' dir='ltr'>ibi</span> <span class='ocrx_word' id='word_1_62' title='bbox 1028 1270 1234 1340; x_wconf 90' lang='lat' dir='ltr'>multi</span> <span class='ocrx_word' id='word_1_63' title='bbox 1282 1270 1372 1341; x_wconf 89' lang='lat' dir='ltr'>ab</span> <span class='ocrx_word' id='word_1_64' title='bbox 1425 1270 1550 1342; x_wconf 92' lang='lat' dir='ltr'>illo</span> <span class='ocrx_word' id='word_1_65' title='bbox 1606 1267 1916 1353; x_wconf 77' lang='lat' dir='ltr'>viola&#39;ti6‚</span> <span class='ocrx_word' id='word_1_66' title='bbox 1972 1271 2296 1368; x_wconf 87' lang='lat' dir='ltr'>spoliati,</span> <span class='ocrx_word' id='word_1_67' title='bbox 2334 1270 2547 1341; x_wconf 90' lang='lat' dir='ltr'>bonis</span> <span class='ocrx_word' id='word_1_68' title='bbox 2596 1296 2726 1341; x_wconf 80' lang='lat' dir='ltr'>ex·</span> 
     </span>
     <span class='ocr_line' id='line_1_10' title="bbox 581 1378 2722 1478; baseline -0.001 -27"><span class='ocrx_word' id='word_1_69' title='bbox 581 1381 810 1478; x_wconf 87' lang='lat' dir='ltr'>pulsi,</span> <span class='ocrx_word' id='word_1_70' title='bbox 843 1380 1053 1450; x_wconf 87' lang='lat' dir='ltr'>multi</span> <span class='ocrx_word' id='word_1_71' title='bbox 1087 1384 1297 1450; x_wconf 88' lang='lat' dir='ltr'>etiam</span> <span class='ocrx_word' id='word_1_72' title='bbox 1339 1381 1487 1451; x_wconf 83' lang='lat' dir='ltr'>hoec</span> <span class='ocrx_word' id='word_1_73' title='bbox 1516 1384 1851 1451; x_wconf 87' lang='lat' dir='ltr'>timentes</span> <span class='ocrx_word' id='word_1_74' title='bbox 1877 1382 1951 1449; x_wconf 89' lang='lat' dir='ltr'>in</span> <span class='ocrx_word' id='word_1_75' title='bbox 1982 1381 2469 1476; x_wconf 83' lang='lat' dir='ltr'>suspicionem</span> <span class='ocrx_word' id='word_1_76' title='bbox 2509 1378 2722 1449; x_wconf 86' lang='lat' dir='ltr'>cade-</span> 
     </span>
     <span class='ocr_line' id='line_1_11' title="bbox 587 1488 2251 1586; baseline -0.001 -27"><span class='ocrx_word' id='word_1_77' title='bbox 587 1505 787 1578; x_wconf 83' lang='lat' dir='ltr'>rent3</span> <span class='ocrx_word' id='word_1_78' title='bbox 829 1505 978 1561; x_wconf 87' lang='lat' dir='ltr'>tota</span> <span class='ocrx_word' id='word_1_79' title='bbox 1015 1488 1335 1586; x_wconf 87' lang='lat' dir='ltr'>denique</span> <span class='ocrx_word' id='word_1_80' title='bbox 1369 1516 1490 1561; x_wconf 87' lang='lat' dir='ltr'>rea</span> <span class='ocrx_word' id='word_1_81' title='bbox 1529 1492 1871 1561; x_wconf 81' lang='lat' dir='ltr'>citaretur</span> <span class='ocrx_word' id='word_1_82' title='bbox 1906 1492 2184 1560; x_wconf 80' lang='lat' dir='ltr'>Etruria</span> <span class='ocrx_word' id='word_1_83' title='bbox 2203 1500 2251 1559; x_wconf 87' lang='lat'>⁷.</span> 
     </span>
    </p>

    <p class='ocr_par' dir='ltr' id='par_1_3' title="bbox 584 1597 2729 2337">
     <span class='ocr_line' id='line_1_12' title="bbox 687 1597 2729 1695; baseline 0 -26"><span class='ocrx_word' id='word_1_84' title='bbox 687 1604 926 1695; x_wconf 88' lang='lat' dir='ltr'>Atque</span> <span class='ocrx_word' id='word_1_85' title='bbox 959 1599 1086 1670; x_wconf 89' lang='lat' dir='ltr'>illo</span> <span class='ocrx_word' id='word_1_86' title='bbox 1130 1600 1247 1668; x_wconf 88' lang='lat' dir='ltr'>die</span> <span class='ocrx_word' id='word_1_87' title='bbox 1292 1614 1487 1671; x_wconf 86' lang='lat' dir='ltr'>certe</span> <span class='ocrx_word' id='word_1_88' title='bbox 1524 1600 1754 1671; x_wconf 83' lang='lat' dir='ltr'>Aricia</span> <span class='ocrx_word' id='word_1_89' title='bbox 1777 1599 2063 1670; x_wconf 90' lang='lat' dir='ltr'>rediens</span> <span class='ocrx_word' id='word_1_90' title='bbox 2091 1597 2398 1669; x_wconf 87' lang='lat' dir='ltr'>devertit</span> <span class='ocrx_word' id='word_1_91' title='bbox 2424 1598 2729 1693; x_wconf 78' lang='lat' dir='ltr'>Clodius</span> 
     </span>
     <span class='ocr_line' id='line_1_13' title="bbox 585 1705 2728 1798; baseline 0 -20"><span class='ocrx_word' id='word_1_92' title='bbox 585 1706 674 1779; x_wconf 88' lang='lat' dir='ltr'>ad</span> <span class='ocrx_word' id='word_1_93' title='bbox 705 1705 813 1777; x_wconf 81' lang='lat' dir='ltr'>se⁸</span> <span class='ocrx_word' id='word_1_94' title='bbox 849 1710 922 1776; x_wconf 91' lang='lat' dir='ltr'>in</span> <span class='ocrx_word' id='word_1_95' title='bbox 953 1706 1330 1779; x_wconf 89' lang='lat' dir='ltr'>Albanum.</span> <span class='ocrx_word' id='word_1_96' title='bbox 1354 1707 1567 1798; x_wconf 86' lang='lat' dir='ltr'>Quod</span> <span class='ocrx_word' id='word_1_97' title='bbox 1603 1725 1686 1779; x_wconf 89' lang='lat' dir='ltr'>ut</span> <span class='ocrx_word' id='word_1_98' title='bbox 1715 1711 1925 1780; x_wconf 88' lang='lat' dir='ltr'>sciret</span> <span class='ocrx_word' id='word_1_99' title='bbox 1961 1708 2171 1793; x_wconf 86' lang='lat' dir='ltr'>Milo,</span> <span class='ocrx_word' id='word_1_100' title='bbox 2200 1708 2405 1778; x_wconf 89' lang='lat' dir='ltr'>illum</span> <span class='ocrx_word' id='word_1_101' title='bbox 2426 1709 2728 1779; x_wconf 80' lang='lat' dir='ltr'>Ariciae9</span> 
     </span>
     <span class='ocr_line' id='line_1_14' title="bbox 585 1817 2726 1914; baseline 0 -27"><span class='ocrx_word' id='word_1_102' title='bbox 585 1817 835 1903; x_wconf 87' lang='lat' dir='ltr'>fuisse,</span> <span class='ocrx_word' id='word_1_103' title='bbox 873 1819 1218 1914; x_wconf 86' lang='lat' dir='ltr'>suspicari</span> <span class='ocrx_word' id='word_1_104' title='bbox 1257 1824 1499 1890; x_wconf 83' lang='lat' dir='ltr'>tamen</span> <span class='ocrx_word' id='word_1_105' title='bbox 1528 1819 1818 1903; x_wconf 78' lang='lat' dir='ltr'>debuit,</span> <span class='ocrx_word' id='word_1_106' title='bbox 1864 1818 2031 1889; x_wconf 88' lang='lat' dir='ltr'>eum</span> <span class='ocrx_word' id='word_1_107' title='bbox 2054 1873 2073 1904; x_wconf 89' lang='lat'>‚</span> <span class='ocrx_word' id='word_1_108' title='bbox 2111 1822 2393 1895; x_wconf 80' lang='lat' dir='ltr'>etiamsi</span> <span class='ocrx_word' id='word_1_109' title='bbox 2417 1822 2726 1888; x_wconf 84' lang='lat' dir='ltr'>Romam</span> 
     </span>
     <span class='ocr_line' id='line_1_15' title="bbox 585 1926 2724 2035; baseline -0 -37"><span class='ocrx_word' id='word_1_110' title='bbox 585 1928 709 2035; x_wconf 48' lang='lat'>{¹¹⁰</span> <span class='ocrx_word' id='word_1_111' title='bbox 747 1928 861 1998; x_wconf 86' lang='lat' dir='ltr'>die</span> <span class='ocrx_word' id='word_1_112' title='bbox 897 1930 1161 1998; x_wconf 88' lang='lat' dir='ltr'>reverti</span> <span class='ocrx_word' id='word_1_113' title='bbox 1190 1930 1435 2013; x_wconf 85' lang='lat' dir='ltr'>vellet,</span> <span class='ocrx_word' id='word_1_114' title='bbox 1474 1931 1563 2000; x_wconf 87' lang='lat' dir='ltr'>ad</span> <span class='ocrx_word' id='word_1_115' title='bbox 1603 1930 1841 1999; x_wconf 87' lang='lat' dir='ltr'>villam</span> <span class='ocrx_word' id='word_1_116' title='bbox 1880 1926 2117 2017; x_wconf 85' lang='lat' dir='ltr'>suam,</span> <span class='ocrx_word' id='word_1_117' title='bbox 2151 1954 2312 2026; x_wconf 84' lang='lat' dir='ltr'>quae</span> <span class='ocrx_word' id='word_1_118' title='bbox 2342 1934 2532 1999; x_wconf 86' lang='lat' dir='ltr'>viam</span> <span class='ocrx_word' id='word_1_119' title='bbox 2562 1945 2724 1998; x_wconf 89' lang='lat' dir='ltr'>tan-</span> 
     </span>
     <span class='ocr_line' id='line_1_16' title="bbox 584 2038 2725 2139; baseline 0 -31"><span class='ocrx_word' id='word_1_120' title='bbox 584 2053 824 2135; x_wconf 86' lang='lat' dir='ltr'>geret,</span> <span class='ocrx_word' id='word_1_121' title='bbox 869 2038 1360 2111; x_wconf 88' lang='lat' dir='ltr'>deversurum.</span> <span class='ocrx_word' id='word_1_122' title='bbox 1406 2045 1557 2112; x_wconf 91' lang='lat' dir='ltr'>Cur</span> <span class='ocrx_word' id='word_1_123' title='bbox 1595 2067 1832 2139; x_wconf 87' lang='lat' dir='ltr'>neque</span> <span class='ocrx_word' id='word_1_124' title='bbox 1867 2055 2034 2112; x_wconf 87' lang='lat' dir='ltr'>ante</span> <span class='ocrx_word' id='word_1_125' title='bbox 2080 2043 2442 2124; x_wconf 80' lang='lat' dir='ltr'>occurrit,</span> <span class='ocrx_word' id='word_1_126' title='bbox 2481 2067 2571 2111; x_wconf 90' lang='lat' dir='ltr'>ne</span> <span class='ocrx_word' id='word_1_127' title='bbox 2600 2042 2725 2110; x_wconf 89' lang='lat' dir='ltr'>ille</span> 
     </span>
     <span class='ocr_line' id='line_1_17' title="bbox 587 2149 2725 2248; baseline 0.001 -31"><span class='ocrx_word' id='word_1_128' title='bbox 587 2150 659 2218; x_wconf 91' lang='lat' dir='ltr'>in</span> <span class='ocrx_word' id='word_1_129' title='bbox 697 2150 862 2220; x_wconf 86' lang='lat' dir='ltr'>villa</span> <span class='ocrx_word' id='word_1_130' title='bbox 893 2149 1237 2222; x_wconf 88' lang='lat' dir='ltr'>resideret</span> <span class='ocrx_word' id='word_1_131' title='bbox 1263 2162 1367 2238; x_wconf 81' lang='lat'>¹⁰3</span> <span class='ocrx_word' id='word_1_132' title='bbox 1405 2176 1539 2223; x_wconf 89' lang='lat' dir='ltr'>nec</span> <span class='ocrx_word' id='word_1_133' title='bbox 1585 2178 1673 2223; x_wconf 91' lang='lat' dir='ltr'>eo</span> <span class='ocrx_word' id='word_1_134' title='bbox 1711 2156 1785 2223; x_wconf 92' lang='lat' dir='ltr'>in</span> <span class='ocrx_word' id='word_1_135' title='bbox 1826 2152 1989 2224; x_wconf 93' lang='lat' dir='ltr'>loco</span> <span class='ocrx_word' id='word_1_136' title='bbox 2031 2151 2387 2237; x_wconf 86' lang='lat' dir='ltr'>subsedit,</span> <span class='ocrx_word' id='word_1_137' title='bbox 2422 2177 2573 2248; x_wconf 90' lang='lat' dir='ltr'>quo</span> <span class='ocrx_word' id='word_1_138' title='bbox 2600 2151 2725 2220; x_wconf 88' lang='lat' dir='ltr'>ille</span> 
     </span>
     <span class='ocr_line' id='line_1_18' title="bbox 589 2265 1547 2337; baseline 0.009 -10"><span class='ocrx_word' id='word_1_139' title='bbox 589 2275 814 2329; x_wconf 89' lang='lat' dir='ltr'>noctu</span> <span class='ocrx_word' id='word_1_140' title='bbox 855 2276 1206 2331; x_wconf 87' lang='lat' dir='ltr'>venturus</span> <span class='ocrx_word' id='word_1_141' title='bbox 1243 2265 1470 2332; x_wconf 84' lang='lat' dir='ltr'>esset?</span> <span class='ocrx_word' id='word_1_142' title='bbox 1542 2333 1547 2337; x_wconf 79' lang='grc'>,</span> 
     </span>
    </p>

    <p class='ocr_par' dir='ltr' id='par_1_4' title="bbox 582 2364 2727 2798">
     <span class='ocr_line' id='line_1_19' title="bbox 685 2364 2726 2468; baseline 0.001 -30"><span class='ocrx_word' id='word_1_143' title='bbox 685 2369 917 2440; x_wconf 89' lang='lat' dir='ltr'>Video</span> <span class='ocrx_word' id='word_1_144' title='bbox 951 2368 1189 2442; x_wconf 85' lang='lat' dir='ltr'>adhuc</span> <span class='ocrx_word' id='word_1_145' title='bbox 1215 2388 1546 2443; x_wconf 86' lang='lat' dir='ltr'>constare</span> <span class='ocrx_word' id='word_1_146' title='bbox 1576 2376 1851 2456; x_wconf 85' lang='lat' dir='ltr'>omnia,</span> <span class='ocrx_word' id='word_1_147' title='bbox 1872 2364 2192 2468; x_wconf 78' lang='lat' dir='ltr'>judices:</span> <span class='ocrx_word' id='word_1_148' title='bbox 2223 2371 2477 2443; x_wconf 88' lang='lat' dir='ltr'>Miloni</span> <span class='ocrx_word' id='word_1_149' title='bbox 2511 2375 2726 2443; x_wconf 85' lang='lat' dir='ltr'>etiam</span> 
     </span>
     <span class='ocr_line' id='line_1_20' title="bbox 585 2478 2724 2579; baseline 0.002 -31"><span class='ocrx_word' id='word_1_150' title='bbox 585 2480 760 2551; x_wconf 88' lang='lat' dir='ltr'>utile</span> <span class='ocrx_word' id='word_1_151' title='bbox 803 2478 1020 2552; x_wconf 88' lang='lat' dir='ltr'>fuisse</span> <span class='ocrx_word' id='word_1_152' title='bbox 1074 2481 1407 2552; x_wconf 87' lang='lat' dir='ltr'>Clodium</span> <span class='ocrx_word' id='word_1_153' title='bbox 1448 2487 1727 2571; x_wconf 81' lang='lat' dir='ltr'>vivere3</span> <span class='ocrx_word' id='word_1_154' title='bbox 1782 2485 1883 2554; x_wconf 89' lang='lat' dir='ltr'>illi</span> <span class='ocrx_word' id='word_1_155' title='bbox 1928 2482 2019 2554; x_wconf 84' lang='lat' dir='ltr'>ad</span> <span class='ocrx_word' id='word_1_156' title='bbox 2057 2508 2171 2568; x_wconf 80' lang='lat' dir='ltr'>ea,</span> <span class='ocrx_word' id='word_1_157' title='bbox 2226 2479 2390 2579; x_wconf 83' lang='lat' dir='ltr'>quae</span> <span class='ocrx_word' id='word_1_158' title='bbox 2446 2508 2724 2553; x_wconf 86' lang='lat' dir='ltr'>concu-</span> 
     </span>
     <span class='ocr_line' id='line_1_21' title="bbox 584 2593 2727 2688; baseline 0.002 -29"><span class='ocrx_word' id='word_1_159' title='bbox 584 2593 847 2687; x_wconf 83' lang='lat' dir='ltr'>pierat,</span> <span class='ocrx_word' id='word_1_160' title='bbox 879 2595 1408 2688; x_wconf 90' lang='lat' dir='ltr'>optatissimum</span> <span class='ocrx_word' id='word_1_161' title='bbox 1438 2596 1808 2665; x_wconf 88' lang='lat' dir='ltr'>interitum</span> <span class='ocrx_word' id='word_1_162' title='bbox 1841 2594 2132 2665; x_wconf 85' lang='lat' dir='ltr'>Milonis</span> <span class='ocrx_word' id='word_1_163' title='bbox 2169 2621 2183 2662; x_wconf 89' lang='lat'><strong>:</strong></span> <span class='ocrx_word' id='word_1_164' title='bbox 2217 2594 2468 2664; x_wconf 86' lang='lat' dir='ltr'>odium</span> <span class='ocrx_word' id='word_1_165' title='bbox 2507 2593 2727 2664; x_wconf 89' lang='lat' dir='ltr'>fuisse</span> 
     </span>
     <span class='ocr_line' id='line_1_22' title="bbox 582 2701 2722 2798; baseline 0 -28"><span class='ocrx_word' id='word_1_166' title='bbox 582 2701 771 2771; x_wconf 86' lang='lat' dir='ltr'>illius</span> <span class='ocrx_word' id='word_1_167' title='bbox 794 2703 867 2771; x_wconf 89' lang='lat' dir='ltr'>in</span> <span class='ocrx_word' id='word_1_168' title='bbox 895 2701 1091 2771; x_wconf 88' lang='lat' dir='ltr'>hunc</span> <span class='ocrx_word' id='word_1_169' title='bbox 1119 2701 1692 2792; x_wconf 80' lang='lat' dir='ltr'>acerbissimum3</span> <span class='ocrx_word' id='word_1_170' title='bbox 1728 2708 1799 2775; x_wconf 89' lang='lat' dir='ltr'>in</span> <span class='ocrx_word' id='word_1_171' title='bbox 1834 2706 2037 2775; x_wconf 90' lang='lat' dir='ltr'>illum</span> <span class='ocrx_word' id='word_1_172' title='bbox 2067 2703 2287 2798; x_wconf 83' lang='lat' dir='ltr'>hujus</span> <span class='ocrx_word' id='word_1_173' title='bbox 2309 2714 2366 2747; x_wconf 86' lang='lat'>¹¹</span> <span class='ocrx_word' id='word_1_174' title='bbox 2396 2703 2675 2773; x_wconf 91' lang='lat' dir='ltr'>nullum</span> <span class='ocrx_word' id='word_1_175' title='bbox 2704 2731 2722 2770; x_wconf 90' lang='lat'>:</span> 
     </span>
    </p>
   </div>
   <div class='ocr_carea' id='block_1_3' title="bbox 584 2845 2726 3070">
    <p class='ocr_par' dir='ltr' id='par_1_5' title="bbox 584 2845 2726 3070">
     <span class='ocr_line' id='line_1_23' title="bbox 654 2845 2718 2913; baseline -0.002 -17"><span class='ocrx_word' id='word_1_176' title='bbox 654 2857 702 2903; x_wconf 69' lang='grc'>4.</span> <span class='ocrx_word' id='word_1_177' title='bbox 741 2845 1119 2895; x_wconf 77' lang='lat' dir='ltr'>Subsidendum.</span> <span class='ocrx_word' id='word_1_178' title='bbox 1160 2849 1224 2894; x_wconf 80' lang='grc' dir='ltr'>Η.</span> <span class='ocrx_word' id='word_1_179' title='bbox 1260 2864 1304 2895; x_wconf 89' lang='lat' dir='ltr'>e.</span> <span class='ocrx_word' id='word_1_180' title='bbox 1348 2847 1399 2894; x_wconf 87' lang='lat' dir='ltr'>in</span> <span class='ocrx_word' id='word_1_181' title='bbox 1438 2847 1606 2913; x_wconf 77' lang='lat' dir='ltr'>aliquo</span> <span class='ocrx_word' id='word_1_182' title='bbox 1694 2849 1862 2897; x_wconf 81' lang='lat' dir='ltr'>multis</span> <span class='ocrx_word' id='word_1_183' title='bbox 1899 2848 1995 2906; x_wconf 75' lang='lat' dir='ltr'>ad,</span> <span class='ocrx_word' id='word_1_184' title='bbox 2038 2848 2116 2896; x_wconf 79' lang='lat' dir='ltr'>vel</span> <span class='ocrx_word' id='word_1_185' title='bbox 2164 2847 2215 2895; x_wconf 78' lang='grc' dir='ltr'>ἰη</span> <span class='ocrx_word' id='word_1_186' title='bbox 2255 2848 2496 2894; x_wconf 66' lang='lat' dir='ltr'>Albanum</span> <span class='ocrx_word' id='word_1_187' title='bbox 2540 2846 2718 2909; x_wconf 72' lang='lat' dir='ltr'>glossa</span> 
     </span>
     <span class='ocr_line' id='line_1_24' title="bbox 584 2924 2726 3000; baseline -0.001 -26"><span class='ocrx_word' id='word_1_188' title='bbox 584 2927 698 2974; x_wconf 85' lang='lat' dir='ltr'>loco</span> <span class='ocrx_word' id='word_1_189' title='bbox 728 2925 892 2972; x_wconf 78' lang='lat' dir='ltr'>furtim</span> <span class='ocrx_word' id='word_1_190' title='bbox 920 2926 1244 2986; x_wconf 84' lang='lat' dir='ltr'>manendum,</span> <span class='ocrx_word' id='word_1_191' title='bbox 1274 2937 1322 2974; x_wconf 87' lang='lat' dir='ltr'>et</span> <span class='ocrx_word' id='word_1_192' title='bbox 1345 2927 1399 2973; x_wconf 90' lang='lat' dir='ltr'>in</span> <span class='ocrx_word' id='word_1_193' title='bbox 1415 2926 1607 2974; x_wconf 82' lang='lat' dir='ltr'>insidiis</span> <span class='ocrx_word' id='word_1_194' title='bbox 1694 2938 1972 2991; x_wconf 83' lang='lat' dir='ltr'>suspectum</span> <span class='ocrx_word' id='word_1_195' title='bbox 1995 2937 2083 3000; x_wconf 71' lang='lat' dir='ltr'>est.</span> <span class='ocrx_word' id='word_1_196' title='bbox 2107 2955 2174 2963; x_wconf 90' lang='grc'><strong>-</strong></span> <span class='ocrx_word' id='word_1_197' title='bbox 2200 2926 2285 2973; x_wconf 77' lang='lat' dir='ltr'>Ad</span> <span class='ocrx_word' id='word_1_198' title='bbox 2315 2944 2383 2974; x_wconf 78' lang='lat' dir='ltr'>se.</span> <span class='ocrx_word' id='word_1_199' title='bbox 2416 2926 2475 2973; x_wconf 90' lang='lat' dir='ltr'>Id</span> <span class='ocrx_word' id='word_1_200' title='bbox 2513 2936 2621 2980; x_wconf 81' lang='lat' dir='ltr'>est,</span> <span class='ocrx_word' id='word_1_201' title='bbox 2658 2924 2726 2972; x_wconf 71' lang='lat' dir='ltr'>ad</span> 
     </span>
     <span class='ocr_line' id='line_1_25' title="bbox 584 3004 2045 3070; baseline -0.001 -16"><span class='ocrx_word' id='word_1_202' title='bbox 584 3004 1171 3070; x_wconf 77' lang='lat' dir='ltr'>exspectandum‚quoad</span> <span class='ocrx_word' id='word_1_203' title='bbox 1185 3005 1389 3054; x_wconf 81' lang='lat' dir='ltr'>Clodius</span> <span class='ocrx_word' id='word_1_204' title='bbox 1405 3008 1604 3055; x_wconf 83' lang='lat' dir='ltr'>veniret.</span> <span class='ocrx_word' id='word_1_205' title='bbox 1694 3007 1858 3053; x_wconf 81' lang='lat' dir='ltr'>villam</span> <span class='ocrx_word' id='word_1_206' title='bbox 1890 3022 2045 3054; x_wconf 79' lang='lat' dir='ltr'>susm.</span> 
     </span>
    </p>
   </div>
   <div class='ocr_carea' id='block_1_4' title="bbox 583 3084 1614 4163">
    <p class='ocr_par' dir='ltr' id='par_1_6' title="bbox 583 3084 1610 3538">
     <span class='ocr_line' id='line_1_26' title="bbox 656 3084 1607 3133; baseline -0.001 0"><span class='ocrx_word' id='word_1_207' title='bbox 656 3087 707 3133; x_wconf 87' lang='grc'>5.</span> <span class='ocrx_word' id='word_1_208' title='bbox 743 3087 1003 3132; x_wconf 71' lang='lat' dir='ltr'>Laetorium</span> <span class='ocrx_word' id='word_1_209' title='bbox 1038 3084 1329 3133; x_wconf 78' lang='lat' dir='ltr'>occultator.</span> <span class='ocrx_word' id='word_1_210' title='bbox 1365 3086 1479 3132; x_wconf 86' lang='lat' dir='ltr'>Non</span> <span class='ocrx_word' id='word_1_211' title='bbox 1518 3087 1607 3132; x_wconf 88' lang='lat' dir='ltr'>mi-</span> 
     </span>
     <span class='ocr_line' id='line_1_27' title="bbox 585 3165 1609 3230; baseline 0.001 -20"><span class='ocrx_word' id='word_1_212' title='bbox 585 3179 691 3210; x_wconf 85' lang='lat' dir='ltr'>rum</span> <span class='ocrx_word' id='word_1_213' title='bbox 720 3176 791 3211; x_wconf 86' lang='lat' dir='ltr'>est</span> <span class='ocrx_word' id='word_1_214' title='bbox 826 3166 1037 3230; x_wconf 72' lang='lat' dir='ltr'>Appiam</span> <span class='ocrx_word' id='word_1_215' title='bbox 1067 3165 1190 3211; x_wconf 80' lang='lat' dir='ltr'>viam</span> <span class='ocrx_word' id='word_1_216' title='bbox 1225 3166 1369 3212; x_wconf 84' lang='lat' dir='ltr'>fuisse</span> <span class='ocrx_word' id='word_1_217' title='bbox 1398 3165 1609 3213; x_wconf 72' lang='lat' dir='ltr'>latroni-</span> 
     </span>
     <span class='ocr_line' id='line_1_28' title="bbox 583 3243 1608 3307; baseline 0.003 -19"><span class='ocrx_word' id='word_1_218' title='bbox 583 3243 676 3289; x_wconf 81' lang='lat' dir='ltr'>bus</span> <span class='ocrx_word' id='word_1_219' title='bbox 699 3243 940 3301; x_wconf 78' lang='lat' dir='ltr'>infestam,</span> <span class='ocrx_word' id='word_1_220' title='bbox 955 3260 1104 3307; x_wconf 86' lang='lat' dir='ltr'>quum</span> <span class='ocrx_word' id='word_1_221' title='bbox 1127 3260 1231 3292; x_wconf 76' lang='lat' dir='ltr'>eam</span> <span class='ocrx_word' id='word_1_222' title='bbox 1251 3243 1461 3292; x_wconf 88' lang='lat' dir='ltr'>mendici</span> <span class='ocrx_word' id='word_1_223' title='bbox 1480 3261 1608 3291; x_wconf 89' lang='lat' dir='ltr'>sem·</span> 
     </span>
     <span class='ocr_line' id='line_1_29' title="bbox 583 3320 1610 3384; baseline 0.005 -19"><span class='ocrx_word' id='word_1_224' title='bbox 583 3336 673 3384; x_wconf 83' lang='lat' dir='ltr'>per</span> <span class='ocrx_word' id='word_1_225' title='bbox 691 3320 969 3369; x_wconf 70' lang='lat' dir='ltr'>obsiderent</span> <span class='ocrx_word' id='word_1_226' title='bbox 991 3336 1004 3368; x_wconf 88' lang='lat'>:</span> <span class='ocrx_word' id='word_1_227' title='bbox 1031 3334 1079 3369; x_wconf 86' lang='lat' dir='ltr'>et</span> <span class='ocrx_word' id='word_1_228' title='bbox 1107 3323 1158 3369; x_wconf 90' lang='lat' dir='ltr'>in</span> <span class='ocrx_word' id='word_1_229' title='bbox 1189 3323 1280 3370; x_wconf 76' lang='lat' dir='ltr'>bac</span> <span class='ocrx_word' id='word_1_230' title='bbox 1306 3333 1406 3370; x_wconf 76' lang='lat' dir='ltr'>emt</span> <span class='ocrx_word' id='word_1_231' title='bbox 1432 3338 1610 3371; x_wconf 86' lang='lat' dir='ltr'>mouu-</span> 
     </span>
     <span class='ocr_line' id='line_1_30' title="bbox 586 3401 1606 3457; baseline 0.005 -12"><span class='ocrx_word' id='word_1_232' title='bbox 586 3408 804 3445; x_wconf 84' lang='lat' dir='ltr'>mentum</span> <span class='ocrx_word' id='word_1_233' title='bbox 847 3401 1018 3457; x_wconf 77' lang='lat' dir='ltr'>Basili,</span> <span class='ocrx_word' id='word_1_234' title='bbox 1062 3402 1276 3450; x_wconf 79' lang='lat' dir='ltr'>caedibm</span> <span class='ocrx_word' id='word_1_235' title='bbox 1315 3418 1370 3449; x_wconf 79' lang='lat' dir='ltr'>ac</span> <span class='ocrx_word' id='word_1_236' title='bbox 1405 3402 1606 3450; x_wconf 70' lang='lat' dir='ltr'>latroci-</span> 
     </span>
     <span class='ocr_line' id='line_1_31' title="bbox 584 3475 1396 3538; baseline 0.001 -14"><span class='ocrx_word' id='word_1_237' title='bbox 584 3478 704 3536; x_wconf 86' lang='lat' dir='ltr'>niis,</span> <span class='ocrx_word' id='word_1_238' title='bbox 731 3487 841 3524; x_wconf 75' lang='lat' dir='ltr'>aute</span> <span class='ocrx_word' id='word_1_239' title='bbox 862 3478 985 3525; x_wconf 75' lang='lat' dir='ltr'>elios</span> <span class='ocrx_word' id='word_1_240' title='bbox 1007 3475 1175 3538; x_wconf 84' lang='lat' dir='ltr'>locos⁰,</span> <span class='ocrx_word' id='word_1_241' title='bbox 1200 3481 1396 3527; x_wconf 77' lang='lat' dir='ltr'>infame.</span> 
     </span>
    </p>

    <p class='ocr_par' dir='ltr' id='par_1_7' title="bbox 583 3554 1606 3778">
     <span class='ocr_line' id='line_1_32' title="bbox 654 3554 1606 3607; baseline 0.005 -5"><span class='ocrx_word' id='word_1_242' title='bbox 654 3555 708 3603; x_wconf 87' lang='grc'>6.</span> <span class='ocrx_word' id='word_1_243' title='bbox 728 3554 865 3602; x_wconf 68' lang='lat' dir='ltr'>Medea·</span> <span class='ocrx_word' id='word_1_244' title='bbox 882 3555 946 3601; x_wconf 80' lang='lat' dir='ltr'>ab</span> <span class='ocrx_word' id='word_1_245' title='bbox 968 3556 1054 3603; x_wconf 65' lang='lat'><em>5110</em></span> <span class='ocrx_word' id='word_1_246' title='bbox 1073 3555 1265 3604; x_wconf 71' lang='lat' dir='ltr'>violati.</span> <span class='ocrx_word' id='word_1_247' title='bbox 1291 3558 1606 3607; x_wconf 73' lang='lat' dir='ltr'>Demonstrat</span> 
     </span>
     <span class='ocr_line' id='line_1_33' title="bbox 583 3633 1606 3695; baseline 0.002 -13"><span class='ocrx_word' id='word_1_248' title='bbox 583 3634 662 3683; x_wconf 85' lang='lat' dir='ltr'>his</span> <span class='ocrx_word' id='word_1_249' title='bbox 689 3633 849 3681; x_wconf 82' lang='lat' dir='ltr'>verbis</span> <span class='ocrx_word' id='word_1_250' title='bbox 875 3633 1069 3681; x_wconf 86' lang='lat' dir='ltr'>solitum</span> <span class='ocrx_word' id='word_1_251' title='bbox 1092 3650 1195 3681; x_wconf 83' lang='lat' dir='ltr'>esse</span> <span class='ocrx_word' id='word_1_252' title='bbox 1223 3633 1401 3682; x_wconf 89' lang='lat' dir='ltr'>Clodio</span> <span class='ocrx_word' id='word_1_253' title='bbox 1416 3671 1430 3695; x_wconf 89' lang='lat'>,</span> <span class='ocrx_word' id='word_1_254' title='bbox 1451 3636 1529 3684; x_wconf 86' lang='lat' dir='ltr'>his</span> <span class='ocrx_word' id='word_1_255' title='bbox 1553 3639 1606 3684; x_wconf 91' lang='lat' dir='ltr'>iu</span> 
     </span>
     <span class='ocr_line' id='line_1_34' title="bbox 585 3714 1375 3778; baseline 0.001 -16"><span class='ocrx_word' id='word_1_256' title='bbox 585 3714 709 3762; x_wconf 84' lang='lat' dir='ltr'>locis</span> <span class='ocrx_word' id='word_1_257' title='bbox 730 3714 942 3762; x_wconf 80' lang='lat' dir='ltr'>facinora</span> <span class='ocrx_word' id='word_1_258' title='bbox 970 3730 1054 3762; x_wconf 81' lang='lat' dir='ltr'>sus</span> <span class='ocrx_word' id='word_1_259' title='bbox 1080 3725 1375 3778; x_wconf 74' lang='lat' dir='ltr'>perpetrare.</span> 
     </span>
    </p>

    <p class='ocr_par' dir='ltr' id='par_1_8' title="bbox 587 3793 1609 4001">
     <span class='ocr_line' id='line_1_35' title="bbox 658 3793 1609 3854; baseline 0.001 -12"><span class='ocrx_word' id='word_1_260' title='bbox 658 3811 708 3854; x_wconf 86' lang='lat'>7.</span> <span class='ocrx_word' id='word_1_261' title='bbox 733 3793 977 3842; x_wconf 72' lang='lat' dir='ltr'>citaretur</span> <span class='ocrx_word' id='word_1_262' title='bbox 998 3794 1209 3844; x_wconf 77' lang='lat' dir='ltr'>Etruria.</span> <span class='ocrx_word' id='word_1_263' title='bbox 1226 3795 1351 3843; x_wconf 78' lang='lat' dir='ltr'>Nam</span> <span class='ocrx_word' id='word_1_264' title='bbox 1372 3797 1609 3845; x_wconf 81' lang='lat' dir='ltr'>Etruscos</span> 
     </span>
     <span class='ocr_line' id='line_1_36' title="bbox 588 3873 1606 3940; baseline 0.003 -19"><span class='ocrx_word' id='word_1_265' title='bbox 588 3873 765 3936; x_wconf 62' lang='lat' dir='ltr'>sapius</span> <span class='ocrx_word' id='word_1_266' title='bbox 806 3890 835 3920; x_wconf 90' lang='lat' dir='ltr'>e</span> <span class='ocrx_word' id='word_1_267' title='bbox 869 3874 1258 3937; x_wconf 68' lang='lat' dir='ltr'>possessionibus</span> <span class='ocrx_word' id='word_1_268' title='bbox 1294 3876 1394 3923; x_wconf 86' lang='lat' dir='ltr'>suis</span> <span class='ocrx_word' id='word_1_269' title='bbox 1425 3875 1606 3940; x_wconf 83' lang='lat' dir='ltr'>pellere</span> 
     </span>
     <span class='ocr_line' id='line_1_37' title="bbox 587 3952 1098 4001; baseline -0.002 0"><span class='ocrx_word' id='word_1_270' title='bbox 587 3952 789 4001; x_wconf 86' lang='lat' dir='ltr'>Clodius</span> <span class='ocrx_word' id='word_1_271' title='bbox 816 3960 1098 4001; x_wconf 73' lang='lat' dir='ltr'>tentaverat.</span> 
     </span>
    </p>

    <p class='ocr_par' dir='ltr' id='par_1_9' title="bbox 585 4030 1614 4163">
     <span class='ocr_line' id='line_1_38' title="bbox 662 4030 1614 4083; baseline 0.003 -5"><span class='ocrx_word' id='word_1_272' title='bbox 662 4031 712 4081; x_wconf 87' lang='lat'>8.</span> <span class='ocrx_word' id='word_1_273' title='bbox 746 4030 826 4078; x_wconf 74' lang='lat' dir='ltr'>stc</span> <span class='ocrx_word' id='word_1_274' title='bbox 865 4031 1063 4083; x_wconf 81' lang='lat' dir='ltr'>lelem.</span> <span class='ocrx_word' id='word_1_275' title='bbox 1107 4035 1294 4082; x_wconf 83' lang='lat' dir='ltr'>Primus</span> <span class='ocrx_word' id='word_1_276' title='bbox 1325 4033 1519 4082; x_wconf 79' lang='lat' dir='ltr'>addidit</span> <span class='ocrx_word' id='word_1_277' title='bbox 1540 4034 1614 4081; x_wconf 78' lang='lat' dir='ltr'>ad</span> 
     </span>
     <span class='ocr_line' id='line_1_39' title="bbox 585 4112 1609 4163; baseline 0.004 -7"><span class='ocrx_word' id='word_1_278' title='bbox 585 4128 637 4158; x_wconf 80' lang='lat' dir='ltr'>se</span> <span class='ocrx_word' id='word_1_279' title='bbox 680 4113 919 4161; x_wconf 84' lang='lat' dir='ltr'>Gruterus</span> <span class='ocrx_word' id='word_1_280' title='bbox 958 4129 985 4161; x_wconf 85' lang='lat' dir='ltr'>e</span> <span class='ocrx_word' id='word_1_281' title='bbox 1029 4114 1118 4163; x_wconf 77' lang='lat' dir='ltr'>Ms</span> <span class='ocrx_word' id='word_1_282' title='bbox 1161 4112 1462 4162; x_wconf 82' lang='lat' dir='ltr'>Coloniensi.</span> <span class='ocrx_word' id='word_1_283' title='bbox 1514 4112 1609 4162; x_wconf 86' lang='lat' dir='ltr'>Sed</span> 
     </span>
    </p>
   </div>
   <div class='ocr_carea' id='block_1_5' title="bbox 1693 3081 2732 4171">
    <p class='ocr_par' dir='ltr' id='par_1_10' title="bbox 1696 3081 2725 3228">
     <span class='ocr_line' id='line_1_40' title="bbox 1768 3081 2725 3148; baseline -0.004 -16"><span class='ocrx_word' id='word_1_284' title='bbox 1768 3102 1818 3148; x_wconf 85' lang='lat'>9.</span> <span class='ocrx_word' id='word_1_285' title='bbox 1857 3085 2062 3133; x_wconf 72' lang='lat' dir='ltr'>An&#39;ei&#39;ae.</span> <span class='ocrx_word' id='word_1_286' title='bbox 2108 3083 2233 3131; x_wconf 76' lang='lat' dir='ltr'>Latii</span> <span class='ocrx_word' id='word_1_287' title='bbox 2273 3081 2549 3145; x_wconf 83' lang='lat' dir='ltr'>oppidum,</span> <span class='ocrx_word' id='word_1_288' title='bbox 2584 3084 2725 3142; x_wconf 71' lang='lat' dir='ltr'>juxta</span> 
     </span>
     <span class='ocr_line' id='line_1_41' title="bbox 1696 3160 2687 3228; baseline -0.003 -16"><span class='ocrx_word' id='word_1_289' title='bbox 1696 3166 1824 3212; x_wconf 76' lang='lat' dir='ltr'>viam</span> <span class='ocrx_word' id='word_1_290' title='bbox 1853 3161 2063 3228; x_wconf 51' lang='lat' dir='ltr'>Appiam</span> <span class='ocrx_word' id='word_1_291' title='bbox 2080 3199 2095 3223; x_wconf 85' lang='lat'>‚</span> <span class='ocrx_word' id='word_1_292' title='bbox 2127 3161 2254 3208; x_wconf 73' lang='lat' dir='ltr'>ultra</span> <span class='ocrx_word' id='word_1_293' title='bbox 2282 3160 2503 3208; x_wconf 76' lang='lat' dir='ltr'>Bovillas</span> <span class='ocrx_word' id='word_1_294' title='bbox 2526 3164 2687 3209; x_wconf 78' lang='lat' dir='ltr'>situm.</span> 
     </span>
    </p>

    <p class='ocr_par' dir='ltr' id='par_1_11' title="bbox 1693 3238 2732 4003">
     <span class='ocr_line' id='line_1_42' title="bbox 1774 3238 2723 3290; baseline -0.003 0"><span class='ocrx_word' id='word_1_295' title='bbox 1774 3257 1857 3290; x_wconf 84' lang='lat'>10.</span> <span class='ocrx_word' id='word_1_296' title='bbox 1890 3243 1967 3290; x_wconf 82' lang='lat' dir='ltr'>Ne</span> <span class='ocrx_word' id='word_1_297' title='bbox 1994 3242 2044 3288; x_wconf 74' lang='lat' dir='ltr'>in</span> <span class='ocrx_word' id='word_1_298' title='bbox 2066 3239 2194 3288; x_wconf 74' lang='lat' dir='ltr'>villa</span> <span class='ocrx_word' id='word_1_299' title='bbox 2229 3239 2483 3287; x_wconf 79' lang='lat' dir='ltr'>resideret.</span> <span class='ocrx_word' id='word_1_300' title='bbox 2522 3238 2646 3287; x_wconf 71' lang='lat' dir='ltr'>Nam</span> <span class='ocrx_word' id='word_1_301' title='bbox 2680 3241 2723 3287; x_wconf 87' lang='lat' dir='ltr'>si</span> 
     </span>
     <span class='ocr_line' id='line_1_43' title="bbox 1696 3318 2728 3383; baseline -0.004 -13"><span class='ocrx_word' id='word_1_302' title='bbox 1696 3322 1895 3370; x_wconf 72' lang='lat' dir='ltr'>insidias</span> <span class='ocrx_word' id='word_1_303' title='bbox 1935 3318 2062 3368; x_wconf 77' lang='lat' dir='ltr'>Milo</span> <span class='ocrx_word' id='word_1_304' title='bbox 2106 3320 2390 3379; x_wconf 77' lang='lat' dir='ltr'>struxisset,</span> <span class='ocrx_word' id='word_1_305' title='bbox 2412 3335 2415 3340; x_wconf 77' lang='grc'><strong><em>’</em></strong></span> <span class='ocrx_word' id='word_1_306' title='bbox 2435 3318 2728 3383; x_wconf 69' lang='lat' dir='ltr'>quaerendus</span> 
     </span>
     <span class='ocr_line' id='line_1_44' title="bbox 1699 3397 2731 3463; baseline -0.003 -16"><span class='ocrx_word' id='word_1_307' title='bbox 1699 3411 1801 3447; x_wconf 83' lang='lat' dir='ltr'>erat</span> <span class='ocrx_word' id='word_1_308' title='bbox 1838 3408 2151 3463; x_wconf 83' lang='lat' dir='ltr'>opportunus</span> <span class='ocrx_word' id='word_1_309' title='bbox 2196 3397 2328 3444; x_wconf 88' lang='lat' dir='ltr'>furto</span> <span class='ocrx_word' id='word_1_310' title='bbox 2368 3398 2532 3445; x_wconf 81' lang='lat' dir='ltr'>loeus.</span> <span class='ocrx_word' id='word_1_311' title='bbox 2572 3398 2731 3460; x_wconf 81' lang='lat' dir='ltr'>Atqui</span> 
     </span>
     <span class='ocr_line' id='line_1_45' title="bbox 1702 3477 2725 3536; baseline -0.004 -9"><span class='ocrx_word' id='word_1_312' title='bbox 1702 3490 1859 3536; x_wconf 86' lang='lat' dir='ltr'>certe,</span> <span class='ocrx_word' id='word_1_313' title='bbox 1895 3481 1937 3525; x_wconf 87' lang='lat' dir='ltr'>si</span> <span class='ocrx_word' id='word_1_314' title='bbox 1985 3492 2185 3534; x_wconf 78' lang='lat' dir='ltr'>servus,</span> <span class='ocrx_word' id='word_1_315' title='bbox 2229 3487 2285 3523; x_wconf 90' lang='lat' dir='ltr'>ut</span> <span class='ocrx_word' id='word_1_316' title='bbox 2329 3477 2490 3525; x_wconf 72' lang='lat' dir='ltr'>siebat</span> <span class='ocrx_word' id='word_1_317' title='bbox 2524 3477 2725 3532; x_wconf 75' lang='lat' dir='ltr'>Arrius,</span> 
     </span>
     <span class='ocr_line' id='line_1_46' title="bbox 1693 3555 2728 3612; baseline -0.002 -7"><span class='ocrx_word' id='word_1_318' title='bbox 1693 3558 1901 3605; x_wconf 86' lang='lat' dir='ltr'>reditum</span> <span class='ocrx_word' id='word_1_319' title='bbox 1931 3556 2094 3605; x_wconf 83' lang='lat' dir='ltr'>Clodii</span> <span class='ocrx_word' id='word_1_320' title='bbox 2127 3557 2425 3612; x_wconf 76' lang='lat' dir='ltr'>nuntiasset,</span> <span class='ocrx_word' id='word_1_321' title='bbox 2455 3555 2584 3604; x_wconf 78' lang='lat' dir='ltr'>Milo</span> <span class='ocrx_word' id='word_1_322' title='bbox 2609 3555 2728 3603; x_wconf 83' lang='lat' dir='ltr'>Clo·-</span> 
     </span>
     <span class='ocr_line' id='line_1_47' title="bbox 1695 3635 2729 3691; baseline -0.002 -8"><span class='ocrx_word' id='word_1_323' title='bbox 1695 3636 1830 3683; x_wconf 90' lang='lat' dir='ltr'>dium</span> <span class='ocrx_word' id='word_1_324' title='bbox 1852 3645 2152 3683; x_wconf 79' lang='lat' dir='ltr'>antevertere</span> <span class='ocrx_word' id='word_1_325' title='bbox 2178 3646 2382 3682; x_wconf 76' lang='lat' dir='ltr'>conatus</span> <span class='ocrx_word' id='word_1_326' title='bbox 2410 3635 2611 3691; x_wconf 77' lang='lat' dir='ltr'>suisset,</span> <span class='ocrx_word' id='word_1_327' title='bbox 2642 3650 2729 3681; x_wconf 78' lang='lat' dir='ltr'>an·</span> 
     </span>
     <span class='ocr_line' id='line_1_48' title="bbox 1697 3707 2729 3779; baseline -0.003 -16"><span class='ocrx_word' id='word_1_328' title='bbox 1697 3727 1888 3779; x_wconf 71' lang='lat' dir='ltr'>tequam</span> <span class='ocrx_word' id='word_1_329' title='bbox 1908 3715 1962 3761; x_wconf 85' lang='lat' dir='ltr'>in</span> <span class='ocrx_word' id='word_1_330' title='bbox 1977 3715 2144 3762; x_wconf 77' lang='lat' dir='ltr'>villam</span> <span class='ocrx_word' id='word_1_331' title='bbox 2163 3730 2298 3761; x_wconf 79' lang='lat' dir='ltr'>susm</span> <span class='ocrx_word' id='word_1_332' title='bbox 2316 3716 2625 3778; x_wconf 57' lang='lat' dir='ltr'>pervenirem</span> <span class='ocrx_word' id='word_1_333' title='bbox 2643 3707 2729 3760; x_wconf 82' lang='lat' dir='ltr'>ubi</span> 
     </span>
     <span class='ocr_line' id='line_1_49' title="bbox 1695 3793 2730 3851; baseline -0.006 -7"><span class='ocrx_word' id='word_1_334' title='bbox 1695 3812 1808 3844; x_wconf 77' lang='lat' dir='ltr'>saue</span> <span class='ocrx_word' id='word_1_335' title='bbox 1828 3793 2172 3843; x_wconf 82' lang='lat' dir='ltr'>difficillimum</span> <span class='ocrx_word' id='word_1_336' title='bbox 2200 3805 2301 3842; x_wconf 71' lang='lat' dir='ltr'>erat</span> <span class='ocrx_word' id='word_1_337' title='bbox 2328 3795 2373 3840; x_wconf 87' lang='lat' dir='ltr'>ei</span> <span class='ocrx_word' id='word_1_338' title='bbox 2395 3794 2497 3839; x_wconf 76' lang='lat' dir='ltr'>vim</span> <span class='ocrx_word' id='word_1_339' title='bbox 2523 3793 2730 3851; x_wconf 77' lang='lat' dir='ltr'>inferre,</span> 
     </span>
     <span class='ocr_line' id='line_1_50' title="bbox 1696 3874 2732 3939; baseline -0.005 -16"><span class='ocrx_word' id='word_1_340' title='bbox 1696 3887 1772 3923; x_wconf 86' lang='lat' dir='ltr'>tot</span> <span class='ocrx_word' id='word_1_341' title='bbox 1812 3876 1964 3923; x_wconf 82' lang='lat' dir='ltr'>servis</span> <span class='ocrx_word' id='word_1_342' title='bbox 2006 3885 2054 3921; x_wconf 77' lang='lat' dir='ltr'>et</span> <span class='ocrx_word' id='word_1_343' title='bbox 2091 3874 2445 3939; x_wconf 70' lang='lat' dir='ltr'>gladiatoribus</span> <span class='ocrx_word' id='word_1_344' title='bbox 2476 3875 2590 3921; x_wconf 72' lang='lat' dir='ltr'>‘suis</span> <span class='ocrx_word' id='word_1_345' title='bbox 2633 3875 2732 3919; x_wconf 70' lang='lat' dir='ltr'>dr-</span> 
     </span>
     <span class='ocr_line' id='line_1_51' title="bbox 1700 3965 2479 4003; baseline 0 -2"><span class='ocrx_word' id='word_1_346' title='bbox 1700 3965 1979 4003; x_wconf 80' lang='lat' dir='ltr'>cumveuto.</span> <span class='ocrx_word' id='word_1_347' title='bbox 2474 3969 2479 3972; x_wconf 84' lang='lat'>·</span> 
     </span>
    </p>

    <p class='ocr_par' dir='ltr' id='par_1_12' title="bbox 1699 4030 2728 4171">
     <span class='ocr_line' id='line_1_52' title="bbox 1777 4030 2727 4097; baseline -0.002 -18"><span class='ocrx_word' id='word_1_348' title='bbox 1777 4048 1855 4079; x_wconf 76' lang='grc' dir='ltr'>ιι.</span> <span class='ocrx_word' id='word_1_349' title='bbox 1890 4032 2047 4097; x_wconf 81' lang='lat' dir='ltr'>Hujus</span> <span class='ocrx_word' id='word_1_350' title='bbox 2076 4032 2282 4080; x_wconf 77' lang='lat' dir='ltr'>nullum.</span> <span class='ocrx_word' id='word_1_351' title='bbox 2319 4030 2459 4091; x_wconf 83' lang='lat' dir='ltr'>Nisi,</span> <span class='ocrx_word' id='word_1_352' title='bbox 2495 4041 2550 4077; x_wconf 88' lang='lat' dir='ltr'>ut</span> <span class='ocrx_word' id='word_1_353' title='bbox 2581 4046 2727 4093; x_wconf 72' lang='lat' dir='ltr'>supra</span> 
     </span>
     <span class='ocr_line' id='line_1_53' title="bbox 1699 4108 2728 4171; baseline -0.005 -12"><span class='ocrx_word' id='word_1_354' title='bbox 1699 4111 1851 4169; x_wconf 80' lang='lat' dir='ltr'>dixit,</span> <span class='ocrx_word' id='word_1_355' title='bbox 1879 4111 2005 4160; x_wconf 81' lang='lat' dir='ltr'>illud</span> <span class='ocrx_word' id='word_1_356' title='bbox 2029 4109 2247 4161; x_wconf 72' lang='lat' dir='ltr'>naturale</span> <span class='ocrx_word' id='word_1_357' title='bbox 2273 4109 2474 4164; x_wconf 83' lang='lat' dir='ltr'>odium,</span> <span class='ocrx_word' id='word_1_358' title='bbox 2513 4123 2616 4171; x_wconf 83' lang='lat' dir='ltr'>quo</span> <span class='ocrx_word' id='word_1_359' title='bbox 2650 4108 2728 4154; x_wconf 79' lang='lat' dir='ltr'>vir</span> 
     </span>
    </p>
   </div>
   <div class='ocr_carea' id='block_1_6' title="bbox 2538 4202 2565 4226">
    <p class='ocr_par' dir='ltr' id='par_1_13' title="bbox 2538 4202 2565 4226">
     <span class='ocr_line' id='line_1_54' title="bbox 2538 4202 2565 4226; baseline 0 0"><span class='ocrx_word' id='word_1_360' title='bbox 2538 4202 2565 4226; x_wconf 57' lang='grc' dir='ltr'><strong>ὁ</strong></span> 
     </span>
    </p>
   </div>
  </div>
 </body>
</html>
