2994 4778
655 387 791 486 176
1299 380 1401 458 Μ.
1449 389 1530 459 T.
1583 389 2149 460 clcssnoms

642 530 884 609 neque
924 506 1482 617 deiJendentibus
1532 509 1807 583 nobis⁷.
1858 513 2038 585 Nam
2083 506 2334 608 quod⁸
2374 510 2467 584 de
2507 518 2776 612 pietate

642 620 919 693 dixistis
941 673 961 708 ,
1000 632 1108 690 est
1136 618 1430 717 quidem
1468 623 1603 691 ista
1637 633 1888 692 nostra
1926 623 2395 711 existimatio,
2431 624 2561 695 sed
2588 626 2778 721 judi·

639 734 882 803 ciumo
925 744 1118 801 certe
1149 731 1482 827 parentis.
1513 726 1707 821 Quid
1744 754 1878 801 nos
1911 731 2320 827 opinemur,
2354 730 2669 806 audietis
2695 761 2780 808 ex

634 842 942 939 juratis:
974 837 1149 936 quid
1203 852 1539 935 parentes
1580 841 1928 925 sentiant,
1973 838 2298 936 lacrymat
2340 844 2633 931 matria,
2678 846 2779 916 in·

635 949 1142 1047 credibilisque
1181 972 1476 1037 moeror,
1525 947 1822 1045 squalor
1864 948 2122 1045 patris,
2162 963 2237 1020 et
2272 947 2424 1020 haec
2458 974 2775 1048 praesens

634 1063 1006 1149 moestitia,
1042 1082 1262 1156 quam
1303 1061 1595 1130 cernitis
1618 1112 1638 1147 ,
1677 1058 2060 1156 luctusque
2096 1058 2429 1130 declarat.

731 1174 915 1244 Nam
938 1222 959 1257 ,
1014 1165 1216 1264 quod
1270 1183 1377 1239 est
1421 1167 1837 1262 objectum,
1876 1166 2366 1266 munipribus
2403 1194 2563 1243 esse
2597 1173 2773 1245 ado·

631 1280 1025 1353 lescentem
1067 1301 1218 1348 non
1257 1275 1651 1374 probatum
1679 1279 1827 1348 suis
1857 1304 1875 1347 t
1911 1279 2185 1349 nemini
2217 1302 2565 1376 umquam
2600 1307 2773 1381 prae-

631 1390 820 1462 senti
861 1384 1320 1458 Puteolani¹⁰
1356 1384 2018 1481 majores'honores
2053 1385 2511 1479 habuerunt,
2550 1417 2769 1489 quam

633 1496 913 1571 absenti
971 1499 1070 1567 Μ.
1133 1493 1411 1583 Coelio;
1457 1520 1681 1592 quem
1741 1510 1813 1568 et
1862 1495 2234 1570 absentem
2286 1500 2363 1569 in
2412 1502 2766 1599 amplissi-

635 1627 839 1678 mum
882 1604 1293 1677 ordinem¹¹
1338 1619 1826 1704 cooptarunt,
1883 1621 1958 1678 et
2001 1630 2085 1678 ea
2125 1633 2278 1679 non
2322 1616 2603 1707 petenti
2648 1612 2767 1684 de·

630 1715 1002 1801 tulerunt,
1039 1739 1200 1813 quae
1234 1714 1482 1786 multis
1516 1707 1941 1814 petentibus
1966 1714 2461 1815 denegarunt:
2509 1720 2765 1793 iidem-

632 1849 781 1925 que
838 1845 1032 1896 nunc
1087 1824 1510 1896 lectissimos
1566 1826 1797 1914 viros,
1845 1839 1917 1895 et
1969 1826 2197 1895 nostri
2248 1824 2638 1917 ordinis¹²‚
2692 1844 2764 1901 et

631 1936 913 2032 equites
953 1959 1293 2006 romanos
1343 1958 1509 2006 cum
1563 1933 1919 2032 legatione
1965 1933 2056 2005 ad
2097 1932 2320 2007 hoc¹³
2356 1935 2713 2031 judicium
2737 1995 2758 2026 ,

624 2061 697 2119 et
741 2069 907 2118 cum
953 2045 1373 2144 gravissima.
1402 2059 1622 2143 atque
1668 2045 2118 2117 ornatissima
2163 2042 2579 2119 laudatione
2628 2051 2759 2151 mi·

629 2171 905 2229 serunt.

718 2265 990 2337 Videor
1033 2265 1211 2335 mihi
1241 2266 1494 2360 jecisse
1537 2264 2007 2338 fundamenta
2049 2265 2489 2340 defensionis
2532 2294 2753 2341 meoe:

625 2402 787 2479 quae
834 2374 1241 2448 firmissima
1294 2392 1505 2465 sunt,
1548 2380 1608 2448 si
1651 2377 2067 2448 nituntur¹4
2113 2377 2388 2473 judicio
2430 2404 2758 2452 suorum.

690 2639 744 2681 7.
774 2622 944 2685 Neque
964 2614 1328 2684 defendentibus
1348 2614 1505 2664 nobis.
1535 2618 1646 2681 Ipse

622 2703 752 2750 enim
767 2702 940 2750 Cicero
960 2697 1136 2761 equitis
1162 2697 1348 2744 romani
1370 2705 1471 2742 erat
1497 2693 1643 2744 filins.

695 2781 744 2828 8.
765 2779 896 2826 Nam
916 2774 1053 2841 quod
1063 2774 1332 2838 depfecate.
1351 2772 1483 2820 Nota
1502 2786 1645 2819 nsum

619 2860 764 2922 bujus
791 2855 1039 2922 particulae
1070 2854 1120 2900 in
1153 2850 1523 2900 transitionibus
1550 2851 1645 2897 fre-

622 2947 867 3005 quentem.
901 2932 1126 2981 Proxime
1144 2946 1161 2979 ε
1180 2951 1214 2972 »ιι
1233 2931 1359 2979 Nam
1391 2929 1529 2994 quod
1557 2929 1646 2977 ob-

614 3019 797 3080 jectum
827 3022 898 3062 est
927 3010 988 3059 de
1012 3008 1248 3075 pudicitia
1277 3009 1330 3057 in
1359 3008 1639 3058 Vatinium:

616 3113 730 3147 nam
769 3091 906 3159 quod
950 3089 1070 3138 mihi
1111 3087 1373 3136 discessum
1420 3086 1642 3149 objecisti

617 3190 779 3225 meum
802 3193 849 3223 s.
887 3171 948 3220 Et
973 3169 1043 3217 sic
1069 3165 1263 3233 passim.
1290 3167 1446 3216 Pietas
1474 3167 1528 3215 in
1555 3183 1644 3232 pa·

617 3263 779 3303 rentes
797 3249 922 3298 tanti
948 3258 1020 3296 est
1044 3246 1263 3306 Platoni,
1287 3256 1344 3293 ut
1360 3261 1462 3293 non
1481 3246 1644 3292 mino-

617 3332 686 3380 ris
719 3344 823 3377 eam
848 3327 997 3375 ducat
1016 3341 1163 3390 quam
1191 3324 1375 3373 cultum
1408 3324 1637 3384 deorum,

617 3414 697 3461 lx
722 3407 784 3455 de
806 3408 954 3468 Legg.

688 3502 742 3549 9.
759 3483 940 3531 Nostra
950 3478 1274 3538 existimatio,
1295 3479 1385 3528 sed
1386 3478 1638 3542 iudicium.

616 3558 922 3617 Existimatio
942 3570 1015 3607 est
1033 3559 1253 3623 opinatio
1270 3568 1318 3606 et
1335 3559 1634 3620 conjectura3

1730 2616 1883 2675 riam3
1918 2631 2029 2664 nam
2054 2616 2142 2680 qni
2174 2619 2347 2665 Roma!
2378 2629 2601 2679 senatus,
2628 2620 2757 2669 iden

1729 2694 1782 2741 in
1818 2695 2098 2760 municipiis
2141 2697 2275 2745 curia
2316 2696 2601 2757 dicebatur;
2643 2700 2758 2748 inde

1730 2773 2033 2822 decuriones.

1807 2868 1828 2900 t
1838 2867 1886 2901 a.
1911 2854 1978 2899 Ee
1992 2851 2144 2900 nostri
2158 2851 2362 2903 ordinis.
2382 2853 2757 2905 Observandum

1731 2941 1976 2979 senatores
2023 2947 2275 2991 romanos,
2310 2934 2395 2996 qui
2429 2932 2557 2983 forte
2594 2935 2755 3000 aliqua

1730 3009 1793 3057 de
1830 3026 1970 3057 eausa
2008 3010 2061 3057 iu
2102 3010 2381 3075 municipiis
2417 3021 2584 3072 erant,
2621 3014 2755 3062 unde

1729 3090 1826 3136 orti
1854 3089 2072 3149 fuerant,
2097 3089 2281 3153 legatos
2316 3090 2637 3140 decurionum
2661 3092 2754 3141 de-

1728 3180 1862 3217 creto
1885 3171 2087 3216 Romam
2116 3169 2244 3217 mitti
2264 3168 2455 3217 solitos.

1805 3249 1884 3295 13.
1905 3249 2026 3298 Cum
2048 3246 2293 3313 legatione
2306 3247 2380 3295 ad
2394 3247 2753 3313 mejudicium.

1725 3328 1801 3374 De
1818 3327 2165 3390 legationibus,
2189 3343 2299 3391 quae
2316 3326 2378 3375 ad
2397 3344 2593 3376 reorum
2621 3346 2755 3378 com·

1723 3405 2080 3454 mendationem
2102 3408 2387 3455 anctoritate
2412 3407 2611 3471 publiea
2634 3410 2756 3458 mit-

1723 3494 1941 3533 terentur
1962 3517 1979 3545 ,
2039 3485 2263 3549 frequens
2319 3486 2454 3549 apud
2506 3498 2756 3543 oratorem

1722 3566 1936 3623 mentio;
1970 3573 2025 3611 ut
2060 3580 2152 3629 pro
2186 3565 2393 3613 Flacco:
2428 3565 2757 3631 -adspiciaut

606 3640 848 3718 judicium
876 3652 1020 3696 vero,
1045 3636 1310 3697 sententia,
1341 3653 1451 3702 qua
1476 3653 1530 3686 re
1553 3653 1637 3686 co·
1719 3640 1854 3689 hunc
1886 3641 2055 3690 florem
2083 3642 2378 3706 legatorum,
2408 3643 2759 3694 laudatorum-

618 3726 750 3794 gnitn
766 3756 782 3782 2
803 3715 1163 3785 Pronumhmr·
1722 3712 1814 3784 qiie
1838 3721 1996 3768 Flacci
2024 3736 2086 3768 ex
2102 3736 2213 3768 vera
2234 3732 2380 3785 atque
2408 3723 2596 3786 integra
2618 3725 2762 3773 6η-

693 3818 772 3851 10.
804 3794 1047 3847 Proesenei
1072 3792 1349 3844 Puteolani.
1380 3794 1542 3845 Codd.
1571 3796 1635 3844 al.

618 3885 800 3936 hgbent
825 3876 998 3943 partim
1014 3909 1029 3931 ,
1063 3895 1087 3919 ι
1108 3875 1335 3939 presenti
1358 3877 1556 3941 praetori
1577 3894 1633 3937 »ς

619 3954 1068 4033 ρει-ιὶω,ιρι·ιιοεηῑί
1087 3953 1360 4019 praetntiani
1373 3971 1424 4019 ις
1439 3957 1634 4022 partim,

613 4071 641 4090 ..
658 4037 880 4111 praesenti
898 4032 1154 4083 Puteolani
1171 4053 1218 4082 a.

688 4138 770 4173 ιι.
808 4112 1166 4181 Amplissimm
1190 4111 1422 4163 ordinem.
1452 4117 1514 4164 In
1541 4130 1630 4166 cu·

1720 3800 2042 3848 cia-,Verrina
2056 3799 2223 3847 ultima
2234 3812 2247 3847 :
2259 3822 2283 3841 ιι
2294 3803 2432 3851 Dixit
2452 3803 2761 3868 Hejuspriu-

1719 3895 1834 3944 ceps
1847 3879 2073 3941 civitatis,
2081 3879 2308 3945 princeps
2321 3881 2762 3946 istiuslegationis,

1717 3974 1827 4022 quae
1844 3958 1907 4007 ad
1929 3961 2002 4008 tui
2018 3959 2344 4009 laudationem
2364 3961 2511 4010 missa
2528 3974 2603 4011 est
2621 3984 2643 4007 ι
2657 3995 2674 4023 ,
2700 3975 2758 4012 et

1717 4036 1833 4084 alibi
1860 4039 2052 4103 passim.

1794 4131 1815 4163 1
1826 4124 1874 4172 4.
1918 4116 1974 4165 Se·
2003 4114 2234 4165 nimnmr.
2276 4116 2357 4167 sie
2403 4119 2641 4170 Gruterus
2681 4137 2759 4169 ex
