2994 4778
387 426 666 493 ORAT.
720 427 855 495 DE
907 429 1200 499 PROV.
1253 432 2074 513 CONSULARIBUS.
2168 450 2308 545 289

204 546 298 617 de
316 545 671 618 voluntate
698 551 1024 636 Caesaris,
1046 566 1120 623 et
1144 576 1457 651 sponsor
1477 571 1585 627 est
1606 556 1711 627 illi
1735 558 1824 631 de
1848 587 2004 635 mea
2029 594 2045 636 ε
2066 593 2313 645 nonne

206 657 394 727 vobis
455 654 710 728 videor
777 673 853 729 et
919 659 1153 730 ultimi
1217 669 1568 760 temporis
1639 668 2134 748 recordatione
2161 736 2180 768 ,
2244 698 2317 753 et

204 768 495 863 proximi
527 770 920 855 memoria,
957 769 1276 842 medium
1313 772 1493 844 illud
1522 777 2005 852 tristissimum
2037 800 2320 887 tempus

205 875 492 963 debere,
536 878 600 948 si
642 902 730 949 ex
774 903 1018 950 rerum
1070 897 1327 953 natura
1369 908 1520 954 non
1559 902 1934 983 possum¹¹
1974 897 2274 972 evellere
2299 969 2317 1004 ‚

210 1011 289 1056 ex
323 989 566 1058 animo
604 987 902 1084 quidem
949 1005 1143 1062 certe
1187 993 1565 1066 excidere?
1603 1000 1755 1095 Ego
1790 1024 2003 1091 veru,
2043 1008 2102 1076 si
2140 1011 2317 1082 mihi

208 1096 535 1169 nonlicet
562 1109 623 1141 ¹²
661 1122 792 1195 per
818 1098 1098 1196 aliquos
1124 1104 1220 1171 ita
1248 1103 1572 1198 gloriari,
1606 1129 1724 1177 me
1750 1108 2071 1185 dolorem
2103 1132 2320 1217 atque

210 1207 591 1278 inimicitias
638 1231 834 1279 meas
879 1207 1292 1307 reipublicae
1331 1217 1798 1306 concessisse,
1838 1223 2039 1317 quod
2079 1235 2323 1325 magni

209 1314 561 1410 cujusdam
603 1314 917 1387 hominis
956 1331 1028 1389 et
1072 1322 1546 1418 persapientis
1581 1325 1913 1399 videtur:
1952 1348 2116 1405 utar
2142 1335 2321 1426 hoc,

209 1423 387 1520 quod
436 1446 590 1496 non
642 1440 787 1496 tam
838 1426 928 1497 ad
985 1427 1273 1501 laudem
1328 1431 1903 1529 adipiscendam,
1958 1466 2173 1538 quam
2228 1449 2316 1520 ad

210 1533 552 1606 vitandam
609 1536 1216 1634 vituperationem
1270 1539 1501 1627 valet,
1562 1541 1931 1617 hominem
1990 1575 2108 1623 me
2167 1578 2318 1629 esse

209 1658 464 1740 gratum
494 1698 516 1731 ,
566 1659 644 1716 et
696 1671 845 1716 non
910 1647 1134 1718 modo
1187 1653 1404 1721 tantis
1462 1650 1875 1744 beneficiis»,
1931 1659 2056 1732 sed
2107 1666 2316 1736 etiam

214 1752 529 1826 mediocri
572 1754 954 1827 hominum
997 1754 1484 1831 benivolentia
1530 1770 1987 1838 commoveri.

288 1869 467 1936 XIX.
542 1870 603 1936 A
662 1868 830 1938 viris
891 1865 1373 1959 fortissimis¹‚
1430 1886 1503 1942 et
1553 1870 1643 1944 de
1691 1899 1807 1945 me
1855 1883 2130 1975 optime
2174 1909 2320 1957 me-

211 1974 340 2044 ritis
374 1973 816 2071 quibusdam
857 1991 1066 2073 peto,
1099 1993 1218 2068 ut,
1271 1981 1330 2050 si
1381 2005 1516 2078 ego
1554 1982 1712 2055 illos
1752 2009 2084 2061 meorum
2123 1993 2317 2067 laho-

212 2105 350 2152 rum
385 2100 461 2155 et
500 2084 1135 2157 incommodorum
1173 2091 1553 2187 participes
1600 2116 1754 2163 esse
1803 2097 2040 2185 nolui,
2082 2127 2176 2173 ne
2217 2105 2320 2175 illi

211 2214 310 2262 me
343 2217 638 2264 suarum
684 2194 1214 2267 inimicitiarum
1245 2200 1523 2270 socium
1556 2201 1783 2273 velint
1809 2228 1963 2276 esse
1983 2261 2002 2295 ,
2033 2233 2325 2306 praeser·

216 2301 328 2369 tim
354 2327 584 2400 quum
633 2303 811 2373 mihi
846 2304 1065 2377 iidem
1107 2306 1210 2377 illi
1246 2310 1732 2381 concesserint
1753 2363 1772 2398 ,
1812 2328 1895 2384 ut
1923 2320 2133 2391 etiam
2163 2340 2318 2396 acta

216 2410 322 2481 illa
346 2415 662 2500 Caesaris,
699 2439 860 2511 quae
901 2440 1144 2514 neque
1190 2423 1603 2515 oppugnavi
1636 2437 1880 2527 antea,
1921 2453 2160 2528 neque
2188 2434 2316 2506 de—

212 2517 418 2609 fendi,
468 2548 641 2593 meo
674 2524 818 2617 jam
859 2525 1021 2619 jure
1064 2528 1332 2623 possim
1378 2527 1784 2602 defendere.
1828 2539 2006 2606 Nam
2050 2549 2311 2613 summi

211 2629 485 2703 civitatis
521 2632 692 2720 viri,
737 2657 1051 2728 quorum
1084 2658 1228 2731 ⁴ego
1261 2637 1562 2707 consilio
1593 2642 2116 2737 rempublicam
2146 2674 2314 2721 con-

209 2741 499 2827 servavi,
542 2755 617 2810 et
659 2765 974 2839 quorum
1021 2747 1441 2817 auctoritate
1488 2746 1676 2817 illam
1722 2751 2310 2846 conjunctionem

207 2851 475 2920 Caesaris
518 2847 798 2948 defugi,
838 2852 1054 2922 Julias
1098 2852 1319 2949 legeS‚
1360 2871 1433 2926 et
1473 2871 1773 2946 ceteras,
1812 2861 1936 2932 illo
1978 2870 2311 2961 consule,

205 2973 505 3055 rogatas,
546 2960 711 3053 jure
753 2960 925 3031 latas
955 2973 1315 3058 negant2:
1359 2965 1575 3036 iidem
1612 2967 1803 3038 illam
1842 2981 2309 3076 proscriptio-

206 3090 357 3138 nem
389 3070 637 3165 capitis
660 3072 841 3156 mei,
868 3085 1118 3143 contra
1148 3072 1446 3144 salutem
1478 3077 1889 3174 reipublicae
1907 3136 1927 3169 ,
1954 3086 2080 3156 sed
2107 3088 2313 3162 salvis

204 3178 563 3272 auspiciis,
612 3193 934 3275 rogatam
982 3205 1133 3252 esse
1183 3180 1539 3254 dicebant.
1585 3190 1838 3283 Itaque
1877 3194 1986 3262 vir
2032 3219 2309 3273 summa

206 3287 646 3376 auctoritate,
690 3312 966 3358 summa
1009 3290 1421 3387 eloquentia
1443 3347 1462 3381 ‚
1502 3291 1679 3366 dixit
1711 3302 2038 3398 graviter,
2069 3330 2310 3381 casum

204 3393 387 3466 inum
436 3422 725 3484 meum,
782 3395 1000 3470 funus
1050 3423 1204 3471 esse
1252 3402 1707 3501 reipublicae,
1753 3409 1878 3480 sed
1924 3410 2140 3488 funus
2191 3421 2307 3516 ju-

265 3616 336 3651 n.
365 3606 594 3652 Ponam.
618 3603 698 3652 Al.
716 3619 919 3667 possem.
961 3605 1011 3652 J.
1038 3606 1104 3653 V.
1144 3607 1202 3655 1..

268 3696 337 3729 n.
372 3683 429 3731 Si
458 3682 580 3731 mihi
603 3698 701 3728 non
728 3683 859 3731 licet.
889 3683 1088 3733 Cauris
1114 3684 1204 3731 ini-

205 3758 301 3806 uu'n'
333 3761 581 3825 neg-bunt
617 3761 897 3824 reipublice
937 3761 1203 3810 rationibus

204 3838 456 3888 Μαῖα
473 3875 491 3900 ,
533 3851 589 3887 nt
630 3840 804 3888 Cicero
862 3856 973 3887 cum
1021 3843 1202 3890 emam

202 3917 465 3982 ingratiam
503 3921 713 3983 reditun
748 3933 886 3990 esto,
928 3922 1115 3987 inquit,
1154 3934 1204 3971 at

202 4007 314 4044 certe
330 3999 447 4048 lieet
463 4012 655 4064 putum
670 4016 791 4049 esne.
814 4028 883 4038 —
899 4001 1203 4051 Inimicitias.

204 4075 353 4139 Ungui
380 4090 429 4126 et
450 4081 685 4144 sapiends
708 4091 782 4128 ut
807 4080 902 4127 viri
927 4081 1203 4131 inimicitia·

384 4246 464 4311 V,
537 4260 631 4304 ae.
657 4275 769 4320 pars
793 4259 996 4304 secunda.

1358 3612 1504 3660 XIX.
1526 3627 1548 3658 1
1562 3646 1574 3659 .
1599 3615 1647 3658 A
1664 3612 1920 3680 vit-isson.
1940 3620 2126 3671 Catone
2140 3660 2155 3682 ,
2182 3638 2309 3676 eete-

1287 3688 1449 3752 rinque
1475 3690 1677 3738 Cauris
1707 3695 1944 3756 inimicis,
1981 3702 2066 3763 qui
2104 3705 2304 3754 caesaris

1289 3768 1601 3824 ambitionem
1620 3785 1723 3817 non
1745 3782 1922 3822 temere
1943 3780 2282 3840 praeviderant.

1363 3860 1410 3893 2.
1439 3849 1554 3893 Iure
1574 3846 1704 3895 latas
1726 3865 1932 3915 negant.
1959 3857 2108 3916 Quod
2136 3874 2303 3910 eontra
2357 3883 2366 3894 ²

1291 3923 1502 3985 auspicia
1520 3923 1629 3972 luta
1647 3927 1855 3979 fuerant.
1878 3934 2022 3981 Docti
2047 3946 2096 3983 et
2118 3942 2307 4004 sapien-

1291 4012 1365 4048 m
1400 4002 1614 4064 auspicia
1640 4021 1752 4052 une
1783 4008 2074 4076 irridebant3
2108 4018 2190 4064 sed
2218 4035 2314 4083 po*

1291 4079 1507 4144 pubi-em
1555 4096 1762 4132 errorem
1815 4090 2094 4154 reipublicae
2141 4098 2303 4144 utilem

1293 4158 1625 4208 observabunt.
1650 4164 1763 4213 Bm.
1785 4170 2056 4230 negabant,
2078 4173 2213 4220 male.

2001 4278 2079 4347 ⁸9
