<?xml version="1.0" encoding="UTF-8"?>
<!DOCTYPE html PUBLIC "-//W3C//DTD XHTML 1.0 Transitional//EN"
    "http://www.w3.org/TR/xhtml1/DTD/xhtml1-transitional.dtd">
<html xmlns="http://www.w3.org/1999/xhtml" xml:lang="en" lang="en">
 <head>
  <title>
</title>
<meta http-equiv="Content-Type" content="text/html;charset=utf-8" />
  <meta name='ocr-system' content='tesseract 3.04.00' />
  <meta name='ocr-capabilities' content='ocr_page ocr_carea ocr_par ocr_line ocrx_word'/>
</head>
<body>
  <div class='ocr_page' id='page_1' title='image "./mtciceronisquae06lemagoog_0651.png"; bbox 0 0 2994 4778; ppageno 0'>
   <div class='ocr_carea' id='block_1_1' title="bbox 263 411 2387 453">
    <p class='ocr_par' dir='ltr' id='par_1_1' title="bbox 263 411 2387 453">
     <span class='ocr_line' id='line_1_1' title="bbox 263 411 2387 453; baseline 0.008 -21"><span class='ocrx_word' id='word_1_1' title='bbox 263 412 517 432; x_wconf 59' lang='lat' dir='ltr'><strong>mm</strong></span> <span class='ocrx_word' id='word_1_2' title='bbox 524 411 2295 452; x_wconf 57' lang='lat' dir='ltr'><strong>mmmmmmmmmmmmmmm</strong></span> <span class='ocrx_word' id='word_1_3' title='bbox 2300 434 2387 453; x_wconf 60' lang='lat' dir='ltr'><strong>m</strong></span> 
     </span>
    </p>
   </div>
   <div class='ocr_carea' id='block_1_2' title="bbox 435 651 2215 736">
    <p class='ocr_par' dir='ltr' id='par_1_2' title="bbox 435 651 2215 736">
     <span class='ocr_line' id='line_1_2' title="bbox 435 651 2215 736; baseline 0.008 -15"><span class='ocrx_word' id='word_1_4' title='bbox 435 653 572 721; x_wconf 93' lang='lat' dir='ltr'><strong>DE</strong></span> <span class='ocrx_word' id='word_1_5' title='bbox 633 651 1332 725; x_wconf 88' lang='lat' dir='ltr'><strong>AMBROSIANO</strong></span> <span class='ocrx_word' id='word_1_6' title='bbox 1402 656 2215 736; x_wconf 85' lang='lat' dir='ltr'><strong>COMMENTARIO</strong></span> 
     </span>
    </p>
   </div>
   <div class='ocr_carea' id='block_1_3' title="bbox 530 869 2100 981">
    <p class='ocr_par' dir='ltr' id='par_1_3' title="bbox 530 869 2100 981">
     <span class='ocr_line' id='line_1_3' title="bbox 530 869 2100 981; baseline 0.008 -26"><span class='ocrx_word' id='word_1_7' title='bbox 530 869 1127 958; x_wconf 85' lang='lat' dir='ltr'>EDITORIS</span> <span class='ocrx_word' id='word_1_8' title='bbox 1193 873 2100 981; x_wconf 89' lang='lat' dir='ltr'><strong>PRAEMONITUM.</strong></span> 
     </span>
    </p>
   </div>
   <div class='ocr_carea' id='block_1_4' title="bbox 248 1295 2386 4089">
    <p class='ocr_par' dir='ltr' id='par_1_4' title="bbox 248 1295 2386 4089">
     <span class='ocr_line' id='line_1_4' title="bbox 271 1295 2379 1428; baseline 0.01 -37"><span class='ocrx_word' id='word_1_9' title='bbox 271 1295 539 1428; x_wconf 74' lang='lat' dir='ltr'><strong>Quum</strong></span> <span class='ocrx_word' id='word_1_10' title='bbox 587 1326 795 1393; x_wconf 87' lang='lat' dir='ltr'><strong>istam</strong></span> <span class='ocrx_word' id='word_1_11' title='bbox 853 1324 1265 1394; x_wconf 88' lang='lat' dir='ltr'><strong>orationum</strong></span> <span class='ocrx_word' id='word_1_12' title='bbox 1317 1338 1593 1418; x_wconf 89' lang='lat' dir='ltr'><strong>partem</strong></span> <span class='ocrx_word' id='word_1_13' title='bbox 1643 1326 2171 1424; x_wconf 83' lang='lat' dir='ltr'><strong>clauderemus,</strong></span> <span class='ocrx_word' id='word_1_14' title='bbox 2232 1365 2379 1413; x_wconf 91' lang='lat' dir='ltr'><strong>non</strong></span> 
     </span>
     <span class='ocr_line' id='line_1_5' title="bbox 267 1448 2381 1546; baseline 0.009 -27"><span class='ocrx_word' id='word_1_15' title='bbox 267 1449 593 1523; x_wconf 89' lang='lat' dir='ltr'><strong>inutilem</strong></span> <span class='ocrx_word' id='word_1_16' title='bbox 626 1474 779 1523; x_wconf 90' lang='lat' dir='ltr'><strong>rem</strong></span> <span class='ocrx_word' id='word_1_17' title='bbox 814 1448 1127 1522; x_wconf 82' lang='lat' dir='ltr'><strong>facturos</strong></span> <span class='ocrx_word' id='word_1_18' title='bbox 1172 1474 1306 1521; x_wconf 92' lang='lat' dir='ltr'><strong>nos</strong></span> <span class='ocrx_word' id='word_1_19' title='bbox 1348 1449 1777 1529; x_wconf 85' lang='lat' dir='ltr'><strong>credidimus</strong></span> <span class='ocrx_word' id='word_1_20' title='bbox 1793 1512 1814 1546; x_wconf 90' lang='lat'>,</span> <span class='ocrx_word' id='word_1_21' title='bbox 1854 1462 1911 1529; x_wconf 90' lang='lat' dir='ltr'><strong>si</strong></span> <span class='ocrx_word' id='word_1_22' title='bbox 1949 1477 2154 1534; x_wconf 90' lang='lat' dir='ltr'><strong>notas</strong></span> <span class='ocrx_word' id='word_1_23' title='bbox 2193 1491 2381 1539; x_wconf 89' lang='lat' dir='ltr'><strong>non-</strong></span> 
     </span>
     <span class='ocr_line' id='line_1_6' title="bbox 263 1568 2381 1689; baseline 0.008 -42"><span class='ocrx_word' id='word_1_24' title='bbox 263 1578 499 1649; x_wconf 88' lang='lat' dir='ltr'><strong>nullas</strong></span> <span class='ocrx_word' id='word_1_25' title='bbox 528 1602 615 1649; x_wconf 83' lang='lat' dir='ltr'><strong>ex</strong></span> <span class='ocrx_word' id='word_1_26' title='bbox 640 1576 1114 1650; x_wconf 91' lang='lat' dir='ltr'><strong>Ambrosiano</strong></span> <span class='ocrx_word' id='word_1_27' title='bbox 1147 1576 1541 1651; x_wconf 90' lang='lat' dir='ltr'><strong>Scholiaste</strong></span> <span class='ocrx_word' id='word_1_28' title='bbox 1565 1579 1978 1683; x_wconf 85' lang='lat' dir='ltr'><strong>desumptas</strong></span> <span class='ocrx_word' id='word_1_29' title='bbox 2013 1568 2381 1689; x_wconf 90' lang='lat' dir='ltr'><strong>suppone-</strong></span> 
     </span>
     <span class='ocr_line' id='line_1_7' title="bbox 266 1708 2379 1807; baseline 0.008 -27"><span class='ocrx_word' id='word_1_30' title='bbox 266 1732 536 1798; x_wconf 87' lang='lat' dir='ltr'><strong>remus,</strong></span> <span class='ocrx_word' id='word_1_31' title='bbox 568 1708 1180 1805; x_wconf 85' lang='lat' dir='ltr'><strong>quemadmodum</strong></span> <span class='ocrx_word' id='word_1_32' title='bbox 1217 1709 1294 1779; x_wconf 90' lang='lat' dir='ltr'><strong>in</strong></span> <span class='ocrx_word' id='word_1_33' title='bbox 1330 1712 1585 1783; x_wconf 82' lang='lat' dir='ltr'><strong>ceteris</strong></span> <span class='ocrx_word' id='word_1_34' title='bbox 1621 1712 1769 1807; x_wconf 84' lang='lat' dir='ltr'><strong>jam</strong></span> <span class='ocrx_word' id='word_1_35' title='bbox 1808 1741 1849 1789; x_wconf 91' lang='lat' dir='ltr'><strong>a</strong></span> <span class='ocrx_word' id='word_1_36' title='bbox 1889 1718 2102 1791; x_wconf 85' lang='lat' dir='ltr'><strong>nobis</strong></span> <span class='ocrx_word' id='word_1_37' title='bbox 2138 1737 2379 1796; x_wconf 91' lang='lat' dir='ltr'><strong>actum</strong></span> 
     </span>
     <span class='ocr_line' id='line_1_8' title="bbox 266 1836 2381 1934; baseline 0.008 -25"><span class='ocrx_word' id='word_1_38' title='bbox 266 1851 405 1924; x_wconf 88' lang='lat' dir='ltr'><strong>est;</strong></span> <span class='ocrx_word' id='word_1_39' title='bbox 452 1850 526 1907; x_wconf 88' lang='lat' dir='ltr'><strong>et</strong></span> <span class='ocrx_word' id='word_1_40' title='bbox 557 1836 693 1907; x_wconf 81' lang='lat' dir='ltr'><strong>illae</strong></span> <span class='ocrx_word' id='word_1_41' title='bbox 730 1836 1025 1933; x_wconf 89' lang='lat' dir='ltr'><strong>quidem</strong></span> <span class='ocrx_word' id='word_1_42' title='bbox 1067 1861 1219 1907; x_wconf 91' lang='lat' dir='ltr'><strong>non</strong></span> <span class='ocrx_word' id='word_1_43' title='bbox 1262 1861 1516 1908; x_wconf 90' lang='lat' dir='ltr'><strong>omnes</strong></span> <span class='ocrx_word' id='word_1_44' title='bbox 1551 1836 1769 1934; x_wconf 87' lang='lat' dir='ltr'><strong>hujus</strong></span> <span class='ocrx_word' id='word_1_45' title='bbox 1809 1844 2192 1921; x_wconf 85' lang='lat' dir='ltr'><strong>voluminis</strong></span> <span class='ocrx_word' id='word_1_46' title='bbox 2219 1876 2381 1925; x_wconf 86' lang='lat' dir='ltr'><strong>ora-</strong></span> 
     </span>
     <span class='ocr_line' id='line_1_9' title="bbox 266 1964 2381 2074; baseline 0.008 -40"><span class='ocrx_word' id='word_1_47' title='bbox 266 1965 499 2035; x_wconf 85' lang='lat' dir='ltr'><strong>tiones</strong></span> <span class='ocrx_word' id='word_1_48' title='bbox 517 1964 1070 2061; x_wconf 89' lang='lat' dir='ltr'><strong>amplectuntur‚</strong></span> <span class='ocrx_word' id='word_1_49' title='bbox 1086 1965 1309 2034; x_wconf 89' lang='lat' dir='ltr'><strong>immo</strong></span> <span class='ocrx_word' id='word_1_50' title='bbox 1334 1978 1648 2061; x_wconf 88' lang='lat' dir='ltr'><strong>quatuor</strong></span> <span class='ocrx_word' id='word_1_51' title='bbox 1673 1980 1952 2040; x_wconf 91' lang='lat' dir='ltr'><strong>tantum</strong></span> <span class='ocrx_word' id='word_1_52' title='bbox 1985 1975 2381 2074; x_wconf 88' lang='lat' dir='ltr'><strong>attingunt,</strong></span> 
     </span>
     <span class='ocr_line' id='line_1_10' title="bbox 265 2093 2386 2193; baseline 0.007 -30"><span class='ocrx_word' id='word_1_53' title='bbox 265 2116 574 2189; x_wconf 90' lang='lat' dir='ltr'><strong>quarum</strong></span> <span class='ocrx_word' id='word_1_54' title='bbox 593 2115 734 2163; x_wconf 88' lang='lat' dir='ltr'><strong>una</strong></span> <span class='ocrx_word' id='word_1_55' title='bbox 753 2094 828 2162; x_wconf 92' lang='lat' dir='ltr'><strong>in</strong></span> <span class='ocrx_word' id='word_1_56' title='bbox 841 2093 1205 2163; x_wconf 88' lang='lat' dir='ltr'><strong>Vatinium</strong></span> <span class='ocrx_word' id='word_1_57' title='bbox 1222 2144 1242 2180; x_wconf 86' lang='lat'>‚</span> <span class='ocrx_word' id='word_1_58' title='bbox 1270 2106 1341 2163; x_wconf 91' lang='lat' dir='ltr'><strong>et</strong></span> <span class='ocrx_word' id='word_1_59' title='bbox 1365 2107 1508 2164; x_wconf 90' lang='lat' dir='ltr'><strong>tres</strong></span> <span class='ocrx_word' id='word_1_60' title='bbox 1536 2093 1686 2165; x_wconf 84' lang='lat' dir='ltr'><strong>aliae</strong></span> <span class='ocrx_word' id='word_1_61' title='bbox 1713 2120 1847 2193; x_wconf 93' lang='lat' dir='ltr'><strong>pro</strong></span> <span class='ocrx_word' id='word_1_62' title='bbox 1873 2100 2210 2175; x_wconf 89' lang='lat' dir='ltr'><strong>Marcello</strong></span> <span class='ocrx_word' id='word_1_63' title='bbox 2228 2158 2249 2192; x_wconf 92' lang='lat'>,</span> <span class='ocrx_word' id='word_1_64' title='bbox 2274 2108 2386 2177; x_wconf 89' lang='lat' dir='ltr'><strong>Li-</strong></span> 
     </span>
     <span class='ocr_line' id='line_1_11' title="bbox 264 2219 2382 2324; baseline 0.007 -35"><span class='ocrx_word' id='word_1_65' title='bbox 264 2224 459 2317; x_wconf 88' lang='lat' dir='ltr'><strong>gario</strong></span> <span class='ocrx_word' id='word_1_66' title='bbox 480 2232 553 2290; x_wconf 93' lang='lat' dir='ltr'><strong>et</strong></span> <span class='ocrx_word' id='word_1_67' title='bbox 574 2219 952 2315; x_wconf 88' lang='lat' dir='ltr'><strong>Dejotaro:</strong></span> <span class='ocrx_word' id='word_1_68' title='bbox 976 2244 1219 2316; x_wconf 90' lang='lat' dir='ltr'><strong>neque</strong></span> <span class='ocrx_word' id='word_1_69' title='bbox 1246 2221 1632 2292; x_wconf 89' lang='lat' dir='ltr'><strong>continuus</strong></span> <span class='ocrx_word' id='word_1_70' title='bbox 1652 2236 1779 2311; x_wconf 91' lang='lat' dir='ltr'><strong>est,</strong></span> <span class='ocrx_word' id='word_1_71' title='bbox 1800 2237 1870 2295; x_wconf 93' lang='lat' dir='ltr'><strong>et</strong></span> <span class='ocrx_word' id='word_1_72' title='bbox 1882 2226 2157 2324; x_wconf 85' lang='lat' dir='ltr'><strong>integer</strong></span> <span class='ocrx_word' id='word_1_73' title='bbox 2176 2235 2382 2302; x_wconf 91' lang='lat' dir='ltr'><strong>Com-</strong></span> 
     </span>
     <span class='ocr_line' id='line_1_12' title="bbox 263 2336 2379 2453; baseline 0.008 -37"><span class='ocrx_word' id='word_1_74' title='bbox 263 2346 653 2418; x_wconf 88' lang='lat' dir='ltr'><strong>mentarius</strong></span> <span class='ocrx_word' id='word_1_75' title='bbox 670 2400 690 2435; x_wconf 90' lang='lat'>,</span> <span class='ocrx_word' id='word_1_76' title='bbox 720 2344 846 2419; x_wconf 90' lang='lat' dir='ltr'><strong>sed</strong></span> <span class='ocrx_word' id='word_1_77' title='bbox 864 2370 1116 2450; x_wconf 84' lang='lat' dir='ltr'><strong>magna</strong></span> <span class='ocrx_word' id='word_1_78' title='bbox 1135 2369 1224 2417; x_wconf 86' lang='lat' dir='ltr'><strong>ex</strong></span> <span class='ocrx_word' id='word_1_79' title='bbox 1244 2360 1446 2444; x_wconf 89' lang='lat' dir='ltr'><strong>parte</strong></span> <span class='ocrx_word' id='word_1_80' title='bbox 1475 2336 1793 2440; x_wconf 83' lang='lat' dir='ltr'><strong>mutilus,</strong></span> <span class='ocrx_word' id='word_1_81' title='bbox 1821 2353 1897 2422; x_wconf 92' lang='lat' dir='ltr'><strong>in</strong></span> <span class='ocrx_word' id='word_1_82' title='bbox 1926 2378 2075 2453; x_wconf 90' lang='lat' dir='ltr'><strong>quo</strong></span> <span class='ocrx_word' id='word_1_83' title='bbox 2098 2370 2379 2432; x_wconf 88' lang='lat' dir='ltr'><strong>tantum</strong></span> 
     </span>
     <span class='ocr_line' id='line_1_13' title="bbox 262 2468 2378 2572; baseline 0.007 -31"><span class='ocrx_word' id='word_1_84' title='bbox 262 2468 535 2566; x_wconf 88' lang='lat' dir='ltr'><strong>disjecti</strong></span> <span class='ocrx_word' id='word_1_85' title='bbox 582 2469 907 2542; x_wconf 88' lang='lat' dir='ltr'><strong>membra</strong></span> <span class='ocrx_word' id='word_1_86' title='bbox 966 2471 1550 2543; x_wconf 83' lang='lat' dir='ltr'><strong>commentatoris</strong></span> <span class='ocrx_word' id='word_1_87' title='bbox 1606 2476 1939 2572; x_wconf 79' lang='lat' dir='ltr'><strong>reperias.</strong></span> <span class='ocrx_word' id='word_1_88' title='bbox 2000 2476 2172 2551; x_wconf 93' lang='lat' dir='ltr'><strong>Ideo</strong></span> <span class='ocrx_word' id='word_1_89' title='bbox 2243 2507 2378 2554; x_wconf 88' lang='lat' dir='ltr'><strong>nos</strong></span> 
     </span>
     <span class='ocr_line' id='line_1_14' title="bbox 264 2600 2374 2698; baseline 0.007 -31"><span class='ocrx_word' id='word_1_90' title='bbox 264 2621 412 2667; x_wconf 92' lang='lat' dir='ltr'><strong>non</strong></span> <span class='ocrx_word' id='word_1_91' title='bbox 452 2621 655 2668; x_wconf 89' lang='lat' dir='ltr'><strong>suam</strong></span> <span class='ocrx_word' id='word_1_92' title='bbox 699 2600 961 2695; x_wconf 90' lang='lat' dir='ltr'><strong>cuique</strong></span> <span class='ocrx_word' id='word_1_93' title='bbox 1007 2600 1312 2669; x_wconf 89' lang='lat' dir='ltr'><strong>orationi</strong></span> <span class='ocrx_word' id='word_1_94' title='bbox 1361 2612 1707 2670; x_wconf 90' lang='lat' dir='ltr'><strong>notarum</strong></span> <span class='ocrx_word' id='word_1_95' title='bbox 1742 2605 2163 2698; x_wconf 87' lang='lat' dir='ltr'><strong>particulam</strong></span> <span class='ocrx_word' id='word_1_96' title='bbox 2201 2608 2374 2681; x_wconf 89' lang='lat' dir='ltr'><strong>sub-</strong></span> 
     </span>
     <span class='ocr_line' id='line_1_15' title="bbox 252 2701 2372 2831; baseline 0.007 -38"><span class='ocrx_word' id='word_1_97' title='bbox 252 2701 595 2817; x_wconf 78' lang='lat' dir='ltr'><strong>jecimus,</strong></span> <span class='ocrx_word' id='word_1_98' title='bbox 646 2746 739 2794; x_wconf 95' lang='lat' dir='ltr'><strong>ne</strong></span> <span class='ocrx_word' id='word_1_99' title='bbox 791 2747 1126 2794; x_wconf 89' lang='lat' dir='ltr'><strong>maneum</strong></span> <span class='ocrx_word' id='word_1_100' title='bbox 1162 2721 1571 2795; x_wconf 87' lang='lat' dir='ltr'><strong>Scholiastae</strong></span> <span class='ocrx_word' id='word_1_101' title='bbox 1613 2728 1827 2797; x_wconf 88' lang='lat' dir='ltr'><strong>nimis</strong></span> <span class='ocrx_word' id='word_1_102' title='bbox 1882 2752 2065 2825; x_wconf 88' lang='lat' dir='ltr'><strong>opus</strong></span> <span class='ocrx_word' id='word_1_103' title='bbox 2117 2731 2372 2831; x_wconf 88' lang='lat' dir='ltr'><strong>depre-</strong></span> 
     </span>
     <span class='ocr_line' id='line_1_16' title="bbox 260 2849 2371 2950; baseline 0.005 -30"><span class='ocrx_word' id='word_1_104' title='bbox 260 2849 733 2922; x_wconf 85' lang='lat' dir='ltr'><strong>henderetur:</strong></span> <span class='ocrx_word' id='word_1_105' title='bbox 771 2850 1140 2947; x_wconf 83' lang='lat' dir='ltr'><strong>pauciores</strong></span> <span class='ocrx_word' id='word_1_106' title='bbox 1176 2852 1371 2919; x_wconf 89' lang='lat' dir='ltr'><strong>enim</strong></span> <span class='ocrx_word' id='word_1_107' title='bbox 1397 2863 1601 2919; x_wconf 89' lang='lat' dir='ltr'><strong>erant</strong></span> <span class='ocrx_word' id='word_1_108' title='bbox 1620 2905 1640 2935; x_wconf 84' lang='lat'>‚</span> <span class='ocrx_word' id='word_1_109' title='bbox 1668 2876 1886 2948; x_wconf 89' lang='lat' dir='ltr'><strong>quam</strong></span> <span class='ocrx_word' id='word_1_110' title='bbox 1912 2879 2072 2950; x_wconf 82' lang='lat' dir='ltr'><strong>quoe</strong></span> <span class='ocrx_word' id='word_1_111' title='bbox 2096 2858 2245 2929; x_wconf 86' lang='lat' dir='ltr'><strong>aliae</strong></span> <span class='ocrx_word' id='word_1_112' title='bbox 2279 2859 2371 2931; x_wconf 89' lang='lat' dir='ltr'><strong>ab</strong></span> 
     </span>
     <span class='ocr_line' id='line_1_17' title="bbox 258 2971 2372 3075; baseline 0.004 -27"><span class='ocrx_word' id='word_1_113' title='bbox 258 2976 410 3048; x_wconf 89' lang='lat' dir='ltr'><strong>aliis</strong></span> <span class='ocrx_word' id='word_1_114' title='bbox 444 2978 1018 3075; x_wconf 82' lang='lat' dir='ltr'><strong>sejungerentur3</strong></span> <span class='ocrx_word' id='word_1_115' title='bbox 1061 2971 1291 3045; x_wconf 89' lang='lat' dir='ltr'><strong>multo</strong></span> <span class='ocrx_word' id='word_1_116' title='bbox 1327 2976 1548 3046; x_wconf 90' lang='lat' dir='ltr'><strong>satius</strong></span> <span class='ocrx_word' id='word_1_117' title='bbox 1587 2977 1820 3049; x_wconf 83' lang='lat' dir='ltr'><strong>visum</strong></span> <span class='ocrx_word' id='word_1_118' title='bbox 1863 2996 2002 3070; x_wconf 90' lang='lat' dir='ltr'><strong>est,</strong></span> <span class='ocrx_word' id='word_1_119' title='bbox 2042 2985 2100 3055; x_wconf 90' lang='lat' dir='ltr'><strong>si</strong></span> <span class='ocrx_word' id='word_1_120' title='bbox 2142 3009 2259 3056; x_wconf 89' lang='lat' dir='ltr'><strong>eas</strong></span> <span class='ocrx_word' id='word_1_121' title='bbox 2298 2988 2372 3056; x_wconf 88' lang='lat' dir='ltr'><strong>in</strong></span> 
     </span>
     <span class='ocr_line' id='line_1_18' title="bbox 255 3102 2368 3204; baseline 0.004 -28"><span class='ocrx_word' id='word_1_122' title='bbox 255 3130 408 3176; x_wconf 88' lang='lat' dir='ltr'><strong>uno</strong></span> <span class='ocrx_word' id='word_1_123' title='bbox 445 3129 750 3203; x_wconf 88' lang='lat' dir='ltr'><strong>corpore</strong></span> <span class='ocrx_word' id='word_1_124' title='bbox 785 3103 1118 3175; x_wconf 88' lang='lat' dir='ltr'><strong>collectas</strong></span> <span class='ocrx_word' id='word_1_125' title='bbox 1162 3102 1744 3191; x_wconf 79' lang='lat' dir='ltr'><strong>ostenderemuS‚</strong></span> <span class='ocrx_word' id='word_1_126' title='bbox 1795 3132 1953 3204; x_wconf 85' lang='lat' dir='ltr'><strong>quae</strong></span> <span class='ocrx_word' id='word_1_127' title='bbox 1988 3133 2064 3181; x_wconf 93' lang='lat' dir='ltr'><strong>se</strong></span> <span class='ocrx_word' id='word_1_128' title='bbox 2108 3130 2368 3185; x_wconf 90' lang='lat' dir='ltr'><strong>mutuo</strong></span> 
     </span>
     <span class='ocr_line' id='line_1_19' title="bbox 255 3229 2368 3329; baseline 0.004 -27"><span class='ocrx_word' id='word_1_129' title='bbox 255 3232 520 3303; x_wconf 84' lang='lat' dir='ltr'><strong>auxilio</strong></span> <span class='ocrx_word' id='word_1_130' title='bbox 543 3229 960 3324; x_wconf 87' lang='lat' dir='ltr'><strong>adjuvarent</strong></span> <span class='ocrx_word' id='word_1_131' title='bbox 996 3242 1070 3299; x_wconf 90' lang='lat' dir='ltr'><strong>et</strong></span> <span class='ocrx_word' id='word_1_132' title='bbox 1099 3241 1604 3300; x_wconf 88' lang='lat' dir='ltr'><strong>sustentarent.</strong></span> <span class='ocrx_word' id='word_1_133' title='bbox 1641 3233 1808 3304; x_wconf 87' lang='lat' dir='ltr'><strong>Non</strong></span> <span class='ocrx_word' id='word_1_134' title='bbox 1843 3233 2044 3329; x_wconf 90' lang='lat' dir='ltr'><strong>quod</strong></span> <span class='ocrx_word' id='word_1_135' title='bbox 2082 3261 2181 3308; x_wconf 86' lang='lat' dir='ltr'><strong>eae</strong></span> <span class='ocrx_word' id='word_1_136' title='bbox 2224 3240 2368 3310; x_wconf 90' lang='lat' dir='ltr'><strong>sin-</strong></span> 
     </span>
     <span class='ocr_line' id='line_1_20' title="bbox 254 3353 2368 3457; baseline 0.003 -28"><span class='ocrx_word' id='word_1_137' title='bbox 254 3358 481 3456; x_wconf 89' lang='lat' dir='ltr'><strong>gulari</strong></span> <span class='ocrx_word' id='word_1_138' title='bbox 533 3357 883 3455; x_wconf 85' lang='lat' dir='ltr'><strong>elegantia</strong></span> <span class='ocrx_word' id='word_1_139' title='bbox 944 3367 1282 3453; x_wconf 86' lang='lat' dir='ltr'><strong>praestent</strong></span> <span class='ocrx_word' id='word_1_140' title='bbox 1303 3407 1323 3442; x_wconf 91' lang='lat'>‚</span> <span class='ocrx_word' id='word_1_141' title='bbox 1366 3367 1493 3425; x_wconf 86' lang='lat' dir='ltr'><strong>aut</strong></span> <span class='ocrx_word' id='word_1_142' title='bbox 1542 3353 1734 3428; x_wconf 86' lang='lat' dir='ltr'><strong>felici</strong></span> <span class='ocrx_word' id='word_1_143' title='bbox 1777 3358 2368 3457; x_wconf 88' lang='lat' dir='ltr'><strong>interpretatione</strong></span> 
     </span>
     <span class='ocr_line' id='line_1_21' title="bbox 256 3481 2366 3586; baseline 0.002 -29"><span class='ocrx_word' id='word_1_144' title='bbox 256 3509 539 3583; x_wconf 89' lang='lat' dir='ltr'><strong>semper</strong></span> <span class='ocrx_word' id='word_1_145' title='bbox 574 3481 955 3569; x_wconf 85' lang='lat' dir='ltr'><strong>excellant,</strong></span> <span class='ocrx_word' id='word_1_146' title='bbox 991 3505 1242 3551; x_wconf 87' lang='lat' dir='ltr'><strong>verum</strong></span> <span class='ocrx_word' id='word_1_147' title='bbox 1280 3495 1352 3551; x_wconf 90' lang='lat' dir='ltr'><strong>et</strong></span> <span class='ocrx_word' id='word_1_148' title='bbox 1387 3483 1935 3554; x_wconf 89' lang='lat' dir='ltr'><strong>remotissimam</strong></span> <span class='ocrx_word' id='word_1_149' title='bbox 1981 3489 2366 3586; x_wconf 89' lang='lat' dir='ltr'><strong>antiquita·</strong></span> 
     </span>
     <span class='ocr_line' id='line_1_22' title="bbox 254 3606 2364 3713; baseline 0.002 -30"><span class='ocrx_word' id='word_1_150' title='bbox 254 3628 404 3683; x_wconf 92' lang='lat' dir='ltr'><strong>tem</strong></span> <span class='ocrx_word' id='word_1_151' title='bbox 438 3612 756 3709; x_wconf 89' lang='lat' dir='ltr'><strong>sapiunt,</strong></span> <span class='ocrx_word' id='word_1_152' title='bbox 792 3625 864 3680; x_wconf 88' lang='lat' dir='ltr'><strong>et</strong></span> <span class='ocrx_word' id='word_1_153' title='bbox 906 3608 1149 3700; x_wconf 89' lang='lat' dir='ltr'><strong>forsan</strong></span> <span class='ocrx_word' id='word_1_154' title='bbox 1192 3606 1451 3705; x_wconf 90' lang='lat' dir='ltr'><strong>aliquis</strong></span> <span class='ocrx_word' id='word_1_155' title='bbox 1493 3612 1572 3679; x_wconf 90' lang='lat' dir='ltr'><strong>in</strong></span> <span class='ocrx_word' id='word_1_156' title='bbox 1624 3612 2097 3685; x_wconf 87' lang='lat' dir='ltr'><strong>Ciceroniano</strong></span> <span class='ocrx_word' id='word_1_157' title='bbox 2143 3640 2364 3713; x_wconf 90' lang='lat' dir='ltr'><strong>opere</strong></span> 
     </span>
     <span class='ocr_line' id='line_1_23' title="bbox 254 3734 2369 3836; baseline 0.001 -26"><span class='ocrx_word' id='word_1_158' title='bbox 254 3736 630 3810; x_wconf 86' lang='lat' dir='ltr'><strong>desideret.</strong></span> <span class='ocrx_word' id='word_1_159' title='bbox 671 3741 874 3809; x_wconf 89' lang='lat' dir='ltr'><strong>Notis</strong></span> <span class='ocrx_word' id='word_1_160' title='bbox 920 3734 1339 3830; x_wconf 87' lang='lat' dir='ltr'><strong>subjunctas</strong></span> <span class='ocrx_word' id='word_1_161' title='bbox 1382 3735 1611 3805; x_wconf 89' lang='lat' dir='ltr'><strong>lector</strong></span> <span class='ocrx_word' id='word_1_162' title='bbox 1642 3734 1860 3808; x_wconf 89' lang='lat' dir='ltr'><strong>habet</strong></span> <span class='ocrx_word' id='word_1_163' title='bbox 1902 3739 2151 3836; x_wconf 88' lang='lat' dir='ltr'><strong>Angeli</strong></span> <span class='ocrx_word' id='word_1_164' title='bbox 2199 3745 2369 3812; x_wconf 92' lang='lat' dir='ltr'><strong>Maii</strong></span> 
     </span>
     <span class='ocr_line' id='line_1_24' title="bbox 253 3863 2365 3963; baseline 0.001 -26"><span class='ocrx_word' id='word_1_165' title='bbox 253 3863 942 3946; x_wconf 76' lang='lat' dir='ltr'><strong>animadversiones,</strong></span> <span class='ocrx_word' id='word_1_166' title='bbox 982 3887 1162 3962; x_wconf 89' lang='lat' dir='ltr'><strong>quas</strong></span> <span class='ocrx_word' id='word_1_167' title='bbox 1202 3865 1500 3940; x_wconf 84' lang='lat' dir='ltr'><strong>omnino</strong></span> <span class='ocrx_word' id='word_1_168' title='bbox 1546 3866 1857 3960; x_wconf 90' lang='lat' dir='ltr'><strong>integras</strong></span> <span class='ocrx_word' id='word_1_169' title='bbox 1900 3864 2365 3963; x_wconf 88' lang='lat' dir='ltr'><strong>protulimus,</strong></span> 
     </span>
     <span class='ocr_line' id='line_1_25' title="bbox 248 3988 2368 4089; baseline 0.001 -26"><span class='ocrx_word' id='word_1_170' title='bbox 248 4016 484 4089; x_wconf 88' lang='lat' dir='ltr'><strong>quum</strong></span> <span class='ocrx_word' id='word_1_171' title='bbox 509 3989 601 4062; x_wconf 87' lang='lat' dir='ltr'><strong>de</strong></span> <span class='ocrx_word' id='word_1_172' title='bbox 626 3991 901 4087; x_wconf 85' lang='lat' dir='ltr'><strong>aliquot</strong></span> <span class='ocrx_word' id='word_1_173' title='bbox 926 4005 1205 4063; x_wconf 89' lang='lat' dir='ltr'><strong>tantum</strong></span> <span class='ocrx_word' id='word_1_174' title='bbox 1230 3988 1418 4061; x_wconf 88' lang='lat' dir='ltr'><strong>foliis</strong></span> <span class='ocrx_word' id='word_1_175' title='bbox 1441 4001 1806 4084; x_wconf 85' lang='lat' dir='ltr'><strong>ageretur:</strong></span> <span class='ocrx_word' id='word_1_176' title='bbox 1840 4012 1974 4061; x_wconf 94' lang='lat' dir='ltr'><strong>nos</strong></span> <span class='ocrx_word' id='word_1_177' title='bbox 2004 4015 2152 4062; x_wconf 90' lang='lat' dir='ltr'><strong>non</strong></span> <span class='ocrx_word' id='word_1_178' title='bbox 2179 3992 2368 4065; x_wconf 91' lang='lat' dir='ltr'><strong>idem</strong></span> 
     </span>
    </p>
   </div>
   <div class='ocr_carea' id='block_1_5' title="bbox 397 4133 2068 4213">
    <p class='ocr_par' dir='ltr' id='par_1_5' title="bbox 397 4133 2068 4213">
     <span class='ocr_line' id='line_1_26' title="bbox 397 4133 2068 4213; baseline 0.002 -19"><span class='ocrx_word' id='word_1_179' title='bbox 397 4135 484 4202; x_wconf 81' lang='lat' dir='ltr'><strong>V.</strong></span> <span class='ocrx_word' id='word_1_180' title='bbox 539 4148 628 4194; x_wconf 69' lang='lat' dir='ltr'><strong>Cic.</strong></span> <span class='ocrx_word' id='word_1_181' title='bbox 649 4164 759 4208; x_wconf 74' lang='lat' dir='ltr'><strong>pars</strong></span> <span class='ocrx_word' id='word_1_182' title='bbox 791 4147 1005 4194; x_wconf 74' lang='lat' dir='ltr'><strong>sccnmlee.</strong></span> <span class='ocrx_word' id='word_1_183' title='bbox 1676 4197 1684 4210; x_wconf 69' lang='grc'><strong><em>,</em></strong></span> <span class='ocrx_word' id='word_1_184' title='bbox 1986 4133 2068 4213; x_wconf 63' lang='lat'><strong>[11</strong></span> 
     </span>
    </p>
   </div>
  </div>
 </body>
</html>
