2994 4778
626 425 767 495 280
1206 424 1300 490 M.
1354 425 1433 490 T.
1490 423 2076 491 CICERONIS

623 570 789 618 cum
834 545 1194 616 acerrimis
1236 541 1654 614 nationibus
1702 556 1775 613 et
1822 544 2184 628 maximis,
2221 546 2774 616 Germanorum

621 671 696 728 et
747 654 1234 725 Helvetiorum
1264 708 1283 740 ,
1351 653 1606 750 praeliis
1660 649 2059 723 felicissime
2120 650 2512 723 decertavit
2563 680 2579 722 τ
2646 679 2771 725 ce—

620 780 808 836 teras
868 765 1247 851 contrivit,
1302 761 1626 850 domuit,
1686 761 2078 859 compulit,
2138 764 2447 859 imperio
2503 765 2773 861 populi

619 877 906 947 romani
962 899 1210 972 parere
1270 871 1688 959 assuefecit,
1735 886 1847 958 et,
1896 897 2074 968 quas
2128 875 2494 969 regiones»,
2540 899 2767 971 quas-

620 1011 766 1082 que
802 999 1050 1082 gentes
1079 983 1294 1053 nullae
1329 982 1543 1052 nobis
1574 996 1783 1052 antea
1815 982 2071 1067 literae,
2108 980 2305 1052 nulla
2336 1007 2518 1072 vox,
2558 985 2767 1056 nulla

616 1096 803 1166 fama
852 1109 1057 1165 notas
1098 1091 1396 1177 fecerat,
1447 1092 1576 1162 has
1612 1107 1861 1163 noster
1902 1095 2317 1191 imperator,
2358 1108 2760 1192 nosterque

620 1208 1021 1291 exercitus,
1077 1219 1149 1274 et
1198 1203 1453 1301 populi
1504 1204 1785 1274 romani
1837 1228 2032 1273 arma
2083 1220 2572 1301 peragrarunt.
2620 1210 2756 1277 Se-

616 1316 867 1385 mitam
899 1328 1180 1384 tantum
1210 1313 1456 1383 Galliae
1476 1309 1510 1354 ⁶
1547 1312 1972 1384 tenebamus
2004 1327 2214 1384 antea
2242 1368 2261 1400 ,
2301 1329 2542 1411 patres
2580 1339 2753 1386 con·

618 1427 915 1523 scripti:
968 1439 1218 1495 ceterae
1269 1438 1510 1520 partes
1565 1447 1605 1493 a
1656 1422 1991 1520 gentibus
2046 1437 2170 1494 aut
2222 1425 2533 1495 inimicis
2583 1424 2754 1497 huic

616 1537 961 1633 imperio,
1003 1548 1126 1604 aut
1164 1532 1440 1619 infidis,
1482 1547 1606 1603 aut
1645 1535 2062 1630 incognitis,
2106 1549 2232 1605 aut
2266 1550 2462 1606 certe
2499 1538 2751 1606 imma·

615 1645 863 1729 nibus,
907 1658 980 1716 et
1014 1641 1368 1729 barbariS,
1399 1657 1471 1714 et
1508 1642 1865 1714 bellicosis
1898 1642 2368 1729 tenebantui-3
2407 1670 2593 1743 quas
2632 1672 2750 1717 na-

615 1758 847 1826 tiones
887 1778 1102 1825 nemo
1138 1777 1486 1851 umquam
1525 1752 1664 1824 fuit
1694 1755 1820 1850 qui
1865 1779 2012 1825 non
2057 1752 2291 1851 frangi
2322 1754 2750 1853 domarique

614 1880 952 1962 cuperet;
1011 1888 1227 1935 nemo
1279 1866 1639 1962 sapienter
1692 1864 1781 1935 de
1833 1863 2203 1962 republica
2253 1881 2504 1937 nostra
2554 1871 2746 1964 cogi·

615 1980 789 2047 tavit
826 1976 971 2070 jam
1025 1975 1194 2045 inde
1250 1998 1291 2043 a
1343 1975 1703 2072 principio
1753 1974 1971 2070 hujus
2008 1977 2330 2074 imperii,
2365 1979 2548 2074 quin
2585 1980 2749 2049 Gal-

610 2088 775 2158 liam
836 2086 1143 2157 maxime
1203 2085 1594 2156 timendam
1656 2084 1826 2158 huic
1875 2087 2181 2183 imperio
2235 2101 2571 2184 putaret:
2612 2089 2742 2160 sed

610 2211 913 2295 propter
946 2197 1091 2265 vim
1129 2219 1210 2266 ac
1249 2194 1783 2266 multitudinem
1820 2200 2143 2292 gentium
2174 2195 2490 2280 illarum,
2527 2221 2741 2267 num·

613 2331 831 2406 quam
865 2320 971 2378 est
1009 2319 1216 2376 antea
1255 2329 1420 2403 cum
1458 2303 1797 2376 omnibus
1839 2305 2278 2376 dimicatum.
2324 2307 2745 2377 Restitimus

608 2441 894 2516 semper
929 2416 1250 2488 lacessiti.
1289 2417 1504 2486 Nunc
1538 2413 1852 2519 denique
1890 2430 1997 2488 est
2026 2414 2461 2514 perfectum,
2500 2432 2587 2488 ut
2616 2419 2744 2487 im-

606 2528 787 2626 perii
814 2525 1042 2597 nostri
1066 2539 1562 2621 terrarumque
1587 2524 1867 2598 illarum
1888 2526 2075 2598 idem
2103 2542 2291 2618 esset
2307 2542 2743 2599 extremum.

698 2642 884 2709 xlv.
924 2634 1225 2733 Alpibus
1257 2634 1532 2704 Italiam
1565 2646 1584 2678 ¹
1636 2638 1997 2708 munierat
2037 2652 2204 2708 ante
2249 2651 2555 2727 natura,
2594 2664 2738 2710 non

601 2752 753 2819 sine
802 2748 1045 2843 aliquo
1091 2743 1333 2814 divino
1377 2747 1742 2816 numine2.
1787 2750 2003 2834 Nam,
2049 2747 2106 2818 si
2147 2746 2265 2817 ille
2304 2744 2549 2818 aditus
2587 2747 2743 2819 Gal·

597 2859 834 2930 lorum
888 2854 1310 2926 immanitati
1367 2852 1963 2952 multitudinique
2022 2853 2470 2953 patuisset3,
2528 2882 2735 2927 num·

664 3088 713 3134 6.
736 3083 962 3133 Senticam
983 3091 1171 3129 tantum
1192 3078 1389 3128 Gallioe.
1410 3078 1616 3129 Galliam
1708 3082 1866 3130 tiauus
1880 3056 2165 3132 lunens-iil.
2183 3085 2251 3142 11,
2268 3084 2357 3147 35,
2369 3085 2522 3133 etiam
2538 3087 2589 3133 iu
2603 3085 2733 3133 Italia

594 3166 957 3213 Narbonensem
974 3160 1225 3224 iutelligit,
1243 3175 1352 3224 quae
1373 3160 1422 3205 in
1442 3159 1616 3224 populi
1705 3162 1904 3227 Alpium
1940 3162 2070 3210 vallo
2099 3162 2327 3227 sepienda
2365 3163 2587 3215 divinam
2613 3182 2730 3229 pro·

592 3245 780 3291 romani
796 3243 1034 3290 ditionem
1053 3250 1371 3289 concesserat.
1388 3239 1615 3288 Semitnm
1703 3241 1966 3291 videntium
1987 3244 2206 3306 agnoscit
2226 3259 2239 3291 :
2265 3266 2291 3284 e«
2310 3244 2557 3294 Invidiam
2575 3246 2728 3293 timuit
2793 3292 2801 3300 .

591 3323 761 3370 Galliae
780 3333 953 3379 vocat,
980 3319 1117 3383 quod
1138 3335 1193 3366 ea
1217 3318 1468 3382 provincia
1492 3328 1618 3365 esset

589 3400 725 3447 velut
750 3399 910 3446 aditus
937 3398 1133 3461 quidam
1155 3398 1421 3460 patefactus
1447 3397 1510 3445 ad
1535 3414 1611 3445 ce·

595 3490 719 3526 teras
741 3476 910 3522 Galliae
935 3476 1170 3537 regiones.

662 3557 802 3604 XIV.
832 3570 876 3603 x.
905 3551 1107 3616 Alpibus
1152 3550 1374 3598 Italiam.
1423 3552 1612 3615 Nempe

592 3637 676 3685 illa
704 3651 766 3682 ex
810 3642 946 3697 parte
979 3641 1083 3677 tuta
1125 3642 1173 3678 et
1215 3628 1472 3694 tranquilla
1512 3632 1611 3676 Ita-

586 3718 651 3764 lia
669 3751 683 3773 ,
719 3730 814 3778 qua
842 3728 870 3758 ι
905 3708 1061 3758 Gallis
1085 3707 1407 3764 dividebatur,
1437 3709 1609 3757 ceteris

589 3793 844 3844 domandis
868 3789 1091 3855 gentibus
1110 3805 1275 3837 vacare
1296 3789 1474 3853 potuit.
1484 3788 1608 3836 Inde

587 3872 873 3939 magnificus
902 3871 982 3918 ille
1020 3870 1195 3917 clarius
1220 3870 1376 3917 elucet
1411 3868 1607 3931 Virgilii

587 3971 779 4009 versus,
811 3968 958 4016 quum
996 3950 1314 3997 Hannibalem
1343 3948 1470 3997 dixit
1497 3951 1603 3996 Ro-

586 4036 739 4082 manis
776 4031 925 4095 Alpes
953 4030 1207 4076 immittere
1228 4040 1437 4093 apertas3
1466 4027 1603 4091 quasi

586 4116 694 4162 iilos
726 4112 815 4159 bac
850 4112 951 4175 ipsa
984 4108 1058 4155 sui
1096 4108 1446 4172 propugnaculi
1476 4106 1605 4154 mole

583 4195 785 4241 obrutos
811 4192 1123 4257 opprimeret.
1146 4189 1359 4237 Rutilius
1383 4191 1599 4238 Numan·

1705 3331 1870 3368 natura
1887 3355 1901 3377 ,
1924 3338 2193 3387 parumque
2210 3324 2406 3387 putavit
2433 3327 2624 3373 Arctois
2640 3323 2732 3372 At-

1702 3415 1788 3463 pes
1824 3401 2110 3466 opposuisse
2151 3402 2295 3449 minis
2325 3417 2339 3451 :
2366 3404 2514 3453 Sicut
2540 3403 2734 3451 vallavit

1702 3478 1866 3526 multis
1889 3479 2046 3526 vitalia
2074 3480 2332 3540 membris,
2357 3483 2469 3530 Nec
2494 3483 2638 3531 sesne]
2665 3484 2742 3530 in-

1700 3557 1875 3616 clusit,
1912 3574 2022 3621 quae
2056 3560 2266 3623 pretiosa
2307 3559 2437 3610 tulit.
2479 3563 2594 3609 Jam
2629 3574 2738 3609 tmn

1698 3636 1958 3701 multiplici
1971 3640 2146 3686 meruit
2161 3638 2429 3685 munimine
2459 3641 2610 3703 cingi,
2626 3641 2743 3688 Sol-

1698 3714 1952 3778 licitosque
1969 3716 2139 3763 habuit
2163 3719 2320 3764 Roma
2351 3717 2521 3764 futura
2547 3719 2662 3766 deos
2689 3741 2742 3767 α.

1696 3794 1822 3842 Vide
1867 3794 2198 3853 Herodianum
2241 3795 2329 3842 lib.
2378 3799 2461 3855 113
2505 3798 2742 3846 Servium

1693 3872 1780 3921 lib.
1806 3875 1856 3921 X
1876 3891 1890 3931 ς
1914 3874 2122 3922 Plinium
2146 3873 2232 3923 lib.
2264 3876 2362 3921 ΧΠ
2378 3911 2393 3935 ,
2414 3892 2525 3939 cap.
2554 3894 2599 3924 1.

1767 3971 1815 4001 2.
1838 3954 2203 4017 Nume'ne.Virg.
2219 3956 2327 4001 AEn.
2343 3956 2415 4012 11,
2435 3972 2497 4015 ⁸77
2511 3974 2536 4015 7
2553 3970 2568 4003 ε
2584 3955 2740 4003 «Non

1693 4031 1796 4079 haec
1824 4033 1928 4081 sine
1954 4033 2149 4079 numine
2174 4032 2342 4079 divum
2372 4035 2620 4083 Eveniunt
2643 4057 2692 4081 ν.

1769 4112 1817 4157 3.
1854 4109 2156 4160 humanitati
2190 4107 2593 4177 multitudinique
2622 4128 2735 4174 pn-

1691 4189 1867 4237 em'ssct.
1893 4194 1986 4238 Pro
2009 4190 2241 4237 Marcello
2262 4206 2275 4238 ε
2302 4212 2323 4231 ι
2344 4189 2578 4239 domuisti
2605 4207 2734 4253 gen·
