2994 4778
727 425 1110 497 ORATIO
1159 428 1360 497 PRO
1409 429 1506 496 M.
1560 428 1956 498 COELIO.
2267 423 2406 499 235

283 568 514 644 equus
534 546 890 640 Trojanus
914 545 1129 618 fuerit
1148 600 1167 633 ,
1197 549 1326 642 qui
1355 561 1464 617 tot
1489 549 1790 618 invictos
1820 549 2031 635 viros,
2060 545 2408 618 muliebre

287 657 559 728 bellum
616 670 985 753 gerenteS,
1050 656 1294 727 tulerit
1351 681 1435 728 ac
1490 659 1768 728 texerit.
1829 657 2013 727 Illud
2067 682 2239 728 vero
2289 683 2407 728 re-

290 765 645 863 spondere
675 788 964 864 cogam,
1002 789 1131 835 cur
1171 780 1277 836 tot
1308 766 1443 835 viri
1472 789 1556 835 ac
1585 764 1794 852 taleS,
1818 764 2015 835 hunc
2043 779 2114 835 et
2135 788 2363 835 unum
2385 818 2406 850 ,

291 890 363 944 et
401 889 549 944 tam
600 872 1043 977 imbecillum
1071 926 1090 961 ‚
1137 899 1353 970 quam
1404 874 1704 961 videtis,
1746 896 1896 943 non
1942 887 2064 943 aut
2106 888 2410 944 stantem

287 981 1001 1079 comprehenderint,
1033 998 1159 1054 aut
1191 980 1588 1081 fugientem
1622 986 2051 1079 consequuti
2078 983 2238 1053 sint.
2273 984 2418 1072 Qui

282 1116 362 1162 se
416 1115 822 1187 numquam
876 1089 1199 1188 profecto
1220 1146 1240 1180 ,
1281 1094 1361 1167 ‚si
1407 1094 1626 1163 istum
1662 1094 1739 1163 in
1781 1092 2025 1164 locum
2061 1116 2418 1189 processe-

282 1202 435 1271 rint
462 1255 483 1287 ,
532 1200 1000 1298 explicabunt
1038 1229 1054 1270 :
1112 1226 1330 1298 quam
1377 1201 1625 1275 volent
1669 1204 1745 1272 in
1791 1203 2135 1273 conviviis
2179 1199 2423 1288 faceti,

285 1310 613 1398 dicaces,
653 1334 1204 1408 nonnumquam
1250 1308 1464 1382 etiam
1510 1310 1597 1382 ad
1641 1312 1888 1381 vinum
1929 1306 2225 1380 diserti⁵
2253 1312 2415 1380 sint.

284 1419 445 1491 Alia
483 1418 623 1491 sori
654 1421 761 1491 vis
795 1434 936 1510 est,
978 1420 1111 1491 alia
1141 1421 1467 1507 triclinii,
1500 1420 1634 1491 alia
1661 1419 2166 1495 subselliorum
2199 1424 2382 1489 ratio
2405 1474 2424 1503 ,

288 1528 433 1599 alio
467 1527 868 1617 lectorum3
916 1554 1068 1600 non
1114 1529 1307 1601 idem
1342 1529 1668 1624 judicum
1713 1545 2422 1625 comessatorumque

296 1654 777 1735 conspectus;
818 1641 942 1710 lux
987 1640 1305 1737 denique
1353 1641 1565 1737 longe
1604 1640 1735 1712 alia
1786 1656 1894 1712 est
1931 1636 2168 1728 solis⁶,
2210 1654 2283 1710 et
2317 1639 2420 1735 ly-

295 1747 732 1818 chnorumv.
791 1748 1279 1836 Quamobrem
1322 1751 1764 1822 excutiemus
1819 1772 2085 1821 omnes*
2121 1750 2424 1820 istorum

287 1856 586 1928 delicias
608 1911 629 1944 ,
660 1880 914 1929 omnes
950 1861 1290 1957 ineptias..
1325 1862 1381 1931 si
1410 1858 1833 1957 prodierint.
1866 1859 2002 1931 Sed
2024 1913 2043 1943 ‚
2075 1860 2133 1930 si
2162 1882 2277 1930 me
2305 1883 2425 1929 au-

290 1966 538 2053 diant,
571 1983 838 2038 navent
877 1968 1085 2038 aliam
1125 1993 1452 2065 operam,
1480 1969 1690 2039 aliam
1721 1972 1967 2040 ineant
1993 1970 2323 2065 gratiam,
2349 1969 2427 2037 in

288 2075 447 2145 aliis
502 2099 579 2146 se
622 2074 839 2146 rebus
886 2090 1287 2164 ostentent;
1337 2079 1628 2174 vigeant
1675 2076 1868 2175 apud
1916 2079 2122 2148 istam
2173 2079 2427 2148 mulie·

288 2210 447 2256 rem
509 2199 933 2273 venustate3
998 2185 1468 2257 dominentur
1525 2186 1976 2283 sumptibus;
2032 2184 2433 2273 haereant⁸‚

297 2294 576 2387 jaceant
597 2349 617 2381 ,
645 2293 1052 2366 deserviant
1082 2323 1098 2365 ε
1140 2297 1355 2394 capiti
1385 2319 1558 2366 vero
1588 2299 1994 2368 innocentis
2022 2312 2094 2368 et
2125 2296 2431 2369 fortunis

308 2419 624 2500 paroent.

402 2518 653 2585 XXIX.
687 2517 777 2586 At
805 2530 974 2585 sunt
1001 2518 1223 2586 servi¹
1260 2514 1495 2603 illi,de
1527 2513 2031 2611 cognatorum²
2060 2518 2437 2602 sententia,

305 2621 918 2694 nobilissimorum
979 2638 1050 2694 et
1096 2624 1652 2695 clarissimorum
1703 2611 2120 2710 hominum,
2174 2645 2433 2692 manu-

308 2807 416 2839 cum
453 2807 587 2855 equo
625 2791 836 2851 Trojano
874 2800 1152 2855 compertu
1187 2806 1332 2853 quem
1493 2793 1543 2838 8.
1574 2792 1818 2839 Hoeream.
1847 2788 2110 2848 Martialis,
2134 2788 2219 2838 lib.
2240 2791 2315 2846 11,
2338 2790 2442 2852 epi·

299 2871 495 2918 alveum
538 2868 698 2917 »ouon
743 2865 880 2933 λόχον
949 2885 1093 2917 coms
1136 2867 1336 2916 insidias
1420 2884 1571 2932 gram.
1602 2869 1665 2917 38
1692 2885 1706 2918 :
1740 2892 1766 2911 ιι
1787 2868 1936 2919 Crine
1961 2870 2147 2927 nitens,
2177 2868 2313 2931 niger
2339 2883 2438 2914 uu-

311 2949 443 2998 baud
457 2949 622 2996 miuus
639 2947 819 2995 dixeris
835 2964 980 3009 quam
998 2963 1176 3011 equum
1196 2945 1334 2994 illum

305 3029 590 3084 Homerus,
611 3026 788 3090 Odyss.
811 3027 949 3073 vm.

383 3108 437 3154 ⁵.
468 3107 856 3168 Nonnumquam
881 3103 1028 3152 etiam
1057 3105 1131 3152 ad
1163 3103 1335 3153 vinum

299 3184 485 3233 diserti
508 3184 621 3233 sint.
651 3186 839 3233 Notum
874 3195 947 3231 est
980 3183 1103 3231 illud
1130 3197 1144 3232 ε
1187 3205 1212 3225 ι
1232 3185 1334 3232 Ἑω-

295 3264 454 3312 cundi
495 3263 672 3312 calices
719 3279 865 3327 quem
914 3278 1016 3310 nou
1061 3263 1218 3311 fecere
1259 3262 1330 3310 di·

293 3356 485 3392 mum
506 3366 549 3391 υ.

373 3423 425 3471 6.
459 3422 586 3471 Alia
613 3431 686 3468 ese
707 3419 841 3469 solis.
859 3418 1053 3468 ,Iudicia
1079 3419 1329 3484 iutelligit,

293 3501 440 3567 quod
468 3503 523 3548 in
561 3500 756 3547 Rostris
784 3499 874 3547 sub
907 3498 991 3546 dio
1019 3509 1068 3546 et
1096 3499 1208 3546 loco
1244 3514 1332 3562 ps·

298 3592 441 3629 teate
473 3579 784 3641 judicarent3
832 3576 1237 3642 quemadmodum
1285 3585 1334 3624 et

306 3660 525 3709 Athenis
565 3658 758 3719 judices
783 3655 991 3715 ἡλιαςαὶ
1033 3655 1333 3704 dicebantur.

299 3739 440 3788 Hinc
466 3753 606 3794 mos,
638 3746 694 3784 ut
719 3747 823 3784 tum
846 3734 1036 3796 judices
1053 3769 1070 3794 ,
1095 3744 1200 3781 tum
1224 3750 1336 3781 ora-

300 3827 441 3864 tores
466 3831 837 3879 nonnumquam
865 3829 1011 3862 mauu
1038 3812 1161 3861 elata
1186 3812 1336 3861 solem

299 3905 670 3943 attestarentur.

386 3990 439 4033 7.
475 3975 535 4019 Et
560 3971 865 4032 lychnorum.
901 3972 1031 4033 Ergo
1063 3986 1217 4017 coeoae
1244 3968 1339 4018 ille

301 4053 361 4100 in
402 4061 596 4098 noctem
620 4051 904 4114 produetae;
932 4049 1068 4113 quod
1102 4050 1340 4112 intempe-

305 4127 494 4176 rantia:
515 4128 624 4176 suit.

1421 2958 1628 3012 guento,
1665 2948 1944 3012 perlucidus
1971 2958 2132 3005 ostro,
2164 2949 2262 2995 Ore
2289 2958 2443 3006 tener,

1420 3026 1547 3075 latus
1571 3037 1796 3091 pectore,
1819 3026 1951 3074 crine
1972 3025 2153 3089 glaber,
2176 3025 2333 3073 Uxori
2355 3026 2441 3088 qui

1422 3117 1550 3167 saepe
1572 3114 1666 3150 ωε
1687 3119 1849 3150 eomes
1867 3101 2120 3166 improbus
2137 3103 2287 3150 heret
2304 3124 2348 3150 κ.

1491 3183 1692 3230 xxlx.
1728 3197 1771 3228 1.
1809 3182 1880 3226 Ae
1907 3191 2020 3227 sune
2045 3179 2179 3229 servi.
2221 3182 2289 3228 At
2314 3181 2441 3228 euim

1423 3259 1664 3320 objicietis
1681 3275 1844 3307 servos
1861 3258 1971 3306 illos
1984 3293 1999 3317 ,
2016 3260 2101 3322 qui
2116 3259 2177 3306 ad
2199 3259 2444 3309 dominam

1416 3355 1519 3387 rem
1551 3339 1690 3388 istam
1713 3351 1762 3387 et
1777 3337 2067 3387 maleficium
2089 3339 2230 3388 Coelii
2253 3339 2443 3389 detule-

1417 3428 1556 3476 runt,
1570 3419 1620 3465 in
1640 3417 1755 3467 fidei
1773 3417 2042 3466 mercedem
2059 3419 2203 3467 fuisse
2219 3419 2441 3470 libertate

1421 3496 1654 3568 donatos.

1493 3592 1544 3625 2.
1592 3576 1922 3641 cognatorum
1958 3575 2219 3626 sementia.
2255 3576 2449 3641 Signifi-

1422 3664 1559 3703 catur
1585 3654 1775 3702 mulieri
1799 3669 1902 3701 nou
1928 3653 2120 3702 licuisse
2152 3671 2316 3703 servos
2343 3657 2446 3704 elne

1425 3743 1745 3797 cognatorum
1779 3734 2016 3781 sententia
2053 3748 2199 3781 manu
2241 3736 2446 3783 mittere.

1425 3813 1581 3860 Manu
1600 3813 1792 3860 miserat
1810 3823 1968 3859 autem
1981 3847 1995 3872 ,
2010 3829 2071 3859 ne
2087 3812 2148 3860 de
2166 3813 2225 3859 iis
2241 3813 2446 3875 quanio

1426 3890 1708 3951 haberetur,
1726 3892 1956 3954 quonism
1976 3885 2113 3938 liberi
2134 3908 2235 3940 non
2257 3902 2448 3955 torque-

1427 3963 1607 4016 bantur
1620 3969 1753 4032 apud
1768 3971 2016 4017 Romanos
2028 4004 2042 4028 ,
2057 3981 2112 4018 ut
2122 3971 2253 4035 apud
2266 3971 2445 4019 Athen.

1427 4047 1601 4096 Cicero
1620 4047 1670 4093 in
1689 4048 1856 4111 partit.
1875 4047 2188 4113 ejusdemque
2205 4050 2274 4097 rei
2290 4065 2454 4096 exem·

1430 4124 1565 4190 plum
1586 4138 1741 4175 exstat
1761 4128 1809 4174 in
1831 4127 2007 4174 Milon.
