2994 4778
699 416 1083 484 ORATIO
1132 418 1339 485 PRO
1388 419 1461 484 P.
1514 410 1900 486 SEx'rlo.
2265 418 2345 488 81

229 550 512 606 mnatos
530 538 564 585 ‘⁴
592 535 1032 633 expelleret?
1051 535 1248 608 bona
1280 536 1668 635 diriperet?
1692 537 1876 609 aedes
1901 540 2363 614 incenderet?

236 661 409 716 tecta
446 645 947 717 disturbaret?
991 647 1251 745 templa
1294 645 1603 719 deorum
1627 644 1657 689 ⁵
1697 649 2196 721 immortalium
2244 656 2357 723 in-

235 754 690 828 flammaret?
720 755 1053 827 tribunos
1082 757 1308 854 plebis
1340 756 1533 828 ferro
1565 782 1603 828 e
1632 759 1906 828 Rostris
1934 762 2361 855 expelleret?

231 868 649 962 provincias
664 864 721 947 ⁶,
792 891 972 963 quas
1030 867 1281 954 vellet,
1348 865 1613 964 quibus
1672 866 1923 949 vellet,
1982 869 2365 942 venderet?

224 998 434 1069 reges
473 974 929 1072 appellaret?
963 1000 1201 1046 rerum
1246 977 1648 1072 capitalium
1673 987 1698 1032 ⁷
1742 973 2256 1049 condemnatos
2289 983 2365 1051 in

229 1081 495 1155 liberas
527 1086 852 1156 civitates
886 1109 1019 1183 per
1048 1086 1316 1183 legatos
1338 1082 1368 1130 ⁸
1410 1099 1696 1156 nostros
1726 1084 2145 1157 reduceret?
2181 1091 2369 1186 prin-

231 1195 469 1292 cipem
510 1196 865 1266 civitatis9
908 1194 1098 1267 ferro
1145 1195 1516 1268 obsessum
1569 1196 1891 1266 teneret?
1932 1201 2093 1267 Haec
2138 1212 2223 1268 ut
2269 1198 2377 1297 ef·-

233 1302 449 1376 ficere
498 1321 793 1402 posset,
854 1330 1014 1403 quae
1066 1303 1263 1391 fieri,
1320 1307 1457 1375 nisi
1513 1307 1728 1374 armis
1772 1328 2113 1402 oppressa
2155 1331 2371 1404 repu-

232 1412 461 1497 blica,
509 1414 719 1485 nullo
764 1415 982 1485 modo
1027 1429 1405 1512 poterant,
1448 1413 1751 1499 idcirco,
1790 1414 2048 1503 cred0‚
2080 1441 2375 1487 manum

233 1523 368 1594 sibi
406 1528 485 1593 P.
516 1525 807 1595 Sextius
839 1541 913 1597 et
944 1527 1195 1623 copias
1232 1527 1691 1620 comparavit.
1738 1527 1831 1594 At
1868 1524 2193 1596 nondum
2225 1542 2379 1598 erat

239 1648 661 1719 maturum;
719 1634 1044 1705 nondum
1102 1658 1216 1704 res
1278 1634 1428 1729 ipsa
1489 1631 1578 1702 ad
1627 1632 1991 1727 ejusmodi
2052 1635 2378 1731 praesidia

238 1745 434 1814 viros
467 1743 714 1815 bonos
746 1742 1244 1842 compellebat.
1287 1743 1478 1813 Pulsi
1514 1767 1651 1813 nos
1683 1767 2000 1832 eramus»,
2039 1769 2187 1815 non
2224 1770 2378 1816 om-

241 1855 417 1924 nino
457 1857 600 1925 ista
636 1879 860 1926 manu
896 1855 1044 1925 sola
1072 1908 1092 1938 ‚
1149 1853 1275 1924 sed
1336 1868 1575 1924 tamen
1623 1877 1773 1922 non
1831 1858 1982 1925 sine
2034 1855 2162 1926 ista
2199 1882 2214 1925 ε
2256 1881 2379 1927 vos

242 1965 525 2033 taciti¹⁰
566 1963 984 2036 moerebatis
1006 1974 1094 2035 ¹¹.
1135 1968 1445 2060 Captum
1482 1979 1633 2034 erat
1668 1961 1906 2033 forum
1938 1989 2132 2036 anno
2175 1990 2379 2063 supe-

244 2075 474 2161 riore,
539 2074 696 2145 aede
754 2075 1111 2162 Castori5‚
1163 2088 1531 2169 tamquam
1583 2097 1746 2143 arce
1793 2073 2070 2170 aliqua,
2116 2100 2157 2145 a
2206 2073 2382 2173 fugi·

249 2184 402 2254 tivis
461 2198 875 2281 occupata:
926 2182 1291 2255 silebatur.
1363 2184 1623 2253 Omnia
1683 2182 2100 2271 hominum,
2154 2210 2380 2282 quum

254 2307 565 2387 egestate
587 2347 606 2376 ,
671 2307 826 2362 tum
889 2291 1181 2363 audacia
1235 2290 1687 2391 perditorum
1709 2345 1731 2377 ,
1785 2292 2106 2383 ‘clamore
2128 2348 2147 2380 ‚
2202 2320 2379 2367 con-

258 2426 502 2490 cursu,
538 2405 651 2488 vi,
693 2427 915 2472 manu
959 2401 1443 2500 gerebantur:
1489 2399 1974 2497 perferebatis.
2013 2408 2378 2498 Magistra-

258 2526 379 2581 tus
403 2514 685 2610 templis
706 2510 1164 2609 pellebantur
1186 2521 1279 2600 ¹²3
1315 2509 1435 2580 alii
1463 2515 1767 2580 omnino
1787 2509 1847 2555 ¹3
1884 2512 2082 2584 aditu
2110 2538 2192 2584 ac
2218 2513 2378 2586 foro

257 2619 878 2716 prohibebantur:
916 2646 1130 2692 nemo
1165 2617 1559 2692 resistebat.
1602 2617 2045 2692 Gladiatores
2080 2649 2168 2693 ex
2201 2649 2377 2721 prae·

255 2779 367 2825 riam
393 2780 709 2828 dreumtans
723 2814 738 2837 ,
768 2779 928 2827 omnia
955 2790 1089 2827 metu
1114 2778 1269 2843 reple-

254 2871 399 2907 'mt-

1356 2777 1546 2824 exsules
1563 2777 1850 2841 Byzantium
1870 2779 2042 2844 populi
2070 2781 2256 2830 romani
2282 2798 2377 2830 no·

1355 2856 1484 2902 mine
1507 2854 1863 2904 reducerentur.

324 2946 370 2994 ι.
397 2938 531 2986 Cives
553 2938 875 2987 indemnatos.
907 2936 1109 2986 Clodius
1128 2938 1268 2987 Cice-

255 3031 418 3062 ronem
476 3015 663 3077 expulit
717 3016 1047 3064 indemnatum
1070 3051 1085 3075 ,
1138 3015 1269 3063 bons

254 3094 463 3159 diripuit
480 3128 495 3151 ,
524 3094 647 3142 ades
666 3096 911 3158 incendit,
941 3104 1065 3142 tecta
1095 3092 1269 3141 distur-

255 3173 405 3221 bavit.

323 3251 370 3302 5.
394 3252 596 3315 Templa
613 3253 830 3303 door-um.
847 3253 1103 3317 Templum
1122 3249 1271 3314 Nym·

260 3333 457 3395 pharum
479 3332 720 3395 siguificat
740 3347 754 3380 ε
778 3332 912 3396 quod
933 3330 1148 3380 incendit
1165 3328 1271 3378 Clo-

263 3412 379 3468 dius,
392 3425 448 3462 ut
464 3413 678 3478 publice
689 3411 981 3460 recensionis
993 3410 1270 3457 memoriam

264 3492 459 3540 mua-et.

323 3573 371 3618 6.
396 3571 699 3619 Provincias.
720 3567 1058 3617 Macedoniam
1082 3567 1269 3626 Pisoni,

268 3650 441 3713 Syriam
482 3649 699 3699 Gabinio
713 3681 729 3706 ,
771 3647 921 3712 quum
966 3647 1012 3694 ei
1054 3645 1271 3694 Ciliciam

273 3739 367 3775 ante
413 3728 744 3793 promisisset,
797 3724 999 3775 Clodius
1041 3740 1126 3771 sua
1167 3724 1271 3787 lege

350 3900 390 3942 7.
430 3888 597 3933 Rerum
645 3881 931 3947 capitalium
977 3882 1271 3929 condemna-

278 3973 360 4009 tos.
393 3964 643 4027 Byzantios
676 3961 890 4018 exsules,
917 3976 1039 4024 quos
1064 3961 1272 4008 restitnit

274 4042 480 4102 (nudius,
504 4042 756 4105 intelligit.

1427 2951 1480 2997 9.
1527 2934 1792 2998 Principem
1832 2935 2054 2986 cioieau‘s.
2095 2940 2186 2989 Cn.
2229 2941 2376 2988 Pom·

1356 3013 1547 3077 peium,
1579 3029 1724 3077 quem
1761 3014 1934 3062 Damio
1971 3016 2138 3065 Clodii
2176 3017 2377 3067 libertus

1356 3091 1568 3141 obsedit.

1435 3184 1515 3218 10.
1542 3167 1715 3217 Taciti.
1733 3171 1998 3232 Tamquam
2014 3174 2252 3235 oppressi,
2272 3177 2378 3238 qui-

1357 3248 1451 3295 bus
1470 3262 1533 3294 ne
1558 3245 1698 3310 queri
1719 3246 1915 3309 quidem
1934 3246 2125 3307 liceret,
2143 3251 2376 3301 Clodiana

1357 3341 1485 3374 arms
1504 3361 1519 3383 ,
1545 3336 1593 3373 et
1620 3324 1873 3373 consulum
1898 3327 2126 3387 injustam
2153 3330 2374 3380 domins·

1357 3405 1540 3453 tionem
1580 3405 1859 3453 timentibus
1880 3419 1896 3455 :
1924 3423 2091 3455 verum
2117 3409 2184 3457 its
2209 3413 2374 3472 taciti,

1357 3495 1411 3533 ut
1440 3484 1678 3533 inclusum
1711 3484 1874 3533 animo
1906 3486 2124 3537 dolorem
2142 3504 2376 3541 moereute

1357 3564 1496 3612 vultu
1514 3562 1862 3628 significaretis.

1433 3658 1513 3690 ιι.
1558 3641 1853 3692 uoerebaeis.
1897 3645 1977 3693 Al.
2023 3647 2377 3699 marebamini.

1356 3722 1615 3786 Sequimur
1631 3721 1780 3770 codd.
1804 3723 1981 3786 regios.
2004 3724 2058 3772 J.
2075 3727 2139 3771 V.
2161 3726 2216 3775 1..

1435 3814 1515 3847 ω.
1555 3799 1878 3864 Magistratus
1917 3801 2104 3864 templis
2131 3804 2379 3867 pelleban-

1360 3889 1455 3926 tur.
1475 3880 1552 3927 De
1574 3878 1637 3940 Q.
1667 3878 1886 3926 Fabricio
1909 3879 2110 3928 tribuno
2127 3883 2197 3945 pl.
2219 3883 2355 3933 dicit.

1445 3960 1527 4005 13.
1580 3955 1686 4003 Atia·
1734 3957 1932 4006 omm'no
1978 3958 2116 4008 aditu
2162 3978 2225 4009 ac
2256 3961 2382 4025 foro

1360 4034 1755 4101 prohibebantur.
1781 4038 1856 4085 B.
1884 4038 2106 4102 Cispium
2135 4040 2383 4088 tribunum

339 4123 381 4167 8.
424 4126 650 4188 Legatos.
686 4123 733 4168 A
769 4117 949 4169 clodio
985 4120 1189 4179 missos,
1224 4128 1280 4167 ut
1366 4116 1436 4182 pl.
1464 4113 1716 4180 significat.

404 4210 485 4277 V.
542 4228 637 4272 Cic.
651 4238 764 4285 pars
782 4220 998 4273 secunda.

2099 4201 2144 4268 6
