2994 4778
640 445 770 515 512
1274 441 1368 506 Μ.
1422 440 1497 505 Τ.
1555 438 2140 506 CICERONIS

633 564 942 666 perculit
967 560 1058 633 ab
1087 559 1459 687 abjectoU.
1489 558 1688 629 Adde
1717 560 2070 630 inscitiam
2097 563 2376 657 pransi,
2407 562 2589 658 poti,
2598 566 2785 631 osci-

632 674 849 748 ta'ntis
877 674 1120 745 ducis.
1150 675 1301 767 qui,
1332 694 1559 793 quum
1587 694 1626 739 a
1659 685 1865 765 tergo
1897 669 2177 739 hostem
2204 670 2694 741 interclusum
2718 682 2779 713 ¹²

632 787 1078 884 reliquisset
1131 780 1307 851 nihil
1346 781 1437 857 de
1481 780 1633 872 ejus
1677 780 2016 848 extremis
2050 778 2458 849 comitibus
2506 782 2779 876 cogita·

633 901 775 983 vit3
833 898 910 966 in
967 916 1153 991 quos
1211 892 1544 960 incensos
1594 892 1730 975 ira,
1778 890 2145 985 vitamque
2182 889 2456 959 domini
2520 889 2780 987 despe-

636 1022 877 1079 rantes
930 1026 1157 1101 quum
1219 999 1625 1083 incidisset,
1679 998 1880 1068 haesit
1922 1003 1997 1068 in
2053 1002 2143 1068 iis
2193 996 2548 1097 poenis13,
2599 1024 2779 1096 quas

635 1119 727 1191 ab
760 1142 849 1189 eo
881 1118 1064 1186 servi
1104 1110 1352 1182 fideles
1390 1134 1524 1207 pro
1565 1109 1837 1180 domini
1874 1111 2015 1180 vita
2043 1114 2101 1162 ¹4
2151 1111 2679 1206 expetiverunt.

738 1233 887 1300 Cur
935 1224 1155 1321 igitur
1192 1245 1316 1292 eos
1351 1216 1903 1291 manumisi115?
1940 1218 2313 1290 metuebat
2351 1220 2643 1306 scilicet,
2682 1245 2781 1291 ne

641 1336 1087 1419 indicarent,
1139 1356 1235 1402 ne
1302 1329 1631 1401 dolorem
1692 1328 2010 1427 perferre
2075 1353 2226 1399 non
2286 1344 2615 1427 possent,
2680 1355 2780 1401 ne

641 1444 1021 1519 tormentis
1067 1454 1537 1535 cogerentur,
1582 1440 1895 1510 occisum
1949 1464 2102 1510 esse
2139 1462 2181 1508 a
2217 1442 2440 1509 servis
2489 1439 2783 1510 Milonis

642 1561 717 1629 in
778 1555 1006 1652 Appia
1054 1552 1163 1620 via
1220 1555 1290 1620 P.
1358 1550 1729 1636 Clodium,
1785 1548 2138 1620 confiteri.
2188 1549 2385 1639 Quid
2426 1575 2614 1648 opus
2670 1565 2782 1621 est

643 1666 960 1739 tortore?
992 1659 1168 1758 quid
1204 1660 1520 1755 quaeris?
1563 1658 2020 1730 Occideritne
2034 1660 2069 1739 Ρ,
2093 1658 2396 1730 Occidit.
2437 1665 2474 1731 J
2481 1684 2607 1729 ure
2629 1714 2649 1747 ‚
2686 1685 2781 1730 au

644 1774 951 1869 injuria?
1001 1768 1178 1839 nihil
1224 1768 1313 1837 ad
1365 1782 1742 1840 tortorem.
1782 1771 1973 1839 Facti
2017 1771 2211 1839 enim
2257 1771 2333 1839 in
2379 1767 2783 1866 equuleo¹⁶

643 1886 945 1983 quaestio
977 1894 1117 1963 est,
1147 1878 1331 1972 juris
1359 1880 1435 1949 in
1477 1878 1775 1974 judicio.

735 1996 957 2066 XXII.
1010 1988 1226 2079 Quod
1284 1990 1504 2086 igitur
1560 1989 1636 2058 in
1704 2013 1914 2060 causa
1972 1984 2450 2086 quaerendum
2510 2005 2651 2071 est,
2710 1991 2782 2061 id

643 2127 933 2203 agamus
979 2099 1138 2171 hic¹
1186 2126 1200 2167 ε
1251 2098 1452 2195 quod
1493 2100 1875 2169 tormentis
1929 2101 2257 2170 invenire
2296 2103 2442 2185 viS,
2485 2100 2554 2169 id
2600 2098 2787 2169 fate-

639 2239 828 2286 mur.
875 2215 1099 2282 Manu
1149 2234 1325 2279 vero
1376 2233 1509 2279 cur
1566 2210 1875 2298 miserit,
1933 2211 1992 2279 si
2055 2209 2127 2278 id
2192 2211 2436 2307 potius
2486 2212 2790 2306 quan-is,

570 2321 575 2326 ’
644 2347 861 2424 quam
894 2345 1030 2392 cur
1065 2343 1318 2417 parum
1356 2319 1611 2417 amplis
1650 2318 1969 2392 affecerit
2011 2320 2351 2417 praemiis,
2391 2322 2627 2391 nescis
2656 2321 2792 2389 in'i-

646 2436 809 2507 mici
848 2432 1120 2503 factum
1156 2429 1689 2529 reprehendere
1707 2442 1757 2501 ².
1797 2432 1994 2502 Dixit
2021 2432 2214 2501 enim
2248 2431 2367 2501 hic
2396 2431 2626 2516 idem,
2660 2433 2793 2529 qui

645 2546 886 2619 omnia
914 2564 1199 2639 semper
1229 2555 1643 2611 constanter
1675 2556 1745 2611 et
1778 2539 2094 2627 fortiter,
2121 2543 2218 2610 M.
2250 2545 2430 2611 Cato
2458 2538 2488 2583 ³
2513 2568 2532 2629 3
2569 2541 2793 2612 dixit-

718 2778 738 2809 ι
757 2777 778 2808 1
792 2796 804 2809 .
827 2760 902 2807 Ab
922 2757 1123 2822 abjecto.
1151 2757 1288 2819 Saepe
1309 2742 1565 2819 in'praeliis
1587 2774 1669 2806 sc·

644 2840 765 2890 cidit
782 2872 797 2898 ‚
818 2837 973 2900 utqui
992 2843 1265 2898 prostratus
1283 2844 1354 2880 est
1367 2869 1381 2894 ‚
1400 2848 1566 2899 surgat
1581 2872 1596 2898 ‚
1620 2847 1666 2884 et

645 2926 904 2986 derepente
926 2915 1216 2979 spoliantem
1238 2926 1452 2978 superet.

1756 2770 1837 2805 cet
1872 2757 1996 2806 Milo
2043 2758 2218 2820 injuris
2263 2768 2348 2805 snt
2386 2760 2500 2819 jnoe
2548 2758 2791 2807 Clodium

1756 2835 2014 2884 occiderit.

1826 2931 1875 2962 α.
1896 2917 2093 2962 Factum
2115 2913 2482 2977 reprehendere.
2503 2916 2618 2963 Non
2646 2918 2790 2980 peri-

723 3014 801 3046 12.
833 2999 1021 3044 Hostem
1062 2993 1389 3041 interclusum.
1426 2993 1666 3041 Milonem

647 3077 833 3127 seilicet
848 3112 862 3136 ,
883 3075 970 3139 qni
991 3075 1089 3135 jam
1118 3074 1426 3130 transiverat,
1446 3083 1493 3119 et
1513 3085 1617 3121 erat
1637 3090 1665 3122 ι

647 3159 747 3206 suis
768 3157 1041 3216 disjunctus
1054 3189 1069 3211 ‚
1087 3152 1384 3216 interpositis
1403 3150 1668 3201 Clodianis.

724 3237 802 3285 13.
829 3233 986 3282 Hoesie
1014 3232 1065 3279 in
1094 3231 1154 3279 iis
1171 3230 1354 3294 paem's.
1388 3232 1563 3278 Poenss
1591 3231 1672 3279 de-

649 3313 750 3372 dit,
773 3325 824 3360 et
855 3328 883 3359 s
923 3313 1075 3359 servis
1108 3310 1317 3358 Milonis
1355 3319 1425 3356 est
1464 3311 1672 3359 occisus.

647 3394 771 3439 Rem
797 3390 930 3437 illam
947 3424 962 3447 ‚
1003 3399 1058 3437 ut
1087 3401 1258 3448 antes,
1297 3387 1457 3435 verbis
1482 3405 1671 3453 semper

648 3467 812 3517 mollis
835 3478 1016 3514 orator.
1044 3466 1215 3513 'Verbo
1238 3466 1326 3512 illo
1361 3466 1503 3514 kaese't
1524 3468 1672 3515 intel·

647 3547 757 3610 ligit
783 3543 1039 3601 clodium,
1074 3556 1316 3606 tamquam
1349 3544 1496 3590 feram
1527 3546 1673 3593 fnisse

649 3625 891 3675 irretitum
907 3655 922 3678 ‚
943 3637 1054 3684 qnoe
1077 3621 1262 3683 laqueis
1282 3621 1501 3681 herens,
1534 3623 1671 3673 nullo

650 3703 801 3754 modo
823 3716 924 3748 sese
950 3699 1180 3764 expedire
1205 3698 1347 3747 valet.

726 3799 745 3829 1
757 3791 804 3840 4.
825 3783 916 3829 Pro
935 3777 1126 3826 domini
1141 3778 1266 3826 vita.
1283 3778 1527 3828 Putabant
1541 3782 1670 3829 enim

647 3860 883 3911 Milonem
907 3860 1004 3920 jam
1027 3874 1054 3905 a
1073 3857 1325 3906 Clodianis
1344 3861 1583 3910 occisum.

724 3939 805 3988 15.
824 3935 1117 3985 manumisit.
1137 3937 1339 3986 Liberos
1355 3955 1457 3987 esse
1474 3940 1637 4000 jussit.

729 4017 814 4064 16.
850 4015 1087 4079 Eqieuko.
1118 4016 1229 4064 Hoc
1269 4030 1374 4067 erat
1409 4021 1671 4067 tortorium

650 4099 1042 4147 insti-inuentum.
1481 4157 1488 4164 ι

723 4177 888 4225 xxn.
917 4190 965 4224 1.
995 4174 1278 4239 tangamus
1306 4176 1402 4223 hic:
1427 4178 1509 4223 An
1537 4177 1671 4224 scili·

1756 3005 1836 3042 tus
1862 3011 1912 3041 es
1936 3002 2218 3040 accusator:
2247 3009 2358 3040 nam
2384 2993 2497 3041 ideo
2521 2995 2795 3058 reprehen-

1757 3072 1946 3120 dendus
1970 3072 2099 3119 Milo
2123 3082 2271 3131 esset,
2301 3073 2438 3135 qnod
2474 3090 2645 3121 servos
2684 3092 2792 3123 non

1755 3151 2021 3211 majoribus
2063 3151 2276 3215 praemiis
2322 3152 2602 3201 donaverit.
2656 3157 2787 3201 Dum

1756 3245 1874 3277 vero
1900 3230 2103 3294 qnaeris,
2131 3246 2220 3277 cur
2237 3232 2608 3287 mentimini-it,
2627 3247 2787 3280 erras:

1757 3325 1899 3366 nam,
1933 3320 2120 3356 servata
2150 3309 2338 3356 domini
2368 3310 2470 3356 vita
2490 3345 2505 3367 ‚
2541 3325 2703 3357 nonne
2727 3311 2793 3357 li·

1758 3389 1992 3438 bemtem
2041 3405 2259 3437 mernere
2282 3392 2305 3436 Ρ
2361 3404 2529 3437 nonne
2582 3390 2794 3439 Milonis

1761 3469 1879 3517 satis
1936 3483 2092 3517 cansa
2137 3468 2231 3516 fnit
2296 3483 2386 3514 cnr
2430 3484 2520 3515 eos
2564 3468 2796 3519 libes-nte

1760 3549 1961 3600 donaret
1983 3543 2007 3595 ?

1833 3629 1882 3675 3.
1922 3629 1992 3675 M.
2030 3627 2175 3675 caeo.
2208 3629 2524 3676 Auctoritste
2552 3629 2763 3676 Catonis
2780 3663 2794 3686 ,

1758 3706 1851 3753 viri
1868 3705 2188 3765 sanctissimi,
2220 3721 2320 3753 rem
2347 3705 2611 3756 confirmat
2638 3708 2797 3760 fnisse

1756 3786 1863 3846 inre
1890 3785 2084 3834 factam.
2126 3785 2353 3848 Illndque
2390 3785 2487 3834 hoc
2531 3790 2644 3852 ipso
2675 3804 2796 3836 con·

1760 3865 1946 3924 tendit,
1969 3864 2107 3929 qnod
2129 3866 2254 3914 Cato
2281 3865 2559 3916 seditionm
2587 3871 2798 3916 concio·

1760 3959 1870 3990 nem
1906 3945 2067 3991 verbis
2100 3945 2196 3992 illis
2229 3945 2505 4008 setisve-riu
2548 3963 2662 4010 qne
2696 3948 2793 3994 nisi

1760 4023 1875 4070 huic
1919 4023 2103 4072 dicenti
2147 4024 2435 4074 credidisset
2454 4062 2470 4083 ,
2512 4042 2616 4074 non
2656 4039 2796 4074 certe

1760 4100 1954 4149 insanos
1976 4104 2251 4151 animorum
2278 4106 2644 4168 compressisset
2658 4122 2790 4153 no-

1762 4190 1856 4227 tul.
