2994 4778
1273 466 1369 532 M.
1420 465 1497 531 T.
1551 462 2129 531 CICERONIS
2201 482 2206 487 ·

748 589 1003 676 XXIII.
1052 587 1233 655 Nam
1277 596 1571 653 externa
1608 580 1839 652 bella¹
1888 605 2183 678 regum,
2220 580 2583 677 gentium,
2639 606 2777 651 na-¹

650 701 971 783 tionum,
1017 691 1445 791 jampridem
1496 696 1592 760 ita
1642 690 1989 761 exstincta
2046 703 2253 777 suut,
2298 704 2381 760 ut
2434 689 2780 786 praeclare

646 833 810 882 cum
857 809 939 876 iis
982 826 1311 901 agamus»,
1363 826 1549 897 quos
1588 816 1878 899 pacatos
1923 827 2075 872 esse
2119 802 2491 899 patiamur.
2541 803 2773 873 Deni-

643 943 786 1015 que
823 942 910 988 ex
953 914 1206 985 bellica
1250 913 1544 983 victoria
1589 937 1738 982 non
1779 910 1929 983 fere
1965 937 2403 1009 quemquam
2442 928 2550 984 est
2586 916 2775 982 invi-

642 1028 755 1098 dia
808 1028 1070 1098 civium
1125 1036 1591 1117 consequuta.
1650 1025 2074 1094 Domesticis
2125 1023 2364 1109 malis,
2418 1036 2491 1094 et
2535 1021 2764 1092 auda-

643 1141 835 1209 cium
879 1137 1141 1207 civium
1187 1131 1500 1203 consiliis
1543 1156 1729 1230 saepe
1770 1147 1877 1203 est
1915 1132 2428 1218 resistendum3
2480 1156 2773 1203 eorum—

642 1273 786 1346 que
841 1243 1325 1343 periculorum
1391 1256 1496 1312 est
1555 1246 1635 1311 in
1693 1240 2060 1340 republica
2112 1243 2490 1315 retinenda
2542 1243 2773 1315 medi-

640 1359 887 1429 cina2:
928 1376 1144 1450 quam
1194 1375 1520 1434 omnem,
1564 1351 1887 1446 judices,
1937 1353 2461 1451 perdidissetis,
2498 1356 2555 1424 si
2596 1380 2771 1426 meo

639 1467 934 1537 interitu
972 1466 1250 1533 senatui
1283 1462 1704 1559 populoque
1743 1486 2044 1534 romano
2081 1463 2348 1536 doloris
2380 1466 2492 1534 sui
2522 1462 2610 1533 de
2643 1489 2770 1533 me

638 1572 1047 1647 declarandi
1088 1586 1402 1669 potestas
1454 1586 1640 1642 esset
1682 1586 1950 1669 erepta.
2001 1575 2242 1662 Quare
2287 1598 2550 1643 moneo
2595 1597 2768 1657 voS‚

639 1685 1160 1764 adolescentes,
1198 1696 1413 1777 atque
1451 1681 1591 1752 hoc
1638 1706 1800 1754 meo
1829 1682 1992 1776 jure
2031 1684 2362 1780 praecipio
2381 1679 2435 1771 ³,
2488 1684 2612 1779 qui
2649 1682 2769 1752 di-

636 1796 979 1893 gnitatem
1006 1845 1027 1878 ‚
1077 1792 1206 1887 qui
1255 1789 1771 1887 rempublicam
1798 1844 1817 1878 ‚
1866 1793 1995 1887 qui
2030 1790 2329 1887 gloriam
2374 1793 2711 1889 spectatis
2743 1832 2763 1873 :

634 1929 761 1991 ne,
801 1905 859 1974 si
900 1926 1044 1999 qua
1078 1926 1208 1971 vos
1257 1899 1648 1996 aliquando
1689 1903 2068 1972 necessitas
2105 1900 2195 1971 ad
2238 1900 2763 1999 rempublicam

637 2028 887 2085 contra
959 2008 1332 2108 improbos
1395 2013 1587 2079 cives
1661 2007 2185 2081 defendendam
2253 2009 2536 2082 vocabit
2568 2065 2586 2097 ,
2646 2035 2763 2082 se—

636 2125 920 2221 gniores
962 2123 1149 2208 sitis,
1207 2135 1278 2190 et
1331 2118 1829 2191 recordatione
1877 2124 2019 2190 mei
2075 2125 2320 2191 casus-'⁴
2370 2146 2409 2191 a
2445 2121 2767 2191 consiliis

635 2233 942 2305 fortibus
990 2221 1376 2327 refugiatis.
1432 2231 1786 2319 Primum,
1826 2255 1974 2301 non
2026 2247 2131 2302 est
2176 2232 2613 2329 periculum,
2667 2258 2766 2302 ne

633 2345 758 2442 qui
797 2366 1140 2439 umquam
1177 2341 1319 2411 sint
1354 2342 1423 2410 in
1465 2340 1745 2412 civitate
1781 2341 2137 2436 ejusmodi
2171 2340 2539 2428 consules»,
2584 2365 2767 2439 prae-

633 2455 878 2525 sertim
936 2455 991 2521 si
1052 2453 1186 2520 erit
1245 2449 1356 2519 his
1406 2449 1522 2533 id,
1574 2449 1774 2546 quod
1828 2449 2174 2538 debetur,
2235 2453 2683 2549 persolutum
2709 2452 2760 2523 ⁵.

631 2561 911 2635 Deinde
934 2585 1329 2657 numquam
1355 2561 1502 2655 jam
1525 2615 1543 2647 ‚
1563 2575 1645 2630 ut
1673 2584 1909 2656 spero,
1944 2562 2327 2659 quisquam
2355 2562 2760 2661 improbuS,

635 2674 936 2744 consilio
990 2687 1064 2742 et
1111 2671 1372 2741 auxilio
1412 2668 1780 2741 bonorum
1805 2666 1837 2712 ⁶
1892 2695 1967 2742 se
2008 2696 2429 2770 oppugnare
2465 2697 2764 2770 rempu-

629 2783 889 2854 blicam
948 2781 1177 2868 dicet,
1233 2779 1370 2850 illis
1425 2780 1864 2868 tacentibus,
1912 2806 2047 2853 nec
2095 2783 2349 2853 armati
2404 2786 2763 2855 exercitus

630 2905 982 2962 terrorem
1019 2902 1347 2986 opponet
1386 2889 1675 2985 togatis3
1724 2915 1967 2986 neque
2017 2895 2153 2962 erit
2186 2893 2381 2988 justa
2414 2918 2624 2966 causa
2665 2895 2762 2965 ad

654 467 740 539 52

700 3079 899 3128 xxm.
936 3093 981 3125 ι.
1010 3078 1231 3124 Externa
1259 3076 1404 3124 bella.
1438 3076 1510 3123 De
1532 3076 1652 3123 Pro-

634 3160 807 3208 vinciis
825 3157 1176 3215 consularibus,
1197 3158 1224 3204 3
1236 3170 1290 3206 1:
1311 3176 1334 3198 α
1348 3155 1492 3205 Nulla
1512 3171 1651 3219 gens,

632 3255 742 3304 quae
778 3253 878 3284 nou
908 3247 990 3302 aut
1025 3239 1090 3283 ita
1127 3236 1324 3284 subacta
1354 3236 1443 3292 sit,
1476 3245 1534 3282 ut
1567 3234 1652 3282 vix

634 3328 819 3373 exstem
853 3325 936 3360 aut
971 3315 1038 3361 ita
1068 3314 1278 3372 domita,
1313 3325 1367 3360 ut
1402 3314 1651 3376 quiescam

632 3406 715 3442 aut
735 3395 799 3440 its
819 3401 1012 3456 pacata,
1029 3400 1085 3438 ut
1107 3392 1309 3439 victoria
1327 3401 1488 3439 nostra
1508 3392 1653 3456 impe·

634 3474 805 3534 rioque
826 3472 1014 3518 laetetur
1031 3491 1075 3517 ιι.

706 3566 755 3596 2.
801 3547 1067 3596 Retinenda
1116 3545 1369 3596 medicina.
1414 3550 1538 3609 Quae
1584 3550 1652 3597 its

634 3630 891 3686 retinetur,
915 3627 954 3674 si
974 3627 1135 3674 bonos
1157 3636 1206 3672 et
1231 3625 1379 3673 fortes
1401 3626 1532 3673 viros
1554 3643 1650 3675 res-

633 3707 828 3772 publica
848 3706 1005 3753 fovet:
1026 3714 1073 3751 et
1092 3704 1153 3751 ab
1167 3705 1349 3767 impetu
1367 3703 1650 3768 insidiisque

632 3779 794 3852 tuetur
809 3783 1146 3848 improborum
1171 3799 1185 3832 ε
1218 3799 1305 3830 nec
1324 3783 1534 3830 alienum
1554 3783 1648 3833 hoc

630 3879 657 3910 a
677 3862 829 3910 Sextii
849 3877 987 3908 causa
1007 3861 1198 3909 videtur
1218 3880 1231 3909 ε
1248 3862 1327 3909 cui
1346 3873 1548 3926 propter
1566 3878 1645 3921 ea,

630 3958 739 4007 quoe
754 3942 804 3988 in
819 3940 1068 3988 tribunatu
1087 3941 1154 4005 pl.
1169 3957 1261 4005 pro
1279 3942 1532 3999 Cicerone,
1548 3941 1646 3990 boc

629 4032 726 4079 est,
744 4035 837 4084 pro
855 4019 1101 4083 republica
1127 4031 1330 4082 gesserat
1346 4054 1360 4078 ‚
1388 4022 1646 4068 excitatam

626 4099 948 4149 accusationis
982 4097 1238 4162 procellam
1274 4115 1372 4147 non
1404 4099 1548 4146 semel
1583 4099 1644 4145 si·

625 4177 837 4243 gnificat.

1811 3076 1863 3127 3.
1881 3079 2112 3145 Meojure
2120 3081 2374 3146 proeee‘pt‘o.
2395 3087 2503 3131 Hoc
2519 3084 2644 3130 enim
2662 3099 2764 3147 ego

1737 3168 1914 3221 praeter
1957 3169 2140 3207 eeteros
2179 3176 2322 3224 posse
2363 3161 2534 3210 videor
2568 3163 2724 3211 faeere
2745 3202 2763 3226 ,

1738 3252 1889 3300 quum
1921 3241 2136 3287 omnium
2167 3241 2404 3309 maginae,
2442 3257 2585 3304 quam
2617 3254 2762 3305 grato

1739 3318 1901 3365 animo
1921 3317 2190 3381 respublica
2208 3319 2342 3366 cives'
2357 3320 2542 3382 optime
2561 3323 2765 3370 meritos

1739 3395 2070 3459 amplectatur,
2088 3398 2138 3443 in
2160 3413 2234 3443 me
2252 3398 2361 3461 ipso
2378 3400 2468 3445 sim
2487 3411 2740 3463 expertus.

1814 3480 1860 3530 4.
1881 3476 1944 3522 Ee
1963 3475 2295 3525 recordatione
2306 3477 2404 3525 mei
2415 3495 2572 3526 casus.
2590 3483 2762 3542 Quum

1737 3553 1918 3614 ejectus
1970 3570 2074 3601 sum
2105 3570 2119 3604 :
2168 3556 2349 3605 reditus
2379 3559 2525 3606 ‘enim
2579 3559 2763 3622 gloria,

1737 3647 1839 3679 non
1898 3631 2135 3683 discessus
2188 3637 2453 3698 calamitas,
2499 3639 2763 3701 cogitanda

1737 3710 1878 3758 vobis
1904 3722 1992 3761 est.

1810 3789 1858 3836 5.
1894 3792 2209 3840 Per-solutum.
2241 3795 2293 3842 si
2328 3805 2388 3842 ut
2401 3793 2575 3840 meriti
2609 3809 2729 3846 sunt
2746 3837 2760 3859 ‚

1734 3867 1802 3915 iu
1819 3870 2099 3931 punientur.

1806 3947 1857 3993 ὃ.
1890 3951 2152 3997 Bonorum.
2195 3950 2357 3996 Bonos
2388 3961 2562 4010 voest,
2592 3953 2759 4002 Caesa-

1735 4038 1835 4070 nem
1849 4058 1864 4084 ,
1880 4026 2162 4092 Pompeium
2176 4060 2193 4085 ,
2212 4027 2430 4075 Crassum
2442 4067 2458 4092 ,
2470 4047 2598 4094 quos
2611 4048 2760 4080 excu-

1735 4112 1832 4160 sat,
1852 4114 1908 4151 ut
1931 4105 1982 4151 iu
2003 4104 2221 4154 coumles
2245 4115 2293 4152 et
2311 4107 2538 4157 Clodium
2559 4110 2636 4156 cul
2641 4127 2756 4174 pani

1736 4194 1982 4230 convertet
2008 4184 2297 4233 universam.
