2994 4778
563 382 706 465 luo
1203 382 1298 449 M.
1351 383 1426 449 T.
1481 383 2064 452 CICERONIS

560 501 833 599 species
867 500 1023 595 ejus
1058 515 1133 572 et
1164 501 1626 599 pulchritudo
1670 505 1884 575 etiam
1929 505 2002 574 in
2049 502 2254 573 hoste
2292 501 2527 598 posita
2577 500 2707 571 dec

564 610 777 681 lectet
793 606 846 679 ⁵.

661 724 984 792 XXXIII.
1036 719 1388 818 Equidem
1457 721 1686 794 dicam
1744 748 1833 792 ex
1888 722 2127 794 animo
2146 776 2166 808 ,
2219 735 2473 818 patres
2531 743 2700 789 con-

565 832 845 927 scripti,
882 829 1084 927 quod
1124 832 1395 918 sentiO,
1440 846 1512 901 et
1547 830 1749 928 quod
1779 831 1980 903 vobis
2010 828 2484 902 audientibus
2523 852 2701 924 saepe

561 940 707 1035 jam
744 937 910 1010 dixi.
956 942 1025 1012 Si
1064 941 1242 1011 mibi
1278 967 1676 1037 numquam
1708 943 1982 1012 amicus
2019 946 2096 1012 C.
2135 943 2371 1010 Caesar
2413 936 2697 1019 fuisset,

570 1050 695 1122 sed
739 1061 1051 1148 semper‘
1098 1052 1363 1137 iratus;
1399 1055 1455 1121 si
1484 1066 1987 1149 aspernaretur
2019 1052 2407 1121 amicitiam
2434 1071 2694 1130 meam,

569 1184 870 1256 seseque
909 1161 1087 1231 mihi
1121 1161 1645 1260 implacabilem
1685 1160 2395 1259 inexpiabilemque²
2432 1155 2689 1257 praebe—

573 1269 739 1342 ret':
791 1283 1027 1342 tamen
1072 1272 1170 1359 ei,
1198 1296 1427 1367 quum
1468 1286 1696 1343 tantas
1726 1281 1840 1341 res
1872 1273 2236 1367 gessisset,
2276 1282 2723 1364 gereretque·

576 1379 939 1479 quotidie,
983 1407 1130 1452 non
1185 1384 1459 1453 amicus
1510 1406 1664 1453 esse
1714 1406 1865 1451 uon
1918 1405 2224 1479 possem.
2286 1379 2517 1472 Cujus
2565 1400 2693 1471 ego

575 1492 881 1589 imperio
917 1517 1063 1563 non
1104 1491 1397 1589 Alpium
1433 1492 1699 1563 vallum
1726 1505 1979 1564 contra
2015 1488 2448 1560 adscensum
2488 1503 2699 1557 trans·

576 1604 1169 1699 gressionemque
1207 1603 1617 1687 Gallorum,
1660 1626 1811 1672 non
1845 1601 2079 1673 Rheni
2109 1598 2417 1683 fossam,
2469 1597 2697 1696 gurgi·

578 1710 770 1783 tibus
809 1712 947 1784 illis
995 1711 1565 1801 redundantem,
1609 1716 2135 1783 Germanorum
2176 1708 2700 1779 immanissimis

577 1820 912 1920 gentibus
949 1820 1213 1917 objicio
1252 1839 1324 1896 et
1351 1847 1672 1921 oppono.
1708 1820 2008 1893 Perfecit
2036 1820 2150 1891 ille
2167 1813 2224 1906 3,
2259 1836 2380 1903 ut,
2422 1822 2483 1891 si
2515 1842 2700 1889 mon-

582 1946 686 2003 tes
721 1930 1183 2019 resedissent,
1227 1958 1474 2004 amnes
1515 1933 1988 2017 exaruissent,
2034 1956 2183 2001 uon
2221 1945 2496 2001 natura:
2529 1951 2691 2025 prae·

582 2040 764 2114 sidio
786 2098 806 2131 ,
863 2043 988 2115 sed
1061 2046 1357 2115 victoria
1417 2069 1542 2115 sua
1567 2099 1585 2127 ,
1657 2042 2022 2140 rebusque
2096 2042 2358 2137 gestis,
2435 2038 2693 2109 Italiam

580 2155 929 2229 munitam
969 2154 1424 2227 haberemus.
1453 2153 1632 2241 Sed,
1663 2178 1890 2250 quum
1923 2178 2035 2223 me
2066 2165 2390 2249 expetat,
2428 2148 2697 2244 diligat,

583 2266 783 2332 omni
813 2262 1022 2335 laude
1063 2264 1362 2362 dignum
1402 2278 1609 2362 putet
1648 2292 1664 2334 ε
1701 2278 1780 2334 tu
1821 2287 1935 2333 me
1968 2288 2007 2332 a
2037 2263 2177 2332 tuis
2210 2261 2595 2331 inimicitiis
2620 2256 2707 2327 ad

586 2372 1019 2446 simultatem
1063 2373 1478 2447 revocabis?
1536 2376 1634 2445 sic
1679 2375 1822 2445 tuis
1858 2371 2248 2445 sceleribus
2302 2369 2710 2469 reipublicae

585 2485 940 2581 praeterita
969 2483 1112 2557 fata
1146 2485 1604 2558 refricabis4?
1647 2485 1847 2582 quod
1888 2485 2178 2582 quidem
2210 2499 2289 2553 tu
2311 2538 2333 2568 ,
2366 2486 2498 2579 qui
2536 2480 2711 2551 bene

588 2593 884 2667 nosses⁵
919 2597 1504 2691 conjunctionem
1552 2621 1781 2667 meam
1820 2611 1894 2667 et
1934 2597 2263 2680 Caesaris,
2300 2585 2709 2670 eludebas⁶‚

589 2729 816 2799 quum
853 2731 893 2776 a
926 2731 1038 2777 me
1082 2705 1556 2776 trementibus
1596 2708 1900 2778 omnino
1938 2704 2194 2777 labris7
2223 2758 2242 2786 ,
2272 2704 2403 2774 sed
2450 2721 2707 2781 tamen,

664 2909 712 2958 5.
752 2908 922 2956 Posito
957 2908 1172 2956 delectet.
1210 2911 1281 2956 Ita
1327 2908 1611 2957 Hannibalis
1697 2910 1794 2969 jam
1823 2909 2023 2957 Caesaris
2049 2909 2227 2955 virtute
2256 2924 2315 2956 ac
2345 2910 2550 2956 nomine
2572 2903 2715 2953 territi

592 2997 764 3035 statuae
781 2989 950 3035 Roma:
969 2988 1308 3037 cernebantur.

663 3069 906 3116 xxxm.
929 3082 969 3116 1.
995 3067 1122 3117 Cod.
1145 3068 1397 3133 lix-langas·
1410 3071 1613 3133 semper.

596 3146 773 3195 Probat
824 3148 1048 3196 Goerenz.
1097 3148 1159 3196 ad
1208 3149 1356 3199 Acad.
1401 3149 1480 3206 11,
1527 3148 1611 3196 26.

595 3226 643 3273 J.
667 3227 728 3273 V.
757 3226 813 3276 1..

672 3317 718 3348 a.
763 3302 838 3352 Al.
873 3301 1372 3369 inexplicabilemque.
1399 3303 1447 3354 J.
1469 3307 1533 3354 V.
1560 3307 1615 3352 L.

602 3407 673 3420 --
694 3382 862 3429 Multo
897 3393 1063 3432 nostra
1097 3395 1324 3447 praestat,
1354 3401 1465 3447 quae
1506 3401 1614 3448 per·

600 3460 748 3508 tinaci
801 3461 919 3508 odio
960 3463 1209 3509 ardentem
1249 3462 1495 3510 homiuem
1537 3465 1619 3511 de·

600 3542 773 3604 signat.

675 3619 724 3667 3.
775 3616 986 3681 Perfecit
1017 3616 1117 3665 ille.
1162 3617 1319 3664 Caesar
1360 3616 1528 3665 Gallos
1570 3632 1618 3668 et

605 3701 872 3747 Germanos
910 3697 1054 3743 armis
1105 3697 1170 3745 ita
1211 3698 1522 3762 compressit,
1563 3710 1620 3746 ut

597 3779 699 3840 jam
751 3794 854 3826 nou
906 3778 1092 3841 possint
1137 3778 1402 3842 quidquam
1449 3791 1621 3846 contra

606 3869 817 3905 nostram
844 3857 1188 3922 rempublicam
1215 3858 1374 3906 moliri
1389 3893 1405 3918 ‚
1438 3860 1623 3908 etiamsi

607 3954 762 4001 neque
786 3937 935 4002 Alpes
960 3937 1153 3995 Gallos,
1180 3954 1336 4001 neque
1357 3938 1556 3987 Rhenus
1579 3950 1625 3987 et

609 4018 757 4082 Alpes
786 4020 1051 4066 Germanos
1078 4017 1139 4064 ab
1172 4017 1323 4066 Italiae
1348 4018 1485 4067 aditu
1512 4035 1625 4083 pro-

609 4098 851 4157 hibereut3
870 4097 955 4147 sed
982 4099 1145 4148 hostes
1164 4097 1233 4146 illi
1264 4101 1431 4147 Rome
1457 4100 1627 4147 aeterni

1701 2989 1946 3051 quiescere
1974 2998 2228 3051 cogantur.

1775 3077 1820 3124 4.
1842 3065 2120 3132 Refricabis.
2140 3067 2428 3115 Renovabis
2448 3084 2506 3114 aa
2522 3102 2536 3125 ‚
2555 3063 2712 3129 quihus

1702 3161 1727 3192 a
1750 3164 1824 3193 me
1838 3148 2014 3206 Cast,
2030 3147 2145 3194 licet
2163 3147 2316 3193 iratus
2333 3147 2460 3194 mihi
2479 3161 2575 3193 uon
2589 3152 2707 3192 estet.

1701 3225 1904 3273 alienior
1927 3236 2085 3273 tamen
2107 3242 2207 3274 esse
2230 3227 2366 3273 visus
2387 3236 2484 3274 est.

1779 3307 1826 3353 5.
1875 3306 1970 3367 Qui
1989 3305 2109 3352 bene
2139 3321 2308 3351 nosses
2335 3303 2713 3370 conju-ctionem

1703 3401 1861 3432 meam
1904 3395 1951 3431 ee
1994 3383 2211 3431 Coesaris.
2269 3385 2373 3446 Qui
2426 3385 2566 3431 seim
2609 3395 2682 3426 me
2704 3413 2721 3436 ,

1705 3475 1907 3528 propter
1931 3463 2131 3511 Caesaris
2147 3463 2415 3510 amicitiam
2430 3498 2447 3519 ,
2472 3475 2723 3523 numquam

1709 3543 1822 3598 tibi,
1859 3544 1963 3603 ejus
2000 3558 2195 3602 socero,
2232 3558 2421 3590 nomen
2465 3558 2568 3590 ease
2605 3539 2729 3587 deta-

1709 3633 1885 3670 turum.

1778 3701 1826 3748 6.
1852 3698 2115 3748 Eludebas.
2142 3701 2281 3747 Serio
2301 3715 2403 3747 uon
2425 3699 2641 3764 agebas,
2658 3697 2737 3761 qui

1707 3779 1947 3835 scires,me
1956 3778 2046 3826 tibi
2053 3789 2261 3843 propter
2268 3779 2517 3827 Caesarem
2530 3794 2743 3843 parcere.

1786 3877 1830 3921 7.
1860 3858 2204 3907 Tremeneibus.
2227 3894 2241 3906 .
2265 3891 2279 3904 .
2307 3858 2482 3906 Iabn's.
2500 3862 2674 3922 Quum
2695 3857 2744 3903 id

1712 3938 1986 4003 requirebas
2007 3939 2209 3995 invitus,
2232 3937 2574 3986 damnationis
2593 3949 2745 3988 metu.

1714 4020 1938 4067 conscius
1991 4018 2221 4066 scelerum
2279 4029 2503 4066 tuorum.
2585 4019 2712 4065 infra
2733 4031 2745 4061 :

1716 4121 1738 4139 κ
1762 4099 2013 4148 Neminem
2032 4098 2213 4146 invitus
2230 4097 2461 4145 invitabis
2486 4118 2530 4143 ι.
