<?xml version="1.0" encoding="UTF-8"?>
<!DOCTYPE html PUBLIC "-//W3C//DTD XHTML 1.0 Transitional//EN"
    "http://www.w3.org/TR/xhtml1/DTD/xhtml1-transitional.dtd">
<html xmlns="http://www.w3.org/1999/xhtml" xml:lang="en" lang="en">
 <head>
  <title>
</title>
<meta http-equiv="Content-Type" content="text/html;charset=utf-8" />
  <meta name='ocr-system' content='tesseract 3.04.00' />
  <meta name='ocr-capabilities' content='ocr_page ocr_carea ocr_par ocr_line ocrx_word'/>
</head>
<body>
  <div class='ocr_page' id='page_1' title='image "./mtciceronisquae06lemagoog_0662.png"; bbox 0 0 2994 4778; ppageno 0'>
   <div class='ocr_carea' id='block_1_1' title="bbox 572 514 2549 733">
    <p class='ocr_par' dir='ltr' id='par_1_1' title="bbox 572 514 2549 733">
     <span class='ocr_line' id='line_1_1' title="bbox 572 514 2549 590; baseline 0.001 -4"><span class='ocrx_word' id='word_1_1' title='bbox 572 514 710 586; x_wconf 81' lang='lat'><strong>652</strong></span> <span class='ocrx_word' id='word_1_2' title='bbox 789 516 887 586; x_wconf 87' lang='lat' dir='ltr'><strong>IN</strong></span> <span class='ocrx_word' id='word_1_3' title='bbox 924 515 1187 584; x_wconf 81' lang='lat' dir='ltr'><strong>ORAT.</strong></span> <span class='ocrx_word' id='word_1_4' title='bbox 1216 517 1415 584; x_wconf 85' lang='lat' dir='ltr'><strong>PRO.</strong></span> <span class='ocrx_word' id='word_1_5' title='bbox 1450 518 1758 585; x_wconf 85' lang='lat' dir='ltr'><strong>DEJOT.</strong></span> <span class='ocrx_word' id='word_1_6' title='bbox 1790 519 1983 586; x_wconf 87' lang='lat' dir='ltr'><strong>SCH.</strong></span> <span class='ocrx_word' id='word_1_7' title='bbox 2018 518 2225 590; x_wconf 86' lang='grc' dir='ltr'><strong>ΑΜΒ.</strong></span> <span class='ocrx_word' id='word_1_8' title='bbox 2257 518 2549 587; x_wconf 88' lang='lat' dir='ltr'><strong>COMM.</strong></span> 
     </span>
     <span class='ocr_line' id='line_1_2' title="bbox 668 636 2352 733; baseline 0.001 -25"><span class='ocrx_word' id='word_1_9' title='bbox 668 637 918 727; x_wconf 86' lang='lat' dir='ltr'><strong>Qualis</strong></span> <span class='ocrx_word' id='word_1_10' title='bbox 949 661 1077 707; x_wconf 85' lang='lat' dir='ltr'><strong>rex</strong></span> <span class='ocrx_word' id='word_1_11' title='bbox 1108 636 1384 708; x_wconf 86' lang='lat' dir='ltr'><strong>Attalus</strong></span> <span class='ocrx_word' id='word_1_12' title='bbox 1404 637 1511 733; x_wconf 85' lang='lat'><strong>(1)</strong></span> <span class='ocrx_word' id='word_1_13' title='bbox 1536 641 1610 708; x_wconf 91' lang='lat' dir='ltr'><strong>in</strong></span> <span class='ocrx_word' id='word_1_14' title='bbox 1643 642 1717 708; x_wconf 91' lang='lat' dir='ltr'><strong>P.</strong></span> <span class='ocrx_word' id='word_1_15' title='bbox 1748 637 2163 711; x_wconf 86' lang='lat' dir='ltr'><strong>Africanum</strong></span> <span class='ocrx_word' id='word_1_16' title='bbox 2200 638 2352 710; x_wconf 87' lang='lat' dir='ltr'><strong>fuit.</strong></span> 
     </span>
    </p>
   </div>
   <div class='ocr_carea' id='block_1_2' title="bbox 572 771 2697 1330">
    <p class='ocr_par' dir='ltr' id='par_1_2' title="bbox 572 771 2697 1330">
     <span class='ocr_line' id='line_1_3' title="bbox 648 771 2697 852; baseline 0.002 -22"><span class='ocrx_word' id='word_1_17' title='bbox 648 775 777 830; x_wconf 81' lang='lat' dir='ltr'><strong>Rex</strong></span> <span class='ocrx_word' id='word_1_18' title='bbox 798 771 1016 829; x_wconf 83' lang='lat' dir='ltr'><strong>Attalus</strong></span> <span class='ocrx_word' id='word_1_19' title='bbox 1037 771 1258 848; x_wconf 91' lang='lat' dir='ltr'><strong>populo</strong></span> <span class='ocrx_word' id='word_1_20' title='bbox 1290 790 1534 829; x_wconf 88' lang='lat' dir='ltr'><strong>romano</strong></span> <span class='ocrx_word' id='word_1_21' title='bbox 1556 772 1870 830; x_wconf 86' lang='lat' dir='ltr'><strong>arctissima</strong></span> <span class='ocrx_word' id='word_1_22' title='bbox 1898 773 2006 832; x_wconf 88' lang='lat' dir='ltr'><strong>fuit</strong></span> <span class='ocrx_word' id='word_1_23' title='bbox 2033 774 2305 832; x_wconf 87' lang='lat' dir='ltr'><strong>societate</strong></span> <span class='ocrx_word' id='word_1_24' title='bbox 2327 775 2697 852; x_wconf 77' lang='lat' dir='ltr'><strong>conjunctuS,</strong></span> 
     </span>
     <span class='ocr_line' id='line_1_4' title="bbox 575 867 2697 951; baseline 0.002 -27"><span class='ocrx_word' id='word_1_25' title='bbox 575 886 759 944; x_wconf 89' lang='lat' dir='ltr'><strong>usque</strong></span> <span class='ocrx_word' id='word_1_26' title='bbox 787 867 934 926; x_wconf 90' lang='lat' dir='ltr'><strong>adeo</strong></span> <span class='ocrx_word' id='word_1_27' title='bbox 950 909 967 937; x_wconf 86' lang='lat'>‚</span> <span class='ocrx_word' id='word_1_28' title='bbox 988 880 1055 926; x_wconf 89' lang='lat' dir='ltr'><strong>ut</strong></span> <span class='ocrx_word' id='word_1_29' title='bbox 1074 888 1206 926; x_wconf 91' lang='lat' dir='ltr'><strong>eum</strong></span> <span class='ocrx_word' id='word_1_30' title='bbox 1234 887 1470 950; x_wconf 81' lang='lat' dir='ltr'><strong>quoque</strong></span> <span class='ocrx_word' id='word_1_31' title='bbox 1497 870 1656 947; x_wconf 85' lang='lat' dir='ltr'><strong>regni</strong></span> <span class='ocrx_word' id='word_1_32' title='bbox 1687 870 1777 927; x_wconf 87' lang='lat' dir='ltr'><strong>sui</strong></span> <span class='ocrx_word' id='word_1_33' title='bbox 1800 869 2074 928; x_wconf 85' lang='lat' dir='ltr'><strong>heredem</strong></span> <span class='ocrx_word' id='word_1_34' title='bbox 2099 872 2318 929; x_wconf 87' lang='lat' dir='ltr'><strong>fecerit.</strong></span> <span class='ocrx_word' id='word_1_35' title='bbox 2340 872 2500 930; x_wconf 84' lang='lat' dir='ltr'><strong>Idem</strong></span> <span class='ocrx_word' id='word_1_36' title='bbox 2526 873 2697 951; x_wconf 81' lang='lat' dir='ltr'><strong>igitur</strong></span> 
     </span>
     <span class='ocr_line' id='line_1_5' title="bbox 572 965 2697 1044; baseline 0.002 -22"><span class='ocrx_word' id='word_1_37' title='bbox 572 967 931 1043; x_wconf 83' lang='lat' dir='ltr'><strong>oppugnanti</strong></span> <span class='ocrx_word' id='word_1_38' title='bbox 968 965 1336 1023; x_wconf 82' lang='lat' dir='ltr'><strong>Numantiam</strong></span> <span class='ocrx_word' id='word_1_39' title='bbox 1375 965 1634 1043; x_wconf 89' lang='lat' dir='ltr'><strong>Scipioni</strong></span> <span class='ocrx_word' id='word_1_40' title='bbox 1675 985 1793 1022; x_wconf 92' lang='lat' dir='ltr'><strong>non</strong></span> <span class='ocrx_word' id='word_1_41' title='bbox 1825 979 2047 1024; x_wconf 89' lang='lat' dir='ltr'><strong>tantum</strong></span> <span class='ocrx_word' id='word_1_42' title='bbox 2083 986 2116 1024; x_wconf 88' lang='lat' dir='ltr'><strong>a</strong></span> <span class='ocrx_word' id='word_1_43' title='bbox 2150 967 2366 1044; x_wconf 85' lang='lat' dir='ltr'><strong>quibus</strong></span> <span class='ocrx_word' id='word_1_44' title='bbox 2401 969 2697 1027; x_wconf 77' lang='lat' dir='ltr'><strong>fulciretur</strong></span> 
     </span>
     <span class='ocr_line' id='line_1_6' title="bbox 573 1059 2693 1140; baseline 0 -22"><span class='ocrx_word' id='word_1_45' title='bbox 573 1059 713 1118; x_wconf 88' lang='lat' dir='ltr'><strong>belli</strong></span> <span class='ocrx_word' id='word_1_46' title='bbox 749 1061 1054 1118; x_wconf 79' lang='lat' dir='ltr'><strong>necessitas</strong></span> <span class='ocrx_word' id='word_1_47' title='bbox 1090 1061 1150 1118; x_wconf 93' lang='lat' dir='ltr'><strong>in</strong></span> <span class='ocrx_word' id='word_1_48' title='bbox 1181 1061 1515 1139; x_wconf 85' lang='lat' dir='ltr'><strong>Hispaniam</strong></span> <span class='ocrx_word' id='word_1_49' title='bbox 1555 1060 1737 1133; x_wconf 88' lang='lat' dir='ltr'><strong>misit,</strong></span> <span class='ocrx_word' id='word_1_50' title='bbox 1770 1081 1975 1119; x_wconf 75' lang='lat' dir='ltr'><strong>verum</strong></span> <span class='ocrx_word' id='word_1_51' title='bbox 2014 1063 2180 1120; x_wconf 88' lang='lat' dir='ltr'><strong>etiam</strong></span> <span class='ocrx_word' id='word_1_52' title='bbox 2212 1060 2367 1120; x_wconf 89' lang='lat' dir='ltr'><strong>dona</strong></span> <span class='ocrx_word' id='word_1_53' title='bbox 2411 1065 2693 1140; x_wconf 84' lang='lat' dir='ltr'><strong>pretiosa:</strong></span> 
     </span>
     <span class='ocr_line' id='line_1_7' title="bbox 572 1156 2692 1235; baseline 0.002 -21"><span class='ocrx_word' id='word_1_54' title='bbox 572 1176 704 1235; x_wconf 81' lang='lat' dir='ltr'><strong>quae</strong></span> <span class='ocrx_word' id='word_1_55' title='bbox 732 1156 975 1235; x_wconf 85' lang='lat' dir='ltr'><strong>sumpsit</strong></span> <span class='ocrx_word' id='word_1_56' title='bbox 1005 1158 1296 1235; x_wconf 88' lang='lat' dir='ltr'><strong>gratulans</strong></span> <span class='ocrx_word' id='word_1_57' title='bbox 1321 1157 1638 1215; x_wconf 83' lang='lat' dir='ltr'><strong>Africanus.</strong></span> <span class='ocrx_word' id='word_1_58' title='bbox 1671 1158 1845 1235; x_wconf 83' lang='lat' dir='ltr'><strong>Regis</strong></span> <span class='ocrx_word' id='word_1_59' title='bbox 1869 1157 2130 1234; x_wconf 85' lang='lat' dir='ltr'><strong>Dejotari</strong></span> <span class='ocrx_word' id='word_1_60' title='bbox 2157 1173 2379 1214; x_wconf 80' lang='lat' dir='ltr'><strong>tantam</strong></span> <span class='ocrx_word' id='word_1_61' title='bbox 2409 1161 2469 1215; x_wconf 89' lang='lat' dir='ltr'><strong>in</strong></span> <span class='ocrx_word' id='word_1_62' title='bbox 2500 1164 2692 1218; x_wconf 82' lang='lat' dir='ltr'><strong>Caesa-</strong></span> 
     </span>
     <span class='ocr_line' id='line_1_8' title="bbox 573 1251 2692 1330; baseline 0.002 -21"><span class='ocrx_word' id='word_1_63' title='bbox 573 1271 696 1311; x_wconf 90' lang='lat' dir='ltr'><strong>rem</strong></span> <span class='ocrx_word' id='word_1_64' title='bbox 721 1251 1118 1311; x_wconf 73' lang='lat' dir='ltr'><strong>liberalitatem</strong></span> <span class='ocrx_word' id='word_1_65' title='bbox 1136 1297 1152 1323; x_wconf 92' lang='lat'>,</span> <span class='ocrx_word' id='word_1_66' title='bbox 1174 1267 1448 1330; x_wconf 79' lang='lat' dir='ltr'><strong>quamam</strong></span> <span class='ocrx_word' id='word_1_67' title='bbox 1482 1254 1544 1311; x_wconf 91' lang='lat' dir='ltr'><strong>in</strong></span> <span class='ocrx_word' id='word_1_68' title='bbox 1576 1254 1910 1312; x_wconf 71' lang='lat' dir='ltr'><strong>Africanum</strong></span> <span class='ocrx_word' id='word_1_69' title='bbox 1937 1255 2147 1327; x_wconf 76' lang='lat' dir='ltr'><strong>Attali,</strong></span> <span class='ocrx_word' id='word_1_70' title='bbox 2176 1255 2350 1313; x_wconf 82' lang='lat' dir='ltr'><strong>fuisse</strong></span> <span class='ocrx_word' id='word_1_71' title='bbox 2376 1256 2692 1314; x_wconf 85' lang='lat' dir='ltr'><strong>confirmat.</strong></span> 
     </span>
    </p>
   </div>
   <div class='ocr_carea' id='block_1_3' title="bbox 577 1383 2696 1567">
    <p class='ocr_par' dir='ltr' id='par_1_3' title="bbox 577 1383 2696 1567">
     <span class='ocr_line' id='line_1_9' title="bbox 669 1383 2696 1483; baseline 0 -26"><span class='ocrx_word' id='word_1_72' title='bbox 669 1390 790 1457; x_wconf 89' lang='lat' dir='ltr'><strong>IX.</strong></span> <span class='ocrx_word' id='word_1_73' title='bbox 830 1410 891 1456; x_wconf 89' lang='lat'><strong>1.</strong></span> <span class='ocrx_word' id='word_1_74' title='bbox 929 1388 1329 1483; x_wconf 88' lang='lat' dir='ltr'><strong>Sequutum</strong></span> <span class='ocrx_word' id='word_1_75' title='bbox 1357 1383 1637 1456; x_wconf 89' lang='lat' dir='ltr'><strong>bellum</strong></span> <span class='ocrx_word' id='word_1_76' title='bbox 1672 1399 1781 1455; x_wconf 88' lang='lat' dir='ltr'><strong>est</strong></span> <span class='ocrx_word' id='word_1_77' title='bbox 1815 1383 2263 1456; x_wconf 84' lang='lat' dir='ltr'><strong>Africanum.</strong></span> <span class='ocrx_word' id='word_1_78' title='bbox 2306 1390 2578 1458; x_wconf 85' lang='lat' dir='ltr'><strong>Graves</strong></span> <span class='ocrx_word' id='word_1_79' title='bbox 2605 1385 2696 1458; x_wconf 89' lang='lat' dir='ltr'><strong>de</strong></span> 
     </span>
     <span class='ocr_line' id='line_1_10' title="bbox 577 1510 1042 1567; baseline 0 -1"><span class='ocrx_word' id='word_1_80' title='bbox 577 1510 648 1567; x_wconf 89' lang='lat' dir='ltr'><strong>te</strong></span> <span class='ocrx_word' id='word_1_81' title='bbox 690 1520 1042 1567; x_wconf 87' lang='lat' dir='ltr'><strong>rumores.</strong></span> 
     </span>
    </p>
   </div>
   <div class='ocr_carea' id='block_1_4' title="bbox 576 1634 2740 1906">
    <p class='ocr_par' dir='ltr' id='par_1_4' title="bbox 576 1634 2740 1906">
     <span class='ocr_line' id='line_1_11' title="bbox 653 1634 2740 1713; baseline -0.001 -17"><span class='ocrx_word' id='word_1_82' title='bbox 653 1641 877 1696; x_wconf 78' lang='lat' dir='ltr'><strong>Rumor</strong></span> <span class='ocrx_word' id='word_1_83' title='bbox 911 1636 1061 1694; x_wconf 87' lang='lat' dir='ltr'><strong>enim</strong></span> <span class='ocrx_word' id='word_1_84' title='bbox 1098 1646 1338 1713; x_wconf 88' lang='lat' dir='ltr'><strong>repente</strong></span> <span class='ocrx_word' id='word_1_85' title='bbox 1366 1647 1528 1693; x_wconf 88' lang='lat' dir='ltr'><strong>ortus</strong></span> <span class='ocrx_word' id='word_1_86' title='bbox 1567 1634 1899 1692; x_wconf 84' lang='lat' dir='ltr'><strong>falsissimus</strong></span> <span class='ocrx_word' id='word_1_87' title='bbox 1929 1634 2067 1706; x_wconf 82' lang='lat' dir='ltr'><strong>fuit,</strong></span> <span class='ocrx_word' id='word_1_88' title='bbox 2109 1638 2393 1694; x_wconf 68' lang='lat' dir='ltr'><strong>Caesarem</strong></span> <span class='ocrx_word' id='word_1_89' title='bbox 2419 1634 2480 1692; x_wconf 91' lang='lat' dir='ltr'><strong>in</strong></span> <span class='ocrx_word' id='word_1_90' title='bbox 2516 1634 2694 1691; x_wconf 65' lang='grc' dir='ltr'><strong>Αἰτίαι</strong></span> <span class='ocrx_word' id='word_1_91' title='bbox 2731 1687 2740 1693; x_wconf 75' lang='grc'><strong>.</strong></span> 
     </span>
     <span class='ocr_line' id='line_1_12' title="bbox 581 1731 2695 1811; baseline -0.001 -19"><span class='ocrx_word' id='word_1_92' title='bbox 581 1734 953 1811; x_wconf 87' lang='lat' dir='ltr'><strong>circumjectu</strong></span> <span class='ocrx_word' id='word_1_93' title='bbox 991 1737 1329 1790; x_wconf 86' lang='lat' dir='ltr'><strong>Maurorum</strong></span> <span class='ocrx_word' id='word_1_94' title='bbox 1381 1752 1515 1789; x_wconf 91' lang='lat' dir='ltr'><strong>cum</strong></span> <span class='ocrx_word' id='word_1_95' title='bbox 1549 1731 1819 1790; x_wconf 88' lang='lat' dir='ltr'><strong>omnibus</strong></span> <span class='ocrx_word' id='word_1_96' title='bbox 1865 1732 2050 1810; x_wconf 89' lang='lat' dir='ltr'><strong>copiis</strong></span> <span class='ocrx_word' id='word_1_97' title='bbox 2091 1731 2388 1790; x_wconf 85' lang='lat' dir='ltr'><strong>occidisse.</strong></span> <span class='ocrx_word' id='word_1_98' title='bbox 2435 1737 2566 1805; x_wconf 87' lang='lat' dir='ltr'><strong>Qua</strong></span> <span class='ocrx_word' id='word_1_99' title='bbox 2597 1750 2695 1808; x_wconf 81' lang='lat' dir='ltr'><strong>spe</strong></span> 
     </span>
     <span class='ocr_line' id='line_1_13' title="bbox 576 1826 2545 1906; baseline -0.001 -20"><span class='ocrx_word' id='word_1_100' title='bbox 576 1826 650 1886; x_wconf 87' lang='lat' dir='ltr'><strong>ad</strong></span> <span class='ocrx_word' id='word_1_101' title='bbox 675 1827 1027 1888; x_wconf 86' lang='lat' dir='ltr'><strong>suscitandas</strong></span> <span class='ocrx_word' id='word_1_102' title='bbox 1057 1828 1315 1905; x_wconf 89' lang='lat' dir='ltr'><strong>Pompeii</strong></span> <span class='ocrx_word' id='word_1_103' title='bbox 1342 1839 1538 1906; x_wconf 86' lang='lat' dir='ltr'><strong>partes</strong></span> <span class='ocrx_word' id='word_1_104' title='bbox 1566 1841 1793 1886; x_wconf 82' lang='lat' dir='ltr'><strong>erectus</strong></span> <span class='ocrx_word' id='word_1_105' title='bbox 1821 1826 2084 1886; x_wconf 82' lang='lat' dir='ltr'><strong>Caecilius</strong></span> <span class='ocrx_word' id='word_1_106' title='bbox 2107 1833 2191 1901; x_wconf 78' lang='lat' dir='ltr'><strong>(a)</strong></span> <span class='ocrx_word' id='word_1_107' title='bbox 2217 1826 2545 1885; x_wconf 85' lang='lat' dir='ltr'><strong>videbatur.</strong></span> 
     </span>
    </p>
   </div>
   <div class='ocr_carea' id='block_1_5' title="bbox 674 1957 1662 2057">
    <p class='ocr_par' dir='ltr' id='par_1_5' title="bbox 674 1957 1662 2057">
     <span class='ocr_line' id='line_1_14' title="bbox 674 1957 1662 2057; baseline -0.002 -27"><span class='ocrx_word' id='word_1_108' title='bbox 674 1987 739 2030; x_wconf 84' lang='lat'><strong>2.</strong></span> <span class='ocrx_word' id='word_1_109' title='bbox 800 1959 1234 2032; x_wconf 81' lang='lat' dir='ltr'><strong>Admiranda</strong></span> <span class='ocrx_word' id='word_1_110' title='bbox 1279 1957 1662 2057; x_wconf 80' lang='lat' dir='ltr'><strong>frugalitas,</strong></span> 
     </span>
    </p>
   </div>
   <div class='ocr_carea' id='block_1_6' title="bbox 579 2084 2697 2242">
    <p class='ocr_par' dir='ltr' id='par_1_6' title="bbox 579 2084 2697 2242">
     <span class='ocr_line' id='line_1_15' title="bbox 653 2084 2697 2164; baseline -0.002 -16"><span class='ocrx_word' id='word_1_111' title='bbox 653 2084 934 2148; x_wconf 83' lang='lat' dir='ltr'><strong>Sordidus</strong></span> <span class='ocrx_word' id='word_1_112' title='bbox 975 2087 1159 2160; x_wconf 90' lang='lat' dir='ltr'><strong>enim,</strong></span> <span class='ocrx_word' id='word_1_113' title='bbox 1193 2085 1380 2145; x_wconf 88' lang='lat' dir='ltr'><strong>laudis</strong></span> <span class='ocrx_word' id='word_1_114' title='bbox 1421 2105 1662 2164; x_wconf 82' lang='lat' dir='ltr'><strong>egenus3</strong></span> <span class='ocrx_word' id='word_1_115' title='bbox 1697 2086 1758 2143; x_wconf 89' lang='lat' dir='ltr'><strong>in</strong></span> <span class='ocrx_word' id='word_1_116' title='bbox 1811 2105 1947 2164; x_wconf 86' lang='lat' dir='ltr'><strong>rege</strong></span> <span class='ocrx_word' id='word_1_117' title='bbox 1993 2084 2382 2162; x_wconf 84' lang='lat' dir='ltr'><strong>frugalitatem</strong></span> <span class='ocrx_word' id='word_1_118' title='bbox 2426 2106 2547 2145; x_wconf 86' lang='lat' dir='ltr'><strong>esse</strong></span> <span class='ocrx_word' id='word_1_119' title='bbox 2589 2087 2697 2144; x_wconf 89' lang='lat' dir='ltr'><strong>mi-</strong></span> 
     </span>
     <span class='ocr_line' id='line_1_16' title="bbox 579 2182 837 2242; baseline 0 -2"><span class='ocrx_word' id='word_1_120' title='bbox 579 2182 837 2242; x_wconf 85' lang='lat' dir='ltr'><strong>randam.</strong></span> 
     </span>
    </p>
   </div>
   <div class='ocr_carea' id='block_1_7' title="bbox 578 2309 2699 2518">
    <p class='ocr_par' dir='ltr' id='par_1_7' title="bbox 578 2309 2699 2518">
     <span class='ocr_line' id='line_1_17' title="bbox 671 2309 2699 2408; baseline 0 -26"><span class='ocrx_word' id='word_1_121' title='bbox 671 2317 758 2382; x_wconf 89' lang='lat' dir='ltr'><strong>X.</strong></span> <span class='ocrx_word' id='word_1_122' title='bbox 813 2317 1076 2384; x_wconf 86' lang='lat' dir='ltr'><strong>Suasor</strong></span> <span class='ocrx_word' id='word_1_123' title='bbox 1104 2309 1396 2383; x_wconf 88' lang='lat' dir='ltr'><strong>fuissem</strong></span> <span class='ocrx_word' id='word_1_124' title='bbox 1427 2334 1793 2381; x_wconf 88' lang='lat' dir='ltr'><strong>armorum</strong></span> <span class='ocrx_word' id='word_1_125' title='bbox 1828 2334 1980 2381; x_wconf 89' lang='lat' dir='ltr'><strong>non</strong></span> <span class='ocrx_word' id='word_1_126' title='bbox 2016 2311 2552 2408; x_wconf 84' lang='lat' dir='ltr'><strong>ponendorum,</strong></span> <span class='ocrx_word' id='word_1_127' title='bbox 2575 2311 2699 2383; x_wconf 89' lang='lat' dir='ltr'><strong>sed</strong></span> 
     </span>
     <span class='ocr_line' id='line_1_18' title="bbox 578 2421 1168 2518; baseline -0.002 -24"><span class='ocrx_word' id='word_1_128' title='bbox 578 2421 1168 2518; x_wconf 88' lang='lat' dir='ltr'><strong>abjiciendorum.</strong></span> 
     </span>
    </p>
   </div>
   <div class='ocr_carea' id='block_1_8' title="bbox 577 2554 2699 2916">
    <p class='ocr_par' dir='ltr' id='par_1_8' title="bbox 577 2554 2699 2916">
     <span class='ocr_line' id='line_1_19' title="bbox 655 2554 2698 2637; baseline -0.002 -20"><span class='ocrx_word' id='word_1_129' title='bbox 655 2559 932 2637; x_wconf 84' lang='lat' dir='ltr'><strong>Integris,</strong></span> <span class='ocrx_word' id='word_1_130' title='bbox 975 2558 1191 2635; x_wconf 91' lang='lat' dir='ltr'><strong>inquit,</strong></span> <span class='ocrx_word' id='word_1_131' title='bbox 1233 2556 1407 2615; x_wconf 89' lang='lat' dir='ltr'><strong>rebus</strong></span> <span class='ocrx_word' id='word_1_132' title='bbox 1446 2576 1650 2634; x_wconf 86' lang='lat' dir='ltr'><strong>pacem</strong></span> <span class='ocrx_word' id='word_1_133' title='bbox 1689 2555 1965 2634; x_wconf 88' lang='lat' dir='ltr'><strong>Pompeio</strong></span> <span class='ocrx_word' id='word_1_134' title='bbox 1997 2555 2149 2614; x_wconf 85' lang='lat' dir='ltr'><strong>suasi</strong></span> <span class='ocrx_word' id='word_1_135' title='bbox 2167 2598 2198 2624; x_wconf 86' lang='grc'><strong>,.</strong></span> <span class='ocrx_word' id='word_1_136' title='bbox 2214 2569 2271 2611; x_wconf 78' lang='lat' dir='ltr'><strong>ee</strong></span> <span class='ocrx_word' id='word_1_137' title='bbox 2297 2576 2455 2614; x_wconf 84' lang='lat' dir='ltr'><strong>arma</strong></span> <span class='ocrx_word' id='word_1_138' title='bbox 2488 2554 2698 2613; x_wconf 86' lang='lat' dir='ltr'><strong>debere</strong></span> 
     </span>
     <span class='ocr_line' id='line_1_20' title="bbox 578 2655 2697 2735; baseline -0.001 -21"><span class='ocrx_word' id='word_1_139' title='bbox 578 2656 812 2735; x_wconf 86' lang='lat' dir='ltr'><strong>deponi.</strong></span> <span class='ocrx_word' id='word_1_140' title='bbox 849 2662 984 2715; x_wconf 82' lang='lat' dir='ltr'><strong>Post</strong></span> <span class='ocrx_word' id='word_1_141' title='bbox 1008 2655 1352 2714; x_wconf 86' lang='lat' dir='ltr'><strong>Farsalicum</strong></span> <span class='ocrx_word' id='word_1_142' title='bbox 1376 2656 1462 2732; x_wconf 82' lang='lat'><strong>(3)</strong></span> <span class='ocrx_word' id='word_1_143' title='bbox 1495 2668 1685 2712; x_wconf 86' lang='lat' dir='ltr'><strong>autem</strong></span> <span class='ocrx_word' id='word_1_144' title='bbox 1717 2655 1981 2733; x_wconf 82' lang='lat' dir='ltr'><strong>praelium</strong></span> <span class='ocrx_word' id='word_1_145' title='bbox 2015 2676 2175 2711; x_wconf 81' lang='lat' dir='ltr'><strong>arma</strong></span> <span class='ocrx_word' id='word_1_146' title='bbox 2195 2656 2554 2728; x_wconf 81' lang='lat' dir='ltr'><strong>abjicienda,</strong></span> <span class='ocrx_word' id='word_1_147' title='bbox 2584 2675 2697 2711; x_wconf 89' lang='lat' dir='ltr'><strong>non</strong></span> 
     </span>
     <span class='ocr_line' id='line_1_21' title="bbox 577 2751 2699 2833; baseline -0.002 -22"><span class='ocrx_word' id='word_1_148' title='bbox 577 2753 942 2833; x_wconf 85' lang='lat' dir='ltr'><strong>deponenda,</strong></span> <span class='ocrx_word' id='word_1_149' title='bbox 961 2754 1234 2832; x_wconf 90' lang='lat' dir='ltr'><strong>Pompeio</strong></span> <span class='ocrx_word' id='word_1_150' title='bbox 1262 2751 1635 2810; x_wconf 75' lang='lat' dir='ltr'><strong>concederem</strong></span> <span class='ocrx_word' id='word_1_151' title='bbox 1655 2755 1754 2823; x_wconf 76' lang='grc'><strong>(4).</strong></span> <span class='ocrx_word' id='word_1_152' title='bbox 1787 2751 1941 2810; x_wconf 85' lang='lat' dir='ltr'><strong>Dicit</strong></span> <span class='ocrx_word' id='word_1_153' title='bbox 1964 2771 2133 2828; x_wconf 82' lang='lat' dir='ltr'><strong>ergo:</strong></span> <span class='ocrx_word' id='word_1_154' title='bbox 2164 2752 2419 2809; x_wconf 90' lang='lat' dir='ltr'><strong>omnium</strong></span> <span class='ocrx_word' id='word_1_155' title='bbox 2443 2765 2699 2809; x_wconf 85' lang='lat' dir='ltr'><strong>nostrum</strong></span> 
     </span>
     <span class='ocr_line' id='line_1_22' title="bbox 581 2846 2699 2916; baseline -0.001 -9"><span class='ocrx_word' id='word_1_156' title='bbox 581 2849 839 2909; x_wconf 83' lang='lat' dir='ltr'><strong>infractis</strong></span> <span class='ocrx_word' id='word_1_157' title='bbox 866 2863 924 2907; x_wconf 88' lang='lat' dir='ltr'><strong>et</strong></span> <span class='ocrx_word' id='word_1_158' title='bbox 950 2848 1314 2907; x_wconf 89' lang='lat' dir='ltr'><strong>comminutis</strong></span> <span class='ocrx_word' id='word_1_159' title='bbox 1336 2848 1573 2916; x_wconf 74' lang='lat' dir='ltr'><strong>animiS,</strong></span> <span class='ocrx_word' id='word_1_160' title='bbox 1595 2847 1752 2905; x_wconf 87' lang='lat' dir='ltr'><strong>solus</strong></span> <span class='ocrx_word' id='word_1_161' title='bbox 1772 2851 1976 2906; x_wconf 87' lang='lat' dir='ltr'><strong>Castor</strong></span> <span class='ocrx_word' id='word_1_162' title='bbox 1997 2848 2375 2905; x_wconf 84' lang='lat' dir='ltr'><strong>constantiam</strong></span> <span class='ocrx_word' id='word_1_163' title='bbox 2399 2846 2699 2905; x_wconf 84' lang='lat' dir='ltr'><strong>retinebat.</strong></span> 
     </span>
    </p>
   </div>
   <div class='ocr_carea' id='block_1_9' title="bbox 580 3013 2707 4161">
    <p class='ocr_par' dir='ltr' id='par_1_9' title="bbox 580 3013 2707 3332">
     <span class='ocr_line' id='line_1_23' title="bbox 650 3013 2692 3081; baseline -0.002 -16"><span class='ocrx_word' id='word_1_164' title='bbox 650 3015 725 3081; x_wconf 84' lang='lat'><strong>(1)</strong></span> <span class='ocrx_word' id='word_1_165' title='bbox 751 3017 957 3065; x_wconf 81' lang='lat' dir='ltr'><strong>Ursinus</strong></span> <span class='ocrx_word' id='word_1_166' title='bbox 983 3018 1035 3063; x_wconf 84' lang='lat' dir='ltr'><strong>in</strong></span> <span class='ocrx_word' id='word_1_167' title='bbox 1060 3015 1156 3063; x_wconf 84' lang='lat' dir='ltr'><strong>hoc</strong></span> <span class='ocrx_word' id='word_1_168' title='bbox 1183 3016 1296 3063; x_wconf 92' lang='lat' dir='ltr'><strong>loco</strong></span> <span class='ocrx_word' id='word_1_169' title='bbox 1321 3016 1573 3065; x_wconf 85' lang='lat' dir='ltr'><strong>Ciceronis</strong></span> <span class='ocrx_word' id='word_1_170' title='bbox 1595 3014 1758 3062; x_wconf 77' lang='lat' dir='ltr'><strong>mallet</strong></span> <span class='ocrx_word' id='word_1_171' title='bbox 1777 3017 1845 3081; x_wconf 77' lang='grc' dir='ltr'><strong>τῷ</strong></span> <span class='ocrx_word' id='word_1_172' title='bbox 1872 3015 2065 3063; x_wconf 76' lang='lat' dir='ltr'><strong>Attalus</strong></span> <span class='ocrx_word' id='word_1_173' title='bbox 2082 3013 2372 3062; x_wconf 82' lang='lat' dir='ltr'><strong>substituere</strong></span> <span class='ocrx_word' id='word_1_174' title='bbox 2391 3013 2658 3062; x_wconf 65' lang='lat' dir='ltr'><strong>Antiochus</strong></span> <span class='ocrx_word' id='word_1_175' title='bbox 2676 3048 2692 3067; x_wconf 86' lang='lat'><em>,</em></span> 
     </span>
     <span class='ocr_line' id='line_1_24' title="bbox 580 3097 2702 3165; baseline -0.001 -19"><span class='ocrx_word' id='word_1_176' title='bbox 580 3114 608 3146; x_wconf 77' lang='lat' dir='ltr'><strong>a</strong></span> <span class='ocrx_word' id='word_1_177' title='bbox 629 3116 727 3165; x_wconf 88' lang='lat' dir='ltr'><strong>quo</strong></span> <span class='ocrx_word' id='word_1_178' title='bbox 745 3115 943 3149; x_wconf 81' lang='lat' dir='ltr'><strong>munera</strong></span> <span class='ocrx_word' id='word_1_179' title='bbox 958 3102 1098 3147; x_wconf 74' lang='lat' dir='ltr'><strong>missa</strong></span> <span class='ocrx_word' id='word_1_180' title='bbox 1121 3100 1184 3148; x_wconf 82' lang='lat' dir='ltr'><strong>ad</strong></span> <span class='ocrx_word' id='word_1_181' title='bbox 1205 3100 1481 3163; x_wconf 84' lang='lat' dir='ltr'><strong>Scipionem</strong></span> <span class='ocrx_word' id='word_1_182' title='bbox 1501 3109 1665 3147; x_wconf 80' lang='lat' dir='ltr'><strong>narrat</strong></span> <span class='ocrx_word' id='word_1_183' title='bbox 1685 3098 1881 3145; x_wconf 77' lang='lat' dir='ltr'><strong>Liviana</strong></span> <span class='ocrx_word' id='word_1_184' title='bbox 1897 3098 2126 3161; x_wconf 89' lang='lat' dir='ltr'><strong>epitome,</strong></span> <span class='ocrx_word' id='word_1_185' title='bbox 2145 3098 2241 3147; x_wconf 87' lang='lat' dir='ltr'><strong>lib.</strong></span> <span class='ocrx_word' id='word_1_186' title='bbox 2257 3099 2409 3146; x_wconf 75' lang='lat' dir='ltr'><strong>Lvn.</strong></span> <span class='ocrx_word' id='word_1_187' title='bbox 2431 3097 2525 3145; x_wconf 88' lang='lat' dir='ltr'><strong>Sed</strong></span> <span class='ocrx_word' id='word_1_188' title='bbox 2546 3109 2702 3145; x_wconf 76' lang='lat' dir='ltr'><strong>tamen</strong></span> 
     </span>
     <span class='ocr_line' id='line_1_25' title="bbox 581 3180 2707 3247; baseline -0 -17"><span class='ocrx_word' id='word_1_189' title='bbox 581 3193 632 3230; x_wconf 88' lang='lat' dir='ltr'><strong>et</strong></span> <span class='ocrx_word' id='word_1_190' title='bbox 656 3195 817 3232; x_wconf 84' lang='lat' dir='ltr'><strong>textus</strong></span> <span class='ocrx_word' id='word_1_191' title='bbox 846 3184 1032 3233; x_wconf 88' lang='lat' dir='ltr'><strong>codicis</strong></span> <span class='ocrx_word' id='word_1_192' title='bbox 1049 3184 1203 3231; x_wconf 83' lang='lat' dir='ltr'><strong>nostri</strong></span> <span class='ocrx_word' id='word_1_193' title='bbox 1228 3185 1343 3231; x_wconf 84' lang='lat' dir='ltr'><strong>satis</strong></span> <span class='ocrx_word' id='word_1_194' title='bbox 1381 3183 1568 3247; x_wconf 75' lang='lat' dir='ltr'><strong>antiqui</strong></span> <span class='ocrx_word' id='word_1_195' title='bbox 1591 3193 1641 3230; x_wconf 92' lang='lat' dir='ltr'><strong>et</strong></span> <span class='ocrx_word' id='word_1_196' title='bbox 1659 3182 1951 3231; x_wconf 75' lang='lat' dir='ltr'><strong>scholiastes</strong></span> <span class='ocrx_word' id='word_1_197' title='bbox 1973 3180 2264 3229; x_wconf 79' lang='lat' dir='ltr'><strong>confirmant</strong></span> <span class='ocrx_word' id='word_1_198' title='bbox 2287 3182 2548 3230; x_wconf 81' lang='lat' dir='ltr'><strong>lectionem</strong></span> <span class='ocrx_word' id='word_1_199' title='bbox 2568 3185 2707 3229; x_wconf 74' lang='lat' dir='ltr'><strong>Atta·</strong></span> 
     </span>
     <span class='ocr_line' id='line_1_26' title="bbox 585 3266 2090 3332; baseline -0.001 -18"><span class='ocrx_word' id='word_1_200' title='bbox 585 3266 659 3315; x_wconf 77' lang='lat' dir='ltr'><strong>lus</strong></span> <span class='ocrx_word' id='word_1_201' title='bbox 678 3302 694 3328; x_wconf 92' lang='lat'>‚</span> <span class='ocrx_word' id='word_1_202' title='bbox 721 3284 811 3316; x_wconf 88' lang='lat' dir='ltr'><strong>nec</strong></span> <span class='ocrx_word' id='word_1_203' title='bbox 830 3285 932 3316; x_wconf 90' lang='lat' dir='ltr'><strong>non</strong></span> <span class='ocrx_word' id='word_1_204' title='bbox 961 3267 1136 3332; x_wconf 86' lang='lat' dir='ltr'><strong>reliqui</strong></span> <span class='ocrx_word' id='word_1_205' title='bbox 1160 3283 1327 3315; x_wconf 85' lang='lat' dir='ltr'><strong>omnes</strong></span> <span class='ocrx_word' id='word_1_206' title='bbox 1353 3266 1668 3316; x_wconf 77' lang='lat' dir='ltr'><strong>Ambrosisni</strong></span> <span class='ocrx_word' id='word_1_207' title='bbox 1691 3266 1907 3315; x_wconf 87' lang='lat' dir='ltr'><strong>codices.</strong></span> <span class='ocrx_word' id='word_1_208' title='bbox 1926 3269 1991 3315; x_wconf 76' lang='lat' dir='ltr'><strong>A.</strong></span> <span class='ocrx_word' id='word_1_209' title='bbox 2017 3268 2090 3314; x_wconf 81' lang='lat' dir='ltr'><strong>M.</strong></span> 
     </span>
    </p>

    <p class='ocr_par' dir='ltr' id='par_1_10' title="bbox 580 3347 2702 3816">
     <span class='ocr_line' id='line_1_27' title="bbox 651 3347 2699 3415; baseline -0.002 -15"><span class='ocrx_word' id='word_1_210' title='bbox 651 3350 726 3415; x_wconf 80' lang='lat'><strong>(2)</strong></span> <span class='ocrx_word' id='word_1_211' title='bbox 766 3354 899 3400; x_wconf 79' lang='lat' dir='ltr'><strong>Nota</strong></span> <span class='ocrx_word' id='word_1_212' title='bbox 939 3363 1037 3400; x_wconf 71' lang='lat' dir='ltr'><strong>tam</strong></span> <span class='ocrx_word' id='word_1_213' title='bbox 1079 3363 1265 3401; x_wconf 84' lang='lat' dir='ltr'><strong>textum</strong></span> <span class='ocrx_word' id='word_1_214' title='bbox 1305 3351 1493 3399; x_wconf 86' lang='lat' dir='ltr'><strong>codicis</strong></span> <span class='ocrx_word' id='word_1_215' title='bbox 1535 3368 1678 3415; x_wconf 72' lang='lat' dir='ltr'><strong>quam</strong></span> <span class='ocrx_word' id='word_1_216' title='bbox 1720 3355 2038 3415; x_wconf 83' lang='lat' dir='ltr'><strong>Interpretem</strong></span> <span class='ocrx_word' id='word_1_217' title='bbox 2083 3350 2368 3398; x_wconf 80' lang='lat' dir='ltr'><strong>confirmare</strong></span> <span class='ocrx_word' id='word_1_218' title='bbox 2411 3350 2558 3410; x_wconf 84' lang='lat' dir='ltr'><strong>hujus</strong></span> <span class='ocrx_word' id='word_1_219' title='bbox 2607 3347 2699 3395; x_wconf 81' lang='lat' dir='ltr'><strong>loci</strong></span> 
     </span>
     <span class='ocr_line' id='line_1_28' title="bbox 580 3430 2700 3500; baseline -0.002 -20"><span class='ocrx_word' id='word_1_220' title='bbox 580 3432 838 3481; x_wconf 84' lang='lat' dir='ltr'><strong>lectionem</strong></span> <span class='ocrx_word' id='word_1_221' title='bbox 866 3435 1084 3483; x_wconf 64' lang='lat' dir='ltr'><strong>ancilias</strong></span> <span class='ocrx_word' id='word_1_222' title='bbox 1110 3452 1201 3500; x_wconf 88' lang='lat' dir='ltr'><strong>pro</strong></span> <span class='ocrx_word' id='word_1_223' title='bbox 1228 3434 1342 3483; x_wconf 77' lang='lat' dir='ltr'><strong>salsa</strong></span> <span class='ocrx_word' id='word_1_224' title='bbox 1367 3434 1539 3481; x_wconf 77' lang='lat' dir='ltr'><strong>Coelius</strong></span> <span class='ocrx_word' id='word_1_225' title='bbox 1556 3469 1571 3491; x_wconf 87' lang='lat'>,</span> <span class='ocrx_word' id='word_1_226' title='bbox 1600 3451 1743 3499; x_wconf 78' lang='lat' dir='ltr'><strong>quam</strong></span> <span class='ocrx_word' id='word_1_227' title='bbox 1767 3435 1940 3482; x_wconf 88' lang='lat' dir='ltr'><strong>merito</strong></span> <span class='ocrx_word' id='word_1_228' title='bbox 1985 3437 2040 3482; x_wconf 89' lang='lat' dir='ltr'><strong>P.</strong></span> <span class='ocrx_word' id='word_1_229' title='bbox 2075 3435 2327 3482; x_wconf 78' lang='lat' dir='ltr'><strong>Manutius</strong></span> <span class='ocrx_word' id='word_1_230' title='bbox 2358 3432 2615 3497; x_wconf 79' lang='lat' dir='ltr'><strong>expunxit.</strong></span> <span class='ocrx_word' id='word_1_231' title='bbox 2638 3430 2700 3476; x_wconf 80' lang='lat' dir='ltr'><strong>Et</strong></span> 
     </span>
     <span class='ocr_line' id='line_1_29' title="bbox 584 3511 2701 3582; baseline -0 -17"><span class='ocrx_word' id='word_1_232' title='bbox 584 3516 781 3582; x_wconf 84' lang='lat' dir='ltr'><strong>quidem</strong></span> <span class='ocrx_word' id='word_1_233' title='bbox 803 3530 968 3567; x_wconf 87' lang='lat' dir='ltr'><strong>noster</strong></span> <span class='ocrx_word' id='word_1_234' title='bbox 994 3520 1153 3568; x_wconf 79' lang='lat' dir='ltr'><strong>codex</strong></span> <span class='ocrx_word' id='word_1_235' title='bbox 1180 3518 1321 3566; x_wconf 85' lang='lat' dir='ltr'><strong>etism</strong></span> <span class='ocrx_word' id='word_1_236' title='bbox 1345 3519 1397 3565; x_wconf 92' lang='lat' dir='ltr'><strong>in</strong></span> <span class='ocrx_word' id='word_1_237' title='bbox 1420 3518 1805 3582; x_wconf 66' lang='lat' dir='ltr'><strong>precedentibus</strong></span> <span class='ocrx_word' id='word_1_238' title='bbox 1819 3535 1910 3582; x_wconf 88' lang='lat' dir='ltr'><strong>pro</strong></span> <span class='ocrx_word' id='word_1_239' title='bbox 1935 3517 2106 3566; x_wconf 74' lang='lat' dir='ltr'><strong>Coelius</strong></span> <span class='ocrx_word' id='word_1_240' title='bbox 2128 3517 2272 3565; x_wconf 77' lang='lat' dir='ltr'><strong>babet</strong></span> <span class='ocrx_word' id='word_1_241' title='bbox 2292 3516 2512 3566; x_wconf 70' lang='lat' dir='ltr'><strong>cecilius</strong></span> <span class='ocrx_word' id='word_1_242' title='bbox 2528 3550 2542 3571; x_wconf 84' lang='lat'>,</span> <span class='ocrx_word' id='word_1_243' title='bbox 2564 3511 2701 3576; x_wconf 77' lang='lat' dir='ltr'><strong>quod</strong></span> 
     </span>
     <span class='ocr_line' id='line_1_30' title="bbox 585 3597 2701 3664; baseline -0.002 -17"><span class='ocrx_word' id='word_1_244' title='bbox 585 3599 717 3648; x_wconf 88' lang='lat' dir='ltr'><strong>idem</strong></span> <span class='ocrx_word' id='word_1_245' title='bbox 730 3601 981 3648; x_wconf 74' lang='lat' dir='ltr'><strong>Manutius</strong></span> <span class='ocrx_word' id='word_1_246' title='bbox 1005 3601 1228 3649; x_wconf 75' lang='lat' dir='ltr'><strong>malebat.</strong></span> <span class='ocrx_word' id='word_1_247' title='bbox 1250 3603 1323 3648; x_wconf 83' lang='lat' dir='ltr'><strong>Ex</strong></span> <span class='ocrx_word' id='word_1_248' title='bbox 1350 3601 1551 3664; x_wconf 82' lang='lat' dir='ltr'><strong>reliquis</strong></span> <span class='ocrx_word' id='word_1_249' title='bbox 1571 3602 1906 3650; x_wconf 76' lang='lat' dir='ltr'><strong>Ambrosinnis</strong></span> <span class='ocrx_word' id='word_1_250' title='bbox 1926 3602 2182 3650; x_wconf 86' lang='lat' dir='ltr'><strong>codicibus</strong></span> <span class='ocrx_word' id='word_1_251' title='bbox 2208 3617 2336 3649; x_wconf 82' lang='lat' dir='ltr'><strong>unus</strong></span> <span class='ocrx_word' id='word_1_252' title='bbox 2360 3600 2503 3648; x_wconf 79' lang='lat' dir='ltr'><strong>babet</strong></span> <span class='ocrx_word' id='word_1_253' title='bbox 2522 3597 2701 3660; x_wconf 83' lang='lat' dir='ltr'><strong>ubique</strong></span> 
     </span>
     <span class='ocr_line' id='line_1_31' title="bbox 589 3683 2702 3750; baseline -0.001 -18"><span class='ocrx_word' id='word_1_254' title='bbox 589 3683 831 3733; x_wconf 72' lang='lat' dir='ltr'><strong>caecilium</strong></span> <span class='ocrx_word' id='word_1_255' title='bbox 852 3700 871 3731; x_wconf 93' lang='lat'><strong>.·</strong></span> <span class='ocrx_word' id='word_1_256' title='bbox 899 3695 1108 3748; x_wconf 77' lang='lat' dir='ltr'><strong>quatuor</strong></span> <span class='ocrx_word' id='word_1_257' title='bbox 1130 3683 1310 3748; x_wconf 87' lang='lat' dir='ltr'><strong>ubique</strong></span> <span class='ocrx_word' id='word_1_258' title='bbox 1337 3683 1534 3733; x_wconf 80' lang='lat' dir='ltr'><strong>Coelium</strong></span> <span class='ocrx_word' id='word_1_259' title='bbox 1557 3702 1576 3731; x_wconf 92' lang='lat'><strong>.·</strong></span> <span class='ocrx_word' id='word_1_260' title='bbox 1603 3684 1702 3732; x_wconf 89' lang='lat' dir='ltr'><strong>duo</strong></span> <span class='ocrx_word' id='word_1_261' title='bbox 1730 3686 1889 3750; x_wconf 78' lang='lat' dir='ltr'><strong>capite</strong></span> <span class='ocrx_word' id='word_1_262' title='bbox 1923 3696 2100 3734; x_wconf 78' lang='lat' dir='ltr'><strong>octavo</strong></span> <span class='ocrx_word' id='word_1_263' title='bbox 2134 3685 2336 3733; x_wconf 69' lang='lat' dir='ltr'><strong>Coelium</strong></span> <span class='ocrx_word' id='word_1_264' title='bbox 2353 3717 2367 3741; x_wconf 92' lang='lat'><strong>,</strong></span> <span class='ocrx_word' id='word_1_265' title='bbox 2395 3683 2702 3747; x_wconf 72' lang='lat' dir='ltr'><strong>capiteuouo</strong></span> 
     </span>
     <span class='ocr_line' id='line_1_32' title="bbox 589 3765 1035 3816; baseline -0.002 -1"><span class='ocrx_word' id='word_1_266' title='bbox 589 3765 850 3816; x_wconf 77' lang='lat' dir='ltr'><strong>Caece&#39;lae’um.</strong></span> <span class='ocrx_word' id='word_1_267' title='bbox 874 3771 938 3816; x_wconf 77' lang='lat' dir='ltr'><strong>A·</strong></span> <span class='ocrx_word' id='word_1_268' title='bbox 964 3768 1035 3815; x_wconf 79' lang='lat' dir='ltr'><strong>M.</strong></span> 
     </span>
    </p>

    <p class='ocr_par' dir='ltr' id='par_1_11' title="bbox 588 3848 2702 3997">
     <span class='ocr_line' id='line_1_33' title="bbox 657 3848 2702 3916; baseline -0.001 -20"><span class='ocrx_word' id='word_1_269' title='bbox 657 3849 735 3915; x_wconf 81' lang='lat'><strong>(3)</strong></span> <span class='ocrx_word' id='word_1_270' title='bbox 769 3853 843 3897; x_wconf 77' lang='lat' dir='ltr'><strong>Its</strong></span> <span class='ocrx_word' id='word_1_271' title='bbox 886 3851 989 3897; x_wconf 92' lang='lat' dir='ltr'><strong>sine</strong></span> <span class='ocrx_word' id='word_1_272' title='bbox 1009 3848 1250 3914; x_wconf 64' lang='lat' dir='ltr'><strong>adspirate</strong></span> <span class='ocrx_word' id='word_1_273' title='bbox 1271 3849 1339 3916; x_wconf 69' lang='lat' dir='ltr'><strong>plu</strong></span> <span class='ocrx_word' id='word_1_274' title='bbox 1355 3886 1373 3907; x_wconf 88' lang='lat'>‚</span> <span class='ocrx_word' id='word_1_275' title='bbox 1397 3860 1446 3897; x_wconf 87' lang='lat' dir='ltr'><strong>et</strong></span> <span class='ocrx_word' id='word_1_276' title='bbox 1460 3849 1571 3897; x_wconf 78' lang='lat' dir='ltr'><strong>vide</strong></span> <span class='ocrx_word' id='word_1_277' title='bbox 1592 3850 1720 3898; x_wconf 80' lang='lat' dir='ltr'><strong>dicta</strong></span> <span class='ocrx_word' id='word_1_278' title='bbox 1740 3850 1804 3898; x_wconf 83' lang='lat' dir='ltr'><strong>ad</strong></span> <span class='ocrx_word' id='word_1_279' title='bbox 1824 3862 1952 3899; x_wconf 77' lang='lat' dir='ltr'><strong>orat.</strong></span> <span class='ocrx_word' id='word_1_280' title='bbox 1995 3851 2047 3897; x_wconf 89' lang='lat' dir='ltr'><strong>in</strong></span> <span class='ocrx_word' id='word_1_281' title='bbox 2077 3849 2302 3898; x_wconf 88' lang='lat' dir='ltr'><strong>Clodium</strong></span> <span class='ocrx_word' id='word_1_282' title='bbox 2326 3860 2373 3896; x_wconf 89' lang='lat' dir='ltr'><strong>et</strong></span> <span class='ocrx_word' id='word_1_283' title='bbox 2408 3848 2663 3896; x_wconf 80' lang='lat' dir='ltr'><strong>Curionem</strong></span> <span class='ocrx_word' id='word_1_284' title='bbox 2687 3882 2702 3903; x_wconf 92' lang='lat'>,</span> 
     </span>
     <span class='ocr_line' id='line_1_34' title="bbox 588 3930 1179 3997; baseline -0.002 -17"><span class='ocrx_word' id='word_1_285' title='bbox 588 3946 701 3997; x_wconf 77' lang='lat' dir='ltr'><strong>pag.</strong></span> <span class='ocrx_word' id='word_1_286' title='bbox 730 3930 827 3991; x_wconf 83' lang='lat'><strong>65,</strong></span> <span class='ocrx_word' id='word_1_287' title='bbox 873 3948 925 3980; x_wconf 92' lang='lat' dir='ltr'><strong>n.</strong></span> <span class='ocrx_word' id='word_1_288' title='bbox 949 3949 997 3979; x_wconf 80' lang='lat'><strong>2.</strong></span> <span class='ocrx_word' id='word_1_289' title='bbox 1018 3934 1082 3981; x_wconf 76' lang='lat' dir='ltr'><strong>A.</strong></span> <span class='ocrx_word' id='word_1_290' title='bbox 1106 3932 1179 3979; x_wconf 78' lang='lat' dir='ltr'><strong>M.</strong></span> 
     </span>
    </p>

    <p class='ocr_par' dir='ltr' id='par_1_12' title="bbox 586 4012 2704 4161">
     <span class='ocr_line' id='line_1_35' title="bbox 660 4012 2704 4079; baseline -0.001 -17"><span class='ocrx_word' id='word_1_291' title='bbox 660 4013 737 4077; x_wconf 71' lang='lat'><strong>(4)</strong></span> <span class='ocrx_word' id='word_1_292' title='bbox 751 4013 876 4063; x_wconf 85' lang='lat' dir='ltr'><strong>cod.</strong></span> <span class='ocrx_word' id='word_1_293' title='bbox 897 4014 1088 4062; x_wconf 80' lang='lat' dir='ltr'><strong>videtur</strong></span> <span class='ocrx_word' id='word_1_294' title='bbox 1104 4013 1281 4061; x_wconf 81' lang='lat' dir='ltr'><strong>habere</strong></span> <span class='ocrx_word' id='word_1_295' title='bbox 1296 4037 1320 4057; x_wconf 74' lang='grc' dir='ltr'><strong>α</strong></span> <span class='ocrx_word' id='word_1_296' title='bbox 1337 4025 1534 4078; x_wconf 77' lang='lat' dir='ltr'><strong>quartas</strong></span> <span class='ocrx_word' id='word_1_297' title='bbox 1551 4015 1772 4079; x_wconf 82' lang='lat' dir='ltr'><strong>Pompeii</strong></span> <span class='ocrx_word' id='word_1_298' title='bbox 1791 4012 2105 4063; x_wconf 83' lang='lat' dir='ltr'><strong>concederem</strong></span> <span class='ocrx_word' id='word_1_299' title='bbox 2123 4029 2223 4062; x_wconf 87' lang='lat' dir='ltr'><strong>non</strong></span> <span class='ocrx_word' id='word_1_300' title='bbox 2243 4012 2530 4078; x_wconf 67' lang='lat' dir='ltr'><strong>deponenda</strong></span> <span class='ocrx_word' id='word_1_301' title='bbox 2548 4014 2704 4061; x_wconf 83' lang='lat' dir='ltr'><strong>etism.</strong></span> 
     </span>
     <span class='ocr_line' id='line_1_36' title="bbox 586 4096 1225 4161; baseline -0.002 -13"><span class='ocrx_word' id='word_1_302' title='bbox 586 4096 703 4148; x_wconf 72' lang='lat' dir='ltr'><strong>Dixi</strong></span> <span class='ocrx_word' id='word_1_303' title='bbox 724 4112 842 4161; x_wconf 78' lang='lat' dir='ltr'><strong>ergo</strong></span> <span class='ocrx_word' id='word_1_304' title='bbox 860 4133 876 4158; x_wconf 87' lang='lat'>‚</span> <span class='ocrx_word' id='word_1_305' title='bbox 901 4108 1028 4147; x_wconf 74' lang='lat' dir='ltr'><strong>etc.»</strong></span> <span class='ocrx_word' id='word_1_306' title='bbox 1061 4101 1125 4147; x_wconf 74' lang='lat' dir='ltr'><strong>A.</strong></span> <span class='ocrx_word' id='word_1_307' title='bbox 1149 4100 1225 4146; x_wconf 78' lang='lat' dir='ltr'><strong>M.</strong></span> 
     </span>
    </p>
   </div>
  </div>
 </body>
</html>
