2994 4778
615 467 707 547 84
1251 459 1343 525 Μ.
1395 460 1474 525 Τ.
1523 454 2098 526 CICERONIS

612 608 834 684 quam
874 595 1317 679 susceperat,
1362 579 1566 648 nullo
1622 576 1867 647 labore
1912 588 2371 671 peracturum
2417 575 2737 648 videbat.

608 694 882 793 Agebat
922 693 1375 775 auctoritate,
1412 684 1668 783 agebat
1707 684 2045 771 consilio,
2082 682 2338 779 agebat
2370 709 2500 780 per
2535 709 2733 755 sum-

607 830 810 876 mum
847 801 1172 873 ordinem
1194 852 1212 884 ,
1244 795 1496 893 agebat
1530 794 1861 890 exemplo
1897 791 2265 863 bonorum
2316 807 2389 862 et
2432 791 2736 863 fortium

606 916 903 999 civium;
950 908 1128 1008 quid
1168 905 1575 1003 republica,
1617 901 1796 1000 quid
1839 926 1914 972 se
1959 900 2254 996 dignum
2309 916 2528 988 esset,
2563 905 2737 999 quis

603 1027 757 1120 ipse
789 1034 1010 1104 esset,
1048 1015 1227 1116 quid
1253 1039 1542 1113 sperare
1562 1069 1582 1102 ,
1617 1011 1795 1110 quid
1826 1009 2217 1104 majoribus
2247 1013 2394 1082 suis
2423 1011 2734 1084 reddere

601 1129 937 1212 deberet,
978 1125 1518 1221 diligentissime
1561 1123 1922 1218 cogitarat.

693 1245 870 1310 XLI.
913 1237 1094 1306 Huic
1129 1236 1449 1331 gravitati
1485 1232 1840 1317 hominis,
1882 1228 2174 1301 videbat
2205 1228 2323 1301 ille
2352 1229 2730 1327 gladiator,

599 1378 714 1433 se,
761 1350 822 1419 si
874 1344 1202 1417 moribus
1251 1353 1573 1440 ageret¹,
1630 1365 1875 1438 parem
1928 1364 2079 1410 esse
2130 1363 2279 1409 non
2331 1363 2584 1437 posse:
2630 1342 2728 1411 ad

597 1460 912 1544 ferrum,
957 1455 1047 1526 ad
1088 1453 1315 1539 laceS,
1356 1453 1444 1523 ad
1480 1450 1974 1548 quotidianam
2012 1449 2312 1534 caedem,
2353 1448 2726 1534 incendia,

483 1580 488 1583 ’
593 1571 919 1667 rapinas,
962 1590 1037 1637 se
1088 1590 1253 1635 cum
1304 1566 1624 1633 exercitu
1677 1584 1808 1631 suo
1858 1560 2195 1644 contulit;
2239 1557 2534 1628 domum
2577 1584 2722 1656 op-

593 1702 916 1777 pugnare
938 1731 956 1759 ,
985 1672 1362 1745 itineribus
1390 1694 1800 1758 occurrere,
1834 1672 1903 1739 vi
1937 1668 2315 1753 lacessere,
2343 1683 2416 1739 et
2445 1683 2724 1741 terrere

590 1788 832 1884 coepit.
879 1788 1044 1855 Nou
1094 1783 1320 1851 movit
1362 1781 1733 1851 hominem
1770 1803 2048 1851 summa
2090 1781 2465 1875 gravitate,
2516 1805 2722 1851 sum-

589 1919 850 1992 maque
904 1894 1349 1965 constantia:
1389 1892 1514 1962 sed
1562 1914 2001 1987 quamquam
2050 1887 2259 1959 dolor
2307 1891 2561 1977 animi,
2597 1892 2720 1960 in-

583 2022 750 2078 nata
794 2003 1120 2091 libertas,
1160 2017 1496 2101 prompta
1549 1999 2051 2097 excellensque
2100 2001 2367 2086 virtuS,
2410 1999 2723 2072 fortissi-

586 2141 786 2188 mum
821 2117 1054 2185 virum
1100 2113 1601 2200 hortabantur,
1638 2112 1708 2180 vi
1747 2113 1890 2181 vim
1927 2109 2238 2181 oblatam
2261 2163 2279 2196 ,
2322 2115 2718 2207 praesertim

583 2229 881 2324 saepius»,
936 2239 1020 2294 ut
1075 2222 1436 2319 frangeret
1491 2236 1563 2293 et
1615 2218 2013 2306 refutaret3
2065 2234 2265 2290 tauta
2312 2220 2719 2291 moderatio

582 2335 721 2407 suit
765 2334 1114 2421 hominis,
1162 2346 1447 2402 tantum
1485 2330 1908 2414 consilium,
1947 2344 2030 2400 ut
2065 2331 2467 2402 contineret
2502 2330 2717 2402 dolo-

577 2469 764 2528 rem,
801 2467 1038 2539 neque
1074 2440 1320 2512 eadem
1356 2466 1430 2513 se
1465 2467 1545 2511 re
1582 2440 2072 2524 ulcisceretur,
2107 2464 2251 2537 qua
2281 2454 2465 2511 esset
2499 2439 2718 2512 laces-

575 2558 793 2639 situs;
840 2551 968 2622 sed
1011 2550 1213 2620 illum
1264 2564 1371 2620 tot
1415 2552 1561 2645 jam
1606 2548 1981 2619 funeribus
2027 2548 2441 2646 reipublicae
2477 2553 2716 2622 exsul-

571 2679 841 2734 tantem
895 2686 976 2731 ac
1028 2659 1580 2756 tripudiantem,
1634 2659 1919 2754 legum,
1979 2661 2035 2728 si
2092 2674 2372 2755 posset,
2430 2660 2713 2758 laqueis

571 2773 1114 2866 constringeret.
1167 2768 1557 2839 Descendit
1610 2767 1701 2839 ad
1758 2769 2265 2839 accusandum.
2313 2772 2494 2859 Quis
2541 2797 2711 2842 um-

573 2907 789 2978 quam
813 2892 840 2921 ²
869 2893 1015 2948 tam
1043 2878 1335 2975 proprie
1357 2875 1385 2920 ³
1405 2877 1837 2975 reipublicae
1875 2903 2106 2962 causa,
2147 2878 2361 2950 nullis
2394 2882 2711 2952 inimici-

572 2993 682 3062 tiis
706 3046 725 3075 ,
765 2987 980 3058 nullis
1007 2987 1316 3083 praemiis
1335 3041 1354 3073 ,
1383 2986 1581 3058 nulla
1608 2985 1987 3057 homiuum
2018 2986 2502 3082 postulatione
2524 3043 2542 3075 ,
2571 3006 2709 3061 aut

567 3107 778 3191 etiam
829 3100 1219 3196 opinione,
1272 3097 1349 3167 id
1411 3122 1756 3194 umquam
1813 3120 1964 3169 esse
2015 3094 2427 3167 facturum?
2472 3102 2705 3169 Fracti

565 3226 766 3284 eraut
809 3211 1026 3280 animi
1082 3206 1418 3280 hominis,
1478 3212 1632 3281 Hoc
1686 3211 1881 3278 enim
1922 3220 2299 3277 accusante
2320 3210 2373 3293 4,
2415 3209 2705 3303 pristini

629 3391 762 3436 XLI.
791 3404 834 3438 ι.
871 3386 1080 3435 Videbat
1103 3385 1185 3434 ille
1205 3385 1470 3450 gladiator,
1495 3402 1580 3448 se,
1666 3401 1759 3433 nee
1783 3386 1991 3434 mut-nti
2007 3387 2234 3450 cuiquam
2253 3397 2422 3435 contra
2441 3389 2701 3438 MStormn

559 3470 607 3517 si
623 3467 830 3515 moribus
851 3463 1096 3530 ageret&
1111 3479 1245 3511 more
1263 3464 1582 3527 institutoque
1667 3463 1814 3514 fidem
1838 3481 1979 3514 auree
2007 3467 2391 3516 commodanda.

557 3546 776 3597 omnium
795 3544 840 3590 ei
859 3544 1115 3589 resisteret.
1740 3545 1789 3591 3.
1826 3542 2043 3608 Proprie.
2088 3545 2169 3594 Al.
2201 3546 2431 3609 propn‘oe.
2475 3548 2700 3596 Gravius

627 3643 675 3672 α.
707 3622 824 3688 Quis
853 3635 1099 3683 umquam.
1127 3619 1208 3668 Sic
1235 3619 1374 3667 loeus
1399 3620 1581 3668 intelli·
1666 3622 1964 3686 configebat,
1993 3646 2017 3666 σι
2036 3636 2288 3689 prompte.
2311 3659 2324 3672 .
2345 3659 2359 3670 .
2389 3624 2443 3671 id
2464 3642 2697 3688 umquam

555 3704 741 3769 gendns
765 3716 777 3749 :
802 3701 927 3763 Qui⁸
965 3714 1195 3762 umquam
1227 3698 1475 3747 descendit
1512 3701 1574 3748 ad
1666 3713 1787 3749 esset
1805 3703 2068 3750 facturum.
2084 3706 2256 3751 Parum
2272 3703 2490 3751 feliciter.
2504 3706 2694 3755 J.V.L.

549 3780 874 3830 accusandum
899 3791 995 3826 tam
1014 3778 1212 3843 proprie
1232 3812 1247 3835 ‚
1268 3779 1387 3842 reip.
1406 3795 1574 3842 causa,
1734 3788 1782 3836 4.
1803 3784 1912 3829 Hoc
1929 3781 2056 3828 enim
2079 3792 2359 3828 accusante.
2378 3783 2541 3842 Quum
2561 3784 2694 3834 Milo

548 3861 697 3910 nullis
758 3858 1024 3906 inimicitiis
1053 3892 1068 3918 ‚
1128 3856 1259 3905 nulla
1322 3858 1573 3906 hominum
1660 3870 1905 3907 accusaret
1923 3892 1940 3919 ,
1989 3875 2089 3906 non
2139 3871 2242 3907 erat
2291 3857 2429 3923 quod
2483 3859 2691 3911 Clodius

547 3940 875 4007 postulatione
929 3947 982 3984 ut
1034 3937 1211 3984 faceret
1232 3971 1246 3996 ,
1300 3949 1382 3984 aut
1423 3938 1570 3986 etiam
1657 3949 1868 4001 speraret
1921 3955 1971 3985 se
2022 3939 2233 4001 effugere
2284 3954 2426 4001 poue
2482 3942 2690 4005 turpiter

544 4021 781 4085 opinione
825 4014 917 4079 (h.
953 4032 1000 4062 e.
1042 4030 1192 4078 quum
1234 4017 1423 4080 opinari
1461 4032 1566 4066 non
1656 4020 1897 4082 corruptis
1911 4016 2158 4078 judicibus
2176 4052 2189 4076 ,
2213 4027 2270 4065 ut
2291 4017 2351 4066 de
2370 4021 2518 4068 sacris
2538 4023 2689 4069 Bonae

540 4096 813 4158 auderent)
842 4092 895 4141 id
919 4108 1148 4157 umquam
1177 4109 1279 4140 esse
1305 4094 1562 4146 facturum.
1651 4095 1767 4143 Dea
1785 4096 1978 4145 violatis
1998 4112 2105 4146 rens
2124 4095 2324 4149 fecerat.
2344 4097 2422 4148 cf.
2452 4102 2681 4148 Senecam

538 4179 781 4226 Postrema
820 4173 902 4223 illa
943 4171 1005 4219 ab
1046 4170 1274 4236 opinicme
1313 4171 1529 4235 pendent
1549 4208 1564 4231 ‚
1649 4175 1793 4239 epist.
1822 4178 1909 4240 98.
