2994 4778
720 394 1113 464 ORATIO
1162 397 1282 469 IN
1330 398 1904 478 VATINIUM.'
2229 415 2364 489 163

249 527 322 583 te
360 514 945 611 vituperantur),
978 531 1480 593 verumtamen
1520 546 1810 620 quaem,
1848 553 2079 628 quum
2125 536 2206 608 in
2237 562 2362 612 re-

255 627 519 725 puhlioe
551 626 1124 703 administranda
1150 635 1232 703 T.
1262 635 1501 707 Annio
1541 661 1710 709 cum
1745 644 1823 713 P.
1854 645 2096 718 Sextio
2129 657 2364 725 eonsi-

254 736 489 810 horum
532 739 865 810 omnium
913 741 1215 814 societas
1265 740 1485 817 fuerit
1509 799 1529 834 ‚
1569 745 1646 819 id
1682 751 1884 848 quod
1923 778 2077 827 non
2118 760 2358 836 solum

247 844 593 920 bonorum
622 901 644 937 ,
676 872 931 922 verum
966 851 1180 924 etiam
1214 853 1723 952 improborum
1746 855 1776 903 ⁵
1816 859 2095 957 judicio
2126 867 2358 945 decla·

245 971 461 1028 ratum
487 971 641 1046 est;
675 973 786 1029 est
813 959 1004 1031 enim
1033 985 1204 1034 reus
1220 975 1531 1063 uterque
1557 965 1658 1038 ob
1685 970 2016 1045 eamdem
2040 999 2320 1053 causam
2340 1037 2363 1072 ‚

239 1080 305 1138 et
352 1065 618 1138 eodem
670 1068 1013 1160 crimine3
1074 1071 1257 1144 alter
1294 1072 1412 1145 die
1452 1074 1645 1149 dicta
1692 1077 1786 1150 ab
1834 1105 1961 1170 ec,
2011 1106 2237 1181 quem
2274 1103 2360 1163 tu

237 1195 458 1248 unum
516 1176 1040 1275 improbiorem
1082 1202 1276 1271 esse,
1321 1205 1543 1282 quam
1590 1197 1700 1276 te,
1737 1211 2297 1293 nonnumquam
2322 1198 2358 1247 ⁶

238 1286 411 1359 soles
451 1284 828 1379 confiteri3
881 1288 1064 1363 alter
1102 1292 1247 1364 tuis
1301 1293 1653 1386 consiliis,
1696 1296 1822 1373 illo
1863 1315 2106 1377 tamen
2152 1307 2241 1379 ad
2238 1308 2358 1403 ju·

237 1413 440 1471 vante
472 1424 492 1467 ε
534 1421 786 1498 quaero
808 1452 831 1488 ‚
857 1402 987 1498 qui
1024 1402 1252 1499 possis
1290 1426 1415 1477 eos
1442 1458 1462 1493 ‚
1492 1428 1682 1505 quos
1712 1409 2015 1486 crimine
2050 1416 2217 1514 conj
2226 1439 2362 1490 un·

239 1509 406 1605 gis⁷‚
451 1508 871 1581 testimonio
906 1509 1340 1610 disjungere.
1781 1567 1790 1579 -

326 1621 748 1690 Extremum
783 1619 962 1690 illud
1007 1633 1155 1711 est,
1200 1621 1404 1720 quod
1438 1625 1621 1697 mihi
1659 1624 1790 1703 abs
1821 1643 1893 1703 te
1929 1635 2360 1744 responderi

241 1726 497 1798 velim:
534 1752 771 1825 quum
813 1728 1038 1800 multa
1090 1733 1168 1802 in
1227 1731 1763 1809 Albinovanum
1807 1738 1898 1812 de
1940 1750 2360 1840 praevaxica-

245 1833 478 1909 tione⁸
542 1836 862 1925 diceres,
917 1839 1324 1932 dixerisne,
1383 1869 1523 1918 nec
1576 1847 1708 1919 tibi
1767 1851 2115 1946 placuisse
2137 1909 2159 1946 ‚
2223 1881 2363 1932 nec

245 1949 637 2046 oportuisse
668 1950 989 2020 Sextium
1015 1949 1106 2022 de
1127 1954 1196 2022 vi
1218 1977 1425 2027 reum
1453 1953 1655 2027 fieri?
1681 1962 1932 2056 quavis
1958 1949 2147 2064 lege,
2176 1991 2363 2064 quo·

242 2059 338 2128 vis
390 2058 695 2129 crimine
745 2060 1231 2133 accusandum
1286 2066 1533 2162 potius
1589 2066 1856 2142 fuisse?
1906 2074 2116 2145 etiam
2179 2075 2362 2151 illud

246 2164 531 2256 dixeris,
588 2191 874 2272 causum
909 2170 1234 2259 Milonis,
1281 2171 1651 2245 fortissimi
1682 2178 1850 2264 viri,
1898 2180 2361 2276 conjunctam

248 2299 394 2347 cum
421 2277 574 2348 hoc
602 2276 1041 2349 existimari?
1068 2304 1230 2377 quae
1264 2305 1401 2379 pro
1434 2295 1596 2355 me9
1624 2309 1664 2356 a
1698 2289 1938 2361 Sextio
1966 2288 2150 2365 facta
2180 2296 2357 2386 sint,

252 2382 443 2459 bonis
470 2411 629 2460 esse
665 2388 915 2485 grata?
950 2391 1117 2461 Non
1159 2415 1467 2489 coarguo
1505 2398 2059 2472 inconstantiam
2092 2406 2358 2476 oratio-

254 2496 394 2585 nis,
458 2523 542 2570 ac
608 2500 998 2569 testimonii
1061 2503 1186 2571 tui.
1260 2502 1456 2591 Quas
1513 2506 1708 2576 enim
1776 2507 1996 2606 hujus
2037 2515 2360 2587 actiones

248 2605 571 2703 probatas
609 2607 822 2679 bonis
858 2631 1010 2681 esse
1053 2608 1269 2699 dicis,
1326 2612 1403 2683 in
1445 2636 1564 2685 eas
1604 2615 1936 2712 pluribus
1969 2620 2210 2693 verbis
2241 2636 2362 2695 „te-

244 2719 658 2789 stimonium
686 2716 923 2788 dixisti
960 2742 976 2788 ε
1027 2721 1323 2816 quicum
1359 2736 1600 2794 autem
1646 2724 1802 2820 ejus
1850 2750 2140 2799 causam
2170 2731 2361 2828 peri·

242 2828 627 2926 culumque
656 2826 1072 2924 conjungis,
1108 2853 1274 2900 eum
1316 2833 1613 2904 summis
1641 2832 1977 2909 laudibus
2013 2839 2351 2912 extulisti.

242 2935 370 3008 Sed
402 2936 550 3009 hoc
588 2960 832 3035 quaero
852 2990 873 3025 ‚
908 2961 1089 3008 num
1119 2942 1194 3011 P.
1233 2941 1595 3038 Sextium,
1633 2969 1780 3042 qua
1813 2944 1971 3045 lege
2009 2972 2354 3023 accusan-

240 3183 338 3232 vult
366 3200 398 3231 ι
428 3194 481 3231 te
500 3184 791 3248 vituperat-R
823 3198 938 3232 nam
962 3183 1128 3234 laudes
1154 3195 1252 3234 tun
1339 3185 1698 3250 inconstantia,
1721 3189 1812 3255 qui
1833 3190 2200 3257 reprehenderit
2216 3193 2361 3244 Albi—

241 3264 465 3312 videntur
485 3264 709 3312 virtutem
725 3265 831 3326 ejus
855 3281 1182 3332 corrumpere.
1341 3280 1586 3314 nonnum
1622 3277 1680 3316 ut
1712 3270 2160 3333 pmvcricntorem,
2203 3289 2357 3338 quum

301 3344 351 3391 ⁵.
374 3342 731 3407 Inproborum.
765 3343 998 3394 Clodium
1035 3355 1085 3393 et
1109 3344 1249 3393 Albi·
1338 3352 1501 3392 tamen
1537 3345 1756 3394 Sextium
1804 3346 1989 3397 dicent
2006 3383 2024 3407 ,
2056 3365 2161 3399 non
2207 3367 2358 3417 opor·

242 3437 481 3470 nonnum
516 3417 782 3486 signifieat,
803 3424 892 3488 qui
922 3424 1161 3473 Milonem
1186 3424 1249 3472 de
1335 3420 1483 3471 tuisse
1510 3421 1572 3469 de
1609 3423 1658 3470 vi
1691 3439 1827 3472 reum
1865 3422 1973 3474 fieri
1999 3438 2017 3476 ε
2051 3428 2265 3478 secunda
2302 3432 2358 3480 in

242 3500 286 3547 vi
303 3512 667 3549 accusaverant.
1334 3518 1396 3551 eo
1409 3538 1426 3564 ,
1446 3504 1651 3553 Causam
1678 3504 1915 3567 Milonis:
1936 3506 2073 3555 terti·
2086 3540 2102 3568 ‚
2125 3511 2249 3572 Qun
2265 3524 2360 3572 pro

303 3581 353 3629 6.
380 3582 785 3645 Nonnnmquam.
820 3580 899 3629 Al.
925 3580 1048 3629 male
1067 3615 1084 3641 ,
1109 3597 1251 3631 num·
1336 3596 1414 3629 me
1433 3598 1459 3628 a
1478 3582 1647 3630 Sextio
1664 3582 1791 3631 facta
1814 3584 1940 3634 sint:
1965 3596 2134 3648 quam
2149 3620 2165 3647 ,
2201 3588 2358 3636 Dixe-

245 3674 401 3719 qm.
427 3662 480 3710 J.
498 3663 567 3709 V.
597 3662 652 3710 1..
1337 3657 1465 3707 sisne
1493 3660 1546 3707 in
1567 3675 1678 3708 eum
1700 3663 2031 3711 testimonium
2058 3663 2120 3713 de
2145 3665 2216 3715 vi.

309 3754 352 3799 7.
390 3738 601 3787 erimine
631 3739 910 3805 conjungis.
932 3741 1155 3803 Quorum
1179 3756 1254 3788 ac-
1409 3754 1460 3801 9·
1503 3741 1626 3804 Quae
1640 3756 1734 3804 pro
1759 3756 1851 3788 me.
1878 3742 1990 3789 Sive
2016 3759 2168 3806 quum
2205 3744 2357 3792 tribu·

245 3818 530 3866 euntium
566 3818 627 3867 dc
664 3819 716 3867 vi
751 3818 888 3867 omni
917 3834 1014 3882 ope
1041 3830 1126 3867 tua
1163 3819 1250 3867 ad·
1337 3831 1432 3865 nus
1466 3817 1740 3880 designatus
1778 3821 1870 3868 iter
1902 3820 1967 3868 ad
1994 3821 2230 3871 Casan-em
2256 3840 2354 3888 pro

238 3896 382 3957 juvas.
398 3924 469 3935 —
496 3895 806 3945 Testimonio.
823 3899 987 3960 Quum
1012 3897 1248 3946 Milonem
1336 3911 1441 3943 mea
1458 3897 1615 3944 salute
1636 3900 1848 3963 suscepit
1860 3933 1877 3960 ,
1897 3900 2001 3948 sive
2022 3917 2173 3965 quum
2190 3919 2353 3951 accen-

243 3975 475 4038 edebm;
515 3976 740 4027 sextium
763 3991 880 4025 vero
906 3992 1129 4026 accusare
1146 3993 1250 4027 non
1335 3974 1400 4022 sit
1419 3971 1483 4021 ad
1510 3974 1825 4037 concionem,
1860 3978 1948 4026 nbi
1968 3979 2029 4028 de
2057 3980 2220 4029 reditu
2244 3997 2354 4027 meo

243 4052 435 4103 desinas.
1333 4052 1592 4118 agebatur,
1616 4065 1761 4119 atque
1783 4057 1869 4104 nbi
1893 4073 2030 4123 paene
2052 4077 2080 4107 a
2105 4059 2358 4109 Clodianis

305 4134 356 4183 ⁸.
371 4132 878 4199 Depraevan'cau’one.
895 4132 1052 4183 Prima
1065 4134 1246 4183 Vatinii
1333 4133 1426 4182 fuit
1453 4149 1727 4200 oppressus.

1963 4244 2069 4289 11.
