2994 4778
622 430 755 502 532
1269 430 1365 501 M.
1416 432 1493 500 T.
1548 420 2117 505 CICERONIS

613 579 777 637 vos,
819 558 1151 650 inquam,
1198 554 1511 651 imploro
1544 570 1763 652 atque
1800 571 2047 643 testor,
2081 579 2394 653 vosque,
2434 558 2764 634 Albano-

612 689 774 735 rum
819 663 1098 735 obrutae
1155 688 1325 750 arae,
1378 689 1751 736 sacrorum
1802 667 2061 762 populi
2100 669 2376 737 romani
2430 672 2642 742 sociae
2683 688 2763 744 et

610 772 990 871 aequales&
1039 798 1218 870 quas
1263 774 1415 861 ille,
1463 799 1777 873 praeceps
1816 780 2156 863 amentia,
2195 781 2759 877 caesis,prostra·

610 886 851 981 tisque
883 884 1341 955 sanctissimis
1389 884 1601 970 lucis,
1636 884 2260 956 substructionum
2294 888 2566 959 insanis
2604 915 2760 961 mo-

607 994 800 1067 libus
833 1008 1284 1093 oppresserat
1316 1020 1332 1063 :
1376 1008 1631 1065 vestrae
1670 986 1826 1065 tum
1867 1019 2037 1082 arae,
2069 1011 2323 1067 vestrae
2352 999 2756 1095 religiones

603 1111 1020 1202 viguerunt;
1073 1118 1305 1175 vestra
1345 1107 1451 1175 vis
1513 1106 1766 1191 valuit,
1812 1131 2031 1202 quam
2081 1106 2199 1177 ille
2239 1109 2442 1178 omni
2477 1109 2753 1182 scelere

607 1215 1013 1315 polluerat:
1062 1230 1291 1310 tuque
1319 1239 1410 1285 ex
1453 1229 1584 1286 tuo
1623 1215 1817 1286 edito
1856 1230 2136 1299 monte,
2170 1219 2466 1288 Latiaris
2502 1235 2752 1292 sancte

603 1330 909 1426 Jupiter,
939 1326 1147 1420 cujus
1173 1324 1291 1396 ille
1313 1324 1510 1396 lacus
1529 1315 1583 1413 ⁵,
1621 1345 1950 1409 nemora,
1977 1324 2310 1424 finesque
2338 1353 2523 1427 saepe
2538 1333 2750 1400 omni

606 1436 888 1508 nefario
943 1452 1197 1534 stupro
1258 1450 1332 1507 et
1391 1436 1660 1509 scelere
1719 1436 2144 1522 macularat,
2210 1436 2596 1535 aliquando
2648 1440 2751 1511 ad

606 1572 777 1619 eum
832 1545 1288 1644 puniendum
1332 1546 1587 1617 oculos
1626 1547 2018 1644 aperuisti:
2070 1545 2280 1617 vobis
2317 1548 2490 1633 illae,
2537 1547 2750 1620 vobis

607 1672 847 1729 vestro
881 1658 955 1726 in
991 1669 1392 1752 conspectu*
1425 1652 1666 1744 serae⁶‚
1707 1654 1831 1727 sed
1861 1654 2069 1749 justae
2102 1671 2345 1727 tamen
2383 1673 2455 1728 et
2487 1656 2750 1729 debitae

604 1792 841 1866 poenae
879 1766 1130 1837 solutae
1162 1780 1355 1835 sunt.

700 1878 852 1950 Nisi
902 1874 1132 1947 forte⁷
1189 1875 1331 1947 hoc
1383 1877 1597 1946 etiam
1641 1899 1810 1945 casu
1867 1874 2132 1947 factum
2182 1900 2336 1948 esse
2377 1876 2704 1949 dicemus
2726 1934 2749 1967 ‚

604 2002 716 2073 ut,
779 2001 948 2057 ante
1010 1989 1250 2083 ipsum
1305 1985 1691 2055 sacrarium
1738 1989 1953 2056 Bonae
2004 1990 2211 2074 Deae,
2260 1986 2613 2083 quod-est
2662 1991 2744 2060 in

604 2096 832 2169 fundo
868 2101 946 2168 Τ.
989 2099 1208 2166 Sextii
1241 2094 1458 2179 Galli,
1491 2096 1569 2164 in
1605 2097 1856 2191 primis
1885 2094 2173 2165 honesti
2201 2110 2274 2166 et
2299 2098 2540 2166 ornati
2570 2096 2751 2169 ado·

607 2208 982 2291 lescentis‚
1022 2221 1190 2276 ante
1225 2208 1495 2302 ipsam,
1543 2205 1844 2300 inquam
1885 2208 2157 2275 Bonam
2200 2206 2471 2293 Deam,
2515 2231 2749 2303 quum

602 2317 932 2415 praelium
977 2316 1488 2402 commisisset,
1546 2316 1860 2412 primum
1907 2313 2086 2385 illud
2133 2314 2396 2385 vulnus
2439 2339 2748 2415 accepe-

601 2428 732 2510 rit,
778 2450 930 2521 quo
973 2428 1414 2496 teterrimam
1461 2439 1767 2495 mortem
1811 2420 2095 2497 obiret⁸
2143 2452 2159 2495 ε
2204 2440 2288 2496 ut
2330 2452 2484 2498 non
2531 2427 2747 2501 abso-

604 2538 800 2608 lutus
853 2534 1131 2632 judicio
1183 2535 1355 2604 illos>
1419 2531 1703 2604 nefario
1762 2534 2163 2622 videretur,
2222 2534 2349 2607 sed
2403 2536 2495 2608 ad
2550 2537 2748 2610 hanc

601 2649 958 2746 insignem
1001 2663 1295 2743 poenam
1330 2658 1752 2716 reservatus.

671 2855 720 2903 4.
747 2844 902 2891 Soct'oe
925 2853 974 2890 et
991 2840 1221 2904 oeqaeales.
1265 2837 1510 2889 Sacrificio
1544 2839 1627 2889 illa

600 2924 784 2975 Latinis
807 2939 920 2971 cum
950 2922 1141 2987 populo
1170 2937 1372 2968 romano
1404 2936 1626 2968 commn-

599 3006 682 3054 nie
709 3004 938 3059 fuet-unu
965 3017 991 3048 ι
1018 3000 1287 3064 Tarquinio
1317 2999 1542 3064 Superbo
1572 3000 1624 3047 in

601 3083 884 3134 memorien
923 3081 1014 3129 icti
1059 3078 1255 3129 foederis
1289 3080 1424 3128 fuere
1482 3080 1625 3127 insti·

606 3175 728 3211 tnta.
756 3160 1142 3212 Celebrabentnr
1160 3158 1424 3223 quotannis
1447 3173 1475 3204 a
1495 3159 1626 3205 Leti·

602 3242 679 3289 nis
699 3241 979 3290 civitatibus
1000 3250 1187 3303 septem
1214 3248 1264 3286 et
1282 3236 1623 3306 qnadraginta,

598 3337 710 3386 qne
729 3336 840 3369 cnm
866 3319 1057 3385 populo
1081 3334 1282 3366 romano
1309 3317 1362 3365 in
1380 3316 1624 3365 Albanum

597 3409 815 3448 montem
842 3397 1200 3447 conveniebant
1229 3396 1291 3443 ed
1313 3406 1506 3442 taurum
1530 3396 1621 3440 L·-

596 3478 699 3529 ninii
718 3478 836 3525 Jovi
856 3477 1225 3525 sacrificandum
1241 3511 1255 3534 ,
1274 3477 1414 3535 cnjus
1435 3484 1622 3537 partem

595 3556 978 3619 uniuscujusque
1003 3554 1216 3603 civitatis
1239 3552 1454 3616 populus
1489 3552 1618 3597 acci-

595 3637 777 3707 pielut.

669 3723 717 3770 5.
756 3717 902 3781 Cujus
939 3714 1024 3762 ille
1060 3712 1213 3760 lacus.
1244 3709 1364 3756 Tres
1394 3707 1447 3756 in
1481 3710 1619 3756 latio

594 3802 728 3848 fuere
761 3797 895 3844 lscns
911 3829 927 3852 ,
962 3807 1089 3840 unns
1116 3787 1460 3845 Nemorensis,
1500 3787 1620 3835 alter

592 3882 847 3932 Jnturnoe,
874 3871 1044 3921 tertius
1077 3881 1126 3917 et
1157 3868 1379 3916 omnium
1406 3865 1619 3915 celeber·

591 3958 742 4006 rimus
763 3952 1000 4000 Albanus.

661 4036 710 4083 6.
750 4033 898 4077 Serae.
938 4026 1218 4075 Potuissent
1244 4043 1359 4074 sene
1396 4024 1467 4074 dil
1493 4024 1615 4075 clo-

1711 2852 1853 2904 mnt‚
1885 2853 1941 2890 nt
1969 2842 2166 2893 numina
2198 2842 2335 2906 ipsa,
2358 2858 2470 2906 qne
2497 2842 2703 2891 violaret
2726 2881 2747 2908 ‚

1714 2921 1957 2969 teterrime
1978 2938 2064 2968 sne
2085 2931 2243 2967 morte
2270 2931 2505 2984 pasceret.

1789 3016 1840 3060 7.
1865 2999 2133 3064 Nisisoree.
2158 2999 2394 3047 Ostendit
2411 3015 2557 3063 quem
2576 2998 2749 3049 ebenr-

1714 3078 1832 3126 dnm
1872 3091 1999 3127 esset
2038 3076 2259 3143 profiteri
2298 3077 2532 3126 clodium
2570 3095 2673 3126 non
2713 3097 2745 3127 e

1714 3158 1995 3206 numinibus
2033 3158 2178 3204 fuisse
2226 3171 2549 3221 oppressum,
2590 3173 2743 3221 quum

1713 3247 1790 3284 tot
1807 3248 1856 3284 et
1882 3247 2012 3285 tante
2032 3246 2292 3284 occurrant
2312 3235 2431 3283 secti
2452 3236 2587 3285 illins
2604 3252 2747 3301 ergu-

1712 3326 1890 3362 ments.

1786 3396 1833 3443 8.
1854 3393 2160 3442 Teeern'mam
2181 3405 2384 3442 mortens
2395 3392 2559 3442 obiret.
2575 3396 2741 3458 Quum

1712 3471 1773 3521 de
1793 3473 1970 3523 Clodio
1993 3488 2019 3519 ι
2041 3472 2229 3521 Milone
2247 3473 2425 3521 occisor
2438 3475 2615 3537 egitur,
2633 3491 2745 3522 ver·

1706 3551 1783 3598 bis
1804 3568 1903 3602 rem
1923 3551 2049 3599 velat
2071 3562 2252 3608 orator,
2275 3562 2329 3599 ut
2348 3568 2498 3616 supra
2520 3554 2744 3618 exposui·

1707 3646 1830 3677 mus.
1868 3630 1991 3692 nic,
2027 3646 2127 3678 non
2157 3631 2256 3689 jam
2298 3631 2459 3694 Milo,
2492 3631 2578 3679 sed
2615 3632 2683 3680 dii
2710 3650 2742 3680 e

1708 3703 1888 3755 Clodio
1912 3723 2079 3771 poenes
2107 3708 2376 3772 repefivere
2402 3724 2417 3755 :
2445 3709 2613 3773 inque
2639 3726 2742 3757 rem

1708 3785 1849 3849 plane
1879 3785 2098 3847 judicum
2137 3786 2293 3835 oculis
2333 3788 2742 3836 contrectandam

1707 3865 1973 3930 patefacere
2028 3882 2131 3914 non
2192 3865 2383 3913 dubitat
2402 3902 2419 3927 ‚
2477 3866 2742 3932 verbisque

1705 3946 1850 3993 etiam
1875 3944 2140 4009 amplificat
2164 3943 2493 4008 gravioribus.

1777 4040 1825 4086 9.
1847 4023 2044 4072 Iudicio
2069 4023 2173 4071 5110.
2200 4023 2279 4071 Ob
2303 4022 2535 4073 violatam
2561 4035 2741 4090 stnpm

591 4117 726 4164 dium
746 4128 774 4159 e
797 4106 961 4157 medio
981 4106 1152 4155 tollere
1175 4122 1327 4170 quum
1349 4103 1614 4152 seditiones
1701 4101 1850 4149 Bonae
1864 4103 1979 4151 Deae
1994 4102 2274 4167 religionem
2290 4102 2340 4149 in
2353 4101 2599 4161 indicium
2621 4121 2743 4169 pro·

591 4197 761 4243 Roma
800 4188 1019 4248 foverem
1051 4185 1135 4233 sed
1173 4199 1366 4249 poenam
1409 4181 1613 4230 distule-

1705 4190 1884 4228 tractns
1913 4182 2147 4240 Clodius,
2176 4182 2379 4246 pecnnia
2402 4182 2597 4242 jndices
2623 4199 2741 4232 cor-
