2994 4778
736 427 1116 513 ORATIO
1160 426 1361 494 PRO
1408 427 1491 494 L.
1533 427 1612 495 c.
1663 424 2017 493 BALBo.
2297 418 2438 494 315

317 549 505 620 bene
530 545 625 620 de
653 545 1026 645 republica
1061 546 1390 632 meritOS,
1425 568 1744 642 persaepe
1788 541 2151 630 libertate,
2189 540 2267 613 id
2295 555 2437 627 est,

319 660 595 730 civitate
618 713 640 745 ‚
663 656 955 756 publice
991 656 1248 728 donari
1282 655 1612 728 videmus
1631 653 1687 724 ⁵.

415 774 504 839 X.
563 773 763 840 Hanc
804 784 884 839 tu
916 768 1138 864 igitur
1161 777 1212 854 ¹,
1261 781 1566 865 patrone
1608 762 1968 838 foederum
2016 786 2099 834 ac
2133 761 2436 836 foedera-

334 892 600 965 torum,
639 878 1132 949 conditionem
1177 878 1431 949 statuis
1474 875 1875 960 Gaditanis,
1912 874 2101 948 tuis²
2131 871 2435 957 civibus,

317 1002 399 1058 ut
435 985 640 1084 quod
672 989 798 1074 iis,
861 1010 1048 1084 quos
1085 984 1456 1059 Gaditanis
1489 983 1941 1080 adjutoribus
1984 983 2197 1054 armis
2234 980 2438 1053 sube-

309 1103 556 1196 gimus
576 1151 597 1181 .‚
633 1111 854 1195 atque
886 1100 963 1167 in
1006 1097 1352 1169 ditionem
1381 1110 1700 1169 nostram
1731 1093 2174 1190 redegimus»,
2204 1092 2440 1178 liceat,

311 1209 373 1275 si
418 1206 738 1304 populus
774 1229 1116 1280 romanus
1140 1208 1578 1305 permiserit,
1613 1219 1698 1276 ut
1731 1204 1822 1276 ab
1856 1217 2110 1276 senatu
2135 1257 2155 1290 ,
2191 1200 2285 1276 ab
2313 1205 2442 1276 im-

313 1315 776 1413 peratoribus
817 1319 1126 1403 nostris,
1169 1318 1451 1388 civitate
1493 1315 1905 1402 donentur-3
1960 1312 2034 1385 id
2089 1337 2182 1384 ne
2233 1313 2442 1386 liceat

317 1425 548 1522 ipsis?
578 1425 726 1514 Qui
776 1426 837 1495 si
875 1428 1021 1496 suis
1074 1425 1380 1498 decretis
1416 1422 1791 1521 legibusve
1835 1426 2284 1510 sanxissent,
2348 1447 2440 1496 ne
2543 1495 2546 1498 ,

314 1535 482 1632 quis
526 1557 829 1606 suorum
878 1535 1143 1606 civium
1189 1548 1416 1607 castra
1460 1535 1980 1661 imperatorum
2016 1532 2272 1659 populi
2319 1557 2440 1606 ro·

320 1644 514 1714 mani
564 1645 829 1731 iniret;
874 1669 966 1715 ne
1013 1647 1177 1741 quis
1210 1667 1285 1716 se
1329 1669 1463 1742 pro
1502 1657 1753 1715 nostro
1795 1645 2099 1741 imperio
2139 1644 2215 1714 in
2260 1643 2444 1740 peri·

317 1757 566 1829 culum
603 1759 854 1855 capitis
877 1812 898 1845 ,
935 1773 1153 1856 atque
1196 1760 1274 1830 in
1318 1760 1480 1830 vitae
1515 1759 1901 1832 discrimen
1934 1755 2262 1841 inferret3
2300 1759 2441 1827 Ga-

310 1865 736 1937 ditanorum
775 1868 1095 1957 auxiliis,
1133 1892 1364 1966 quum
1425 1868 1776 1941 vellemus
1800 1922 1820 1954 ‚
1867 1870 1978 1942 uti
2027 1865 2239 1939 nobis
2284 1890 2437 1937 non

312 1975 607 2064 liceret3
643 1977 971 2074 privatim
1007 2002 1212 2064 vero,
1253 2003 1348 2050 ne
1383 1975 1595 2075 quis³
1626 1979 1735 2049 vir
1767 1992 1840 2048 et
1864 1980 2146 2064 animo,
2185 1991 2258 2048 et
2295 1978 2441 2050 vir-

312 2098 474 2156 tute
514 2085 929 2181 praecellens
973 2111 1109 2185 pro
1151 2103 1403 2160 nostro
1441 2089 1750 2186 imperio
1790 2087 2116 2185 periculo
2160 2112 2294 2160 suo
2329 2087 2439 2158 di-

312 2197 615 2266 micaret
633 2223 653 2283 ;
672 2198 981 2293 graviter
1006 2197 1172 2291 jure
1196 2195 1617 2282 ferremus4,
1643 2197 1874 2268 minui
1903 2195 2162 2270 auxilia
2185 2195 2441 2295 populi

316 2305 635 2394 romani,
700 2305 1060 2408 debilitari
1125 2308 1401 2378 animos
1462 2304 2016 2379 fortissimorum
2066 2308 2387 2380 virorum
2420 2360 2441 2392 ,

322 2415 879 2514 alienigenarum
936 2443 1074 2490 nos
1125 2418 1507 2490 hominum
1563 2416 1850 2505 studiis»,
1886 2433 2104 2516 atque
2143 2432 2439 2491 externa

316 2528 579 2599 virtute
616 2527 899 2625 privari.
952 2532 1171 2626 Atqui
1221 2529 1405 2600 nihil
1448 2529 1784 2616 interest,
1818 2527 2132 2623 judices,
2190 2542 2438 2599 utrum

311 2635 463 2710 haec
500 2636 829 2709 foederati
847 2639 1011 2734 jura
1047 2643 1529 2727 constituant,
1558 2653 1639 2711 ut
1672 2662 1767 2710 ne
1801 2640 1919 2709 cui
1943 2636 2154 2708 liceat
2192 2661 2283 2710 ex
2322 2637 2438 2710 his

306 2880 479 2919 rentur
517 2872 771 2919 ·.1mruo
822 2885 1134 2935 quocumque
1183 2870 1336 2920 modo

306 2926 583 2996 libertatem
646 2959 1014 3013 assequerentur
1030 2984 1049 3012 ,
1110 2948 1337 2998 videntur

312 3026 482 3091 adepti
503 3028 650 3077 finisse
675 3028 937 3077 civitatem.
960 3028 1082 3077 Inde
1102 3037 1176 3077 est
1199 3028 1336 3092 quod

310 3103 485 3153 Cicero
508 3106 730 3155 servilem
757 3106 1088 3155 conditionem
1108 3117 1335 3155 externo·

306 3200 420 3233 rum
481 3185 786 3249 populorum
845 3188 1042 3235 fortuna
1091 3187 1332 3252 potiorem

301 3264 416 3312 fore
438 3264 700 3329 predicat.

373 3342 427 3391 5.
453 3342 536 3390 Al.
559 3342 865 3393 videbamus.
893 3345 942 3393 J.
962 3346 1023 3392 V.
1048 3344 1105 3390 L.

373 3423 443 3469 X.
472 3437 520 3468 ι.
544 3423 693 3469 Hanc
719 3432 770 3469 eu
793 3420 953 3486 ἰςίιειν.
981 3423 1329 3470 Accusatorem

299 3499 464 3548 multo
500 3501 694 3562 gravius
722 3501 936 3563 exagitat
973 3510 1139 3547 orator
1175 3516 1328 3563 quum

300 3576 545 3636 ostendit,
565 3594 675 3641 que
692 3590 957 3643 sequutura
969 3578 1193 3627 insanum
1210 3595 1328 3628 cou-

297 3655 465 3704 silium
492 3656 692 3706 fuerint.
728 3656 930 3707 Judices
960 3657 1103 3706 simul
1137 3658 1190 3705 iu
1214 3674 1327 3707 eum

298 3736 460 3794 acuit,
501 3735 744 3799 preterita
784 3734 925 3783 Balbi
963 3752 1138 3797 uuna,
1173 3753 1325 3800 quum

296 3813 493 3862 iudicat
520 3813 762 3878 populum
790 3830 1039 3863 romanum
1066 3815 1226 3863 orbari
1249 3815 1326 3865 bis

299 3892 423 3955 ipsis
475 3892 673 3956 populis
726 3893 1064 3955 adjutoribus,
1116 3909 1324 3959 quorum

299 3970 489 4017 auxilio
516 3986 736 4034 maguam
763 3970 897 4019 orbis
919 3981 1103 4035 partem
1125 3971 1325 4037 subege-

302 4048 388 4095 rit.
419 4047 669 4116 Simulque
705 4049 947 4108 ostendit,
982 4059 1217 4114 quantum
1259 4052 1325 4099 sit

302 4126 515 4188 inune,
560 4127 823 4201 soedentos
865 4129 1077 4196 populos
1122 4145 1224 4180 nou
1264 4130 1325 4178 iis

1421 2869 1516 2930 uti,
1533 2869 1712 2935 quibus
1733 2868 1902 2918 hostes
1927 2878 1978 2917 et
2003 2884 2168 2918 servos
2186 2869 2332 2917 etiam
2348 2885 2439 2935 po-

1421 2950 1569 3015 pulus
1587 2950 1656 2999 ob
1682 2948 1871 3014 egregia
1890 2950 1945 2998 in
1963 2947 2313 3012 rempublicam
2336 2965 2440 2998 me·

1421 3028 1514 3077 rita
1537 3027 1813 3076 donaverit.

1495 3122 1546 3156 2.
1580 3106 1691 3155 Ώιίε
1715 3104 1912 3154 civibus.
1937 3106 2077 3153 Patet
2101 3105 2216 3154 iude
2242 3122 2441 3155 accusa-

1421 3198 1577 3235 torem
1619 3185 1917 3235 Gaditanum
1958 3185 2134 3247 fuisse,
2172 3185 2256 3236 sed
2283 3187 2439 3236 civem

1419 3281 1619 3330 quoque
1645 3265 1937 3312 Romanum.

1489 3346 1542 3393 3.
1574 3343 1808 3394 Pn'vaeim
1832 3359 1956 3393 vet-0
1974 3380 1990 3406 ‚
2017 3359 2079 3393 ne
2107 3343 2230 3409 quis.
2266 3344 2435 3395 Lmb.

1416 3446 1443 3467 ιι
1464 3424 1693 3489 privatim
1711 3438 1828 3471 vero
1847 3423 1887 3472 si
1902 3458 1917 3483 ,
1933 3439 1994 3471 ne
2012 3424 2123 3487 quis
2141 3445 2184 3473 n.
2212 3424 2314 3474 Cur
2330 3426 2400 3474 ita
2415 3428 2438 3473 ἓ

1414 3514 1490 3553 est
1511 3505 1640 3553 enim
1661 3502 1950 3564 absurdum,
1975 3524 2001 3545 ιι
2018 3504 2060 3551 si
2083 3504 2308 3567 privatim
2328 3521 2441 3553 sau·

1412 3583 1602 3633 zisseut
1620 3604 1642 3627 ι
1674 3596 1689 3631 :
1716 3593 1773 3631 nt
1798 3592 1956 3633 antem
1973 3583 2206 3649 privatim
2232 3584 2446 3645 conjun-

1412 3678 1496 3727 gas
1544 3679 1658 3711 cum
1697 3661 1953 3711 dimicaret
1969 3698 1987 3720 ,
2039 3679 2145 3711 uon
2190 3675 2263 3713 est
2309 3679 2436 3727 opus

1414 3743 1649 3806 particula
1685 3741 1785 3792 nlla
1814 3743 2120 3807 interposita.
2159 3741 2436 3805 Legeudum

1411 3830 1486 3868 est
1531 3822 1791 3883 conjuncte
1813 3857 1831 3883 ,
1880 3844 1905 3863 α
1939 3821 2168 3885 privatim
2210 3836 2329 3868 vero
2374 3837 2437 3870 ne

1412 3898 1523 3961 quis
1557 3921 1582 3941 a
1608 3913 1623 3948 τ
1669 3901 1919 3963 superiora
1957 3901 2084 3947 enim
2125 3900 2185 3949 de
2221 3899 2432 3965 publicis

1407 3977 1604 4025 auxiliis
1624 3977 1833 4026 civitatis
1854 3977 2093 4043 intelligo,
2114 3977 2219 4027 hoc
2238 3994 2354 4026 vero
2372 3978 2434 4027 de

1413 4055 1728 4119 singularium
1755 4057 1935 4105 civium
1958 4057 2230 4105 voluntaria
2250 4054 2436 4105 militia.

1487 4143 1538 4192 4.
1569 4136 1655 4187 Al.
1679 4136 1736 4186 id
1749 4136 1920 4201 jures.
1937 4139 1986 4186 J.
2002 4138 2066 4184 V.
2087 4138 2140 4185 L.
