2994 4778
597 423 979 491 ORATIO
1029 424 1228 490 PRO
1278 423 1371 488 M.
1422 417 2002 490 MARCELLO.
2206 414 2342 487 555

214 550 513 618 ritatem
560 544 777 639 hujus
823 541 1096 613 ordinis
1145 540 1711 638 dignitatemque
1754 538 2167 637 reipublicae
2207 540 2360 610 tuis.

215 656 342 727 vel
377 653 790 742 doloribus,
850 651 963 723 vel
1012 648 1542 748 suspicionibus
1587 647 1963 720 anteferre.
2020 647 2145 718 Ille
2181 650 2343 745 qui-

219 766 398 837 dem
458 763 772 835 fructum
846 762 1081 832 omnis
1137 762 1297 830 vitae
1355 773 1522 829 aute
1580 772 1752 829 actae
1813 757 2170 828 hodierno
2232 758 2347 828 die

217 877 623 945 maximum
652 874 873 969 cepit,
896 895 1119 967 quum
1151 892 1433 940 summo
1459 892 1818 939 consensu
1840 882 2158 955 senatus,
2191 881 2346 937 tum

222 999 572 1081 praeterea
622 980 893 1077 judicio
939 996 1068 1051 tuo
1104 982 1517 1078 gravissimo
1562 993 1632 1049 et
1669 982 2030 1050 maximo:
2076 1003 2164 1049 ex
2201 1002 2349 1074 quo

223 1091 560 1190 profecto
596 1091 967 1188 intelligis,
1004 1102 1273 1187 quanta
1309 1091 1385 1159 in
1421 1087 1592 1159 dato
1635 1086 1989 1171 beneficio
2026 1088 2114 1158 sit
2156 1088 2309 1158 laus
2331 1140 2351 1173 ‚

217 1227 459 1301 quum
482 1204 559 1272 in
592 1216 886 1298 accepto
923 1215 1120 1271 tanta
1156 1200 1243 1270 sit
1284 1195 1613 1295 gloria¹³.
1660 1203 1784 1269 Est
1827 1223 2000 1269 vero
2028 1196 2353 1268 fortuna-

223 1328 351 1384 tus
382 1312 541 1398 ille,
587 1312 789 1405 cujus
819 1334 906 1379 ex
947 1310 1172 1380 salute
1207 1332 1358 1378 non
1404 1308 1643 1377 minor
1693 1332 1894 1404 paene
1930 1306 2020 1377 ad
2062 1330 2355 1389 omnes,

228 1448 457 1519 quam
490 1421 576 1492 ad
613 1420 816 1492 illum
861 1433 1165 1490 ventura
1202 1418 1333 1505 sit,
1384 1416 1625 1487 laetitia
1673 1418 2097 1514 pervenerit.
2139 1412 2354 1504 Quod

228 1538 299 1604 ei
352 1531 649 1630 quidem
702 1530 964 1601 merito
1016 1544 1234 1625 atque
1290 1528 1568 1624 optimo
1615 1526 1776 1620 jure
1818 1526 2138 1623 contigit.
2181 1524 2360 1615 Quis

228 1645 434 1715 enim
480 1655 589 1713 est
628 1640 752 1711 illo
789 1654 912 1711 aut
953 1639 1365 1724 nobilitate,
1404 1651 1530 1707 aut
1574 1635 1967 1733 probitate,
2006 1648 2132 1705 aut
2173 1636 2359 1731 opti-

230 1776 517 1823 marum
549 1751 806 1820 artium
838 1748 1077 1820 studio
1104 1802 1122 1833 ‚
1146 1763 1270 1819 aut
1294 1749 1744 1834 innocentia,
1771 1762 1895 1818 aut
1921 1746 2072 1817 ullo
2100 1768 2362 1842 genere

230 1860 468 1933 laudis
510 1859 1003 1957 praestantior?

331 1980 422 2045 II.
487 1973 808 2045 Nullius¹
873 1986 1154 2044 tantum
1201 1987 1308 2044 est
1358 1974 1627 2043 flumen
1676 1972 1986 2066 ingenii,
2044 1969 2360 2041 nullius²
2411 2032 2418 2041 ,

231 2081 528 2156 dicendi
592 2099 716 2155 aut
773 2082 1133 2155 scribendi
1174 2098 1369 2154 tanta
1423 2084 1570 2167 vis,
1624 2096 1818 2152 tanta
1865 2083 2112 2177 copia,
2160 2104 2360 2176 quse,

233 2219 391 2265 non
446 2192 677 2265 dicam
733 2217 1118 2279 exornare,
1175 2191 1333 2263 sed
1368 2215 1738 2277 enarrare,
1800 2193 1875 2259 C.
1927 2193 2192 2275 Caesar,
2251 2213 2365 2262 res

235 2321 402 2376 tuas
444 2318 674 2400 gestas
704 2305 948 2431 possit.
988 2308 1257 2375 Tamen
1291 2301 1613 2389 affirmO,
1650 2318 1722 2373 et
1760 2300 1897 2374 hoc
1934 2326 2104 2400 pace
2132 2300 2366 2372 dicam

240 2413 445 2504 tua³‚
483 2416 805 2487 nullam
789 2443 863 2487 1n
900 2416 1012 2488 his
1045 2441 1196 2488 esse
1238 2414 1522 2487 laudem
1563 2415 1983 2513 ampliorem
2012 2440 2118 2501 ea,
2150 2436 2367 2510 quarn

238 2522 598 2597 hodierno
641 2525 756 2598 die
793 2542 1290 2624 consequutus
1328 2550 1424 2598 es.
1454 2526 1668 2598 Soleo
1705 2550 1888 2623 saepe
1921 2541 2088 2597 ante
2117 2522 2368 2594 oculos

235 2660 555 2733 ponere,
585 2636 807 2734 idque
837 2634 1145 2707 libenter
1179 2634 1451 2708 crebris
1490 2658 1840 2732 usurpare
1873 2629 2325 2705 sermonibus
2347 2685 2367 2715 ‚

227 2884 555 2950 tensionibus.
595 2885 721 2947 Quis
767 2885 967 2933 Caessris
1004 2885 1258 2948 imperium

236 2975 358 3013 unte
404 2975 593 3028 tempus
633 2964 866 3028 abrogare
907 2975 1112 3012 conatus
1159 2973 1259 3011 erat

237 3042 530 3104 Marcellus,
558 3054 608 3091 et
647 3044 802 3092 civem
842 3028 1259 3092 Novocomensem

236 3124 395 3185 virgis
423 3139 598 3170 caesnm
637 3123 698 3170 sd
734 3124 968 3172 Caesarem
1000 3123 1052 3169 in
1090 3133 1261 3169 contn-

237 3202 438 3251 melfiam
461 3204 703 3250 remiserat
719 3236 734 3260 ,
758 3211 814 3250 ut
840 3202 911 3249 illi
946 3203 1129 3249 inustas
1160 3199 1260 3264 pls-

236 3296 411 3346 garum
436 3281 612 3340 vibices
631 3281 921 3328 ostenderet.
944 3283 1002 3327 In
1018 3279 1262 3327 Victoris-

237 3363 321 3409 uis
343 3359 543 3408 additur
567 3360 713 3408 eciam
740 3371 851 3407 ante
879 3355 1260 3424 offensionibus,-

238 3437 385 3504 quod
413 3455 563 3501 quum
581 3438 842 3486 Lambinus
860 3472 876 3496 ,
897 3436 1229 3486 Gothosredus
1245 3473 1261 3498 ,

241 3521 485 3568 Gruterus
515 3519 741 3565 omittant
759 3551 775 3576 ‚
814 3528 1004 3565 veretur
1036 3518 1258 3566 Gronov.

241 3614 308 3645 ue
340 3597 462 3643 vitio
496 3609 725 3661 typorum
746 3596 944 3644 omissio
968 3596 1050 3643 illa
1074 3595 1264 3644 aecide-

242 3678 327 3724 rit.
356 3675 488 3723 Addi
507 3676 703 3724 volebat
730 3677 962 3724 Patricius
985 3676 1119 3740 ejus,
1147 3678 1262 3724 Eru.

242 3755 359 3805 cuis.
384 3755 489 3802 Nec
516 3754 568 3802 in
599 3755 897 3812 Erfurtcusi,
933 3771 1024 3802 nec
1049 3755 1102 3801 in
1135 3753 1262 3802 Pith.

242 3835 443 3899 legitur.

334 3915 415 3962 13.
435 3916 593 3977 Quum
614 3913 667 3960 in
691 3925 886 3978 accepto
909 3923 1050 3960 tanea
1066 3910 1131 3959 sie
1154 3910 1271 3976 glo-

244 3994 341 4040 ria.
366 3993 416 4041 Si
439 3992 707 4056 gloriosum
726 3992 961 4040 Marcello
983 4003 1056 4040 est
1077 3992 1172 4038 hoc
1193 4005 1270 4038 sc-

245 4072 432 4135 cepisse
457 4068 756 4120 beneficium
780 4087 933 4134 quum
950 4088 977 4119 a
996 4082 1164 4119 senatu
1186 4071 1270 4134 qui

249 4151 518 4201 intercessit
536 4183 553 4210 ,
592 4160 693 4197 tum
721 4166 748 4197 a
780 4152 966 4213 te,-qui
994 4149 1271 4208 restituisti,

1347 2894 1532 2947 quanto
1541 2884 1691 2947 magis
1700 2881 1962 2946 gloriosum
1977 2880 2065 2930 tibi
2075 2889 2147 2928 est
2163 2878 2351 2929 dedisse
2363 2914 2377 2928 .

1418 2965 1483 3011 11.
1523 2978 1566 3009 x.
1601 2961 1809 3011 Nullius.
1833 2965 2079 3010 Hactenus
2106 2959 2198 3007 fuit
2224 2975 2368 3006 exor-

1349 3042 1511 3102 dium;
1538 3043 1758 3107 sequitur
1784 3058 1914 3090 nuuc
1945 3040 2249 3105 propositio:
2274 3039 2371 3086 cle-

1346 3122 1543 3169 montiae
1567 3121 1694 3170 laus.

1419 3216 1468 3247 α.
1531 3201 1725 3249 Habent
1776 3200 1951 3267 optimi
2000 3198 2155 3247 codd.
2204 3198 2368 3256 rualli,-

1346 3280 1585 3329 waldarf.
1624 3281 1795 3342 nulla,
1837 3279 1974 3344 quod
2017 3279 2160 3327 multi
2204 3295 2366 3327 servs-

1350 3375 1475 3407 vere.
1493 3362 1542 3408 J.
1559 3361 1623 3407 V.
1645 3362 1698 3408 L.

1421 3439 1473 3486 3.
1504 3440 1572 3485 Ee
1599 3438 1692 3486 Ιιοσ
1722 3454 1850 3502 pace
1883 3438 2049 3484 dicam
2088 3447 2194 3486 enea.
2233 3436 2367 3484 Mili·

1351 3529 1474 3566 tares
1493 3518 1583 3565 viri
1603 3519 1893 3582 praecipuam
1917 3517 2119 3580 gloriam
2146 3517 2201 3565 in
2225 3516 2369 3564 rebus

1349 3597 1480 3644 bello
1518 3599 1663 3661 gestis
1691 3614 1895 3661 ponere,
1942 3613 2200 3661 earumque
2229 3612 2368 3643 com-

1349 3678 1698 3725 memoratione
1725 3675 1951 3724 delectsri
1985 3674 2264 3739 cumprimis
2291 3689 2368 3721 so-

1353 3755 1490 3804 lent:
1537 3756 1699 3818 itnque
1734 3771 1796 3802 ue
1826 3756 2065 3804 Caesarem
2105 3752 2374 3800 offenderet

1357 3843 1545 3890 orator,
1579 3835 1618 3879 si
1656 3832 1977 3882 admiratione
2009 3832 2248 3879 inusinitae
2280 3830 2378 3878 cle-

1359 3912 1551 3958 mentiae
1569 3911 1755 3959 bellicis
1771 3913 1874 3973 ejus
1888 3911 2115 3960 laudibus
2130 3909 2375 3958 detrahere

1359 3991 1617 4049 videretur,
1631 4006 1710 4038 ess
1730 3990 1931 4039 mirifice
1951 3991 2031 4038 hic
2049 3989 2376 4049 extollit,am-

1335 4075 1338 4078 ’
1358 4069 1666 4135 plissimeque
1681 4069 2032 4133 praedicat,quo
2047 4068 2233 4116 facilius
2245 4077 2376 4130 post·

1359 4167 1412 4199 ea
1442 4148 1708 4198 clementiae
1730 4149 1920 4197 laudem
1947 4147 2178 4196 extollere
2200 4145 2374 4211 possit.
