2994 4778
566 401 971 470 ORATIO
1004 361 1211 473 PRo'
1252 405 1531 474 REGE
1576 405 2126 474 DEJOTARO.
2257 403 2398 476 615

280 522 662 602 simultatis
684 526 1022 620 reliquias
1045 531 1368 600 senserit.
1395 531 1849 624 Quamquam
1875 531 1988 598 cui
2017 530 2404 600 suntinaw

278 632 445 704 ditae
482 658 647 704 cum
689 635 1031 730 Dejotaro
1067 637 1376 733 querelae
1415 637 1600 709 tuae?
1630 641 2043 733 Numquam
2063 650 2160 722 Au
2182 636 2403 707 illum

279 744 694 814 accusavisti
732 755 815 814 ut
854 744 1175 834 hostem,
1216 746 1342 818 sed
1392 763 1474 819 ut
1519 747 1829 818 amicum
1868 742 2107 817 officio
2147 770 2402 844 parum

279 851 650 940 functum,
684 853 882 950 quod
926 859 1353 952 propensior
1384 859 1459 927 in
1482 862 1630 927 2Cn.
1669 858 1991 954 Pompeii
2023 857 2407 927 amicitiam

280 961 571 1050 fuisset,
590 988 808 1060 quam
842 967 917 1034 in
946 979 1163 1037 tuam.
1193 968 1327 1040 Cui
1364 981 1606 1037 tamen
1637 967 1773 1064 ipsi
1808 970 1912 1036 rei
1933 975 1994 1008 ¹⁰
2024 966 2308 1060 veniam
2335 980 2407 1036 te

248 1075 253 1080 '
281 1071 618 1143 daturum
653 1071 868 1146 fuisse
904 1072 1218 1162 dicebas»,
1251 1081 1310 1147 si
1341 1089 1622 1147 tantum
1659 1074 1994 1172 augiliau
2028 1077 2407 1171 Pompeio,

281 1180 398 1251 vel
430 1183 490 1252 si
527 1183 736 1253 etiam
773 1180 999 1253 filium
1041 1185 1381 1273 misisset,
1417 1188 1571 1283 ipse
1599 1186 2058 1256 excusatione
2084 1193 2142 1258 ¹3¹
2181 1184 2410 1254 aetatis

283 1315 460 1362 usus
500 1307 703 1364 esset.
740 1295 844 1364 Ita
874 1317 1099 1389 quum
1133 1296 1461 1366 maximis
1482 1289 1543 1341 ¹3
1584 1307 1758 1368 eum
1787 1292 2008 1367 rebus
2035 1291 2409 1377 liberarem

281 1423 709 1496 perparvam
753 1402 1075 1474 amicitiae
1113 1403 1399 1501 culpam
1436 1403 1919 1502 relinquebas,
1959 1410 2214 1500 Itaque
2257 1411 2407 1472 non
2472 1410 2475 1413 ’

283 1511 519 1583 solum
568 1514 637 1585 in
690 1537 860 1585 eum
912 1540 1062 1585 non
1118 1514 1722 1604 animadvertisti,
1780 1514 1904 1587 sed
1957 1515 2158 1587 omni
2211 1525 2410 1586 metu

282 1619 708 1709 liberavisti,
772 1624 1130 1722 hospitem
1202 1627 1587 1722 agnovisti,
1648 1651 1892 1724 regem
1917 1625 1977 1681 ¹⁴
2040 1623 2410 1719 reliquisti.

279 1733 535 1828 Neque
605 1737 797 1805 enim
868 1733 986 1806 ille
1048 1734 1221 1805 odio
1270 1737 1380 1806 ’tui
1428 1757 1857 1834 progressus
1889 1790 1908 1823 ‚
1973 1734 2100 1806 sed
2167 1756 2412 1804 errore

283 1844 656 1913 communi
706 1843 945 1941 lapsus
999 1835 1211 1916 est15.
1266 1848 1335 1917 Is
1374 1869 1542 1931 rex,
1571 1870 1815 1943 ‘quem
1864 1839 2232 1918 senatns¹⁶
2265 1841 2413 1916 hoc

285 1953 582 2022 nomine
635 1977 824 2048 saepe
863 1951 1602 2027 honorificentissimis
1639 1956 1943 2027 decretis
1988 1953 2410 2052 appellavis-

284 2072 427 2145 set,
477 2062 750 2156 quique
802 2061 1008 2131 'illum
1045 2063 1375 2134 ordinem
1427 2064 1521 2134 ab
1564 2064 2039 2135 adolescentia
2092 2062 2414 2157 gra-vissi-

283 2193 485 2258 mum
556 2171 1224 2269 sanctissimumque
1287 2172 1648 2259 dux'isset,
1717 2170 1964 2242 iisdem
2031 2168 2247 2242 rebus
2308 2184 2415 2260 est

283 2277 791 2374 perturbatus,
828 2280 1052 2352 homo
1083 2281 1524 2379 longinquus
1561 2297 1636 2355 et
1667 2283 2094 2377 alienigena,
2121 2275 2416 2376 ‘quibus
2503 2277 2507 2282 ’

285 2398 504 2460 nos¹7
547 2392 622 2460 in
655 2389 891 2462 media
928 2391 1303 2489 republica·
1329 2395 1522 2478 nati,
1568 2415 1999 2489 semperque
2035 2389 2315 2460 versati.

381 2504 499 2571 IV.
557 2502 798 2592 Quum
851 2502 1165 2591 audiret,
1218 2504 1507 2576 senatus
1558 2503 2073 2575 consentientis
2113 2496 2414 2570 auctori-

1395 2700 1582 2750 Eodem
1607 2709 1854 2749 momento
1877 2698 2030 2746 utitur
2060 2696 2233 2744 ciuem
2256 2695 2308 2741 in
2327 2688 2416 2741 sua

1395 2797 1487 2844 pro
1533 2780 1724 2843 Ligario
1770 2777 2025 2834 oratione3
2069 2774 2415 2822 dissensionem

1394 2859 1534 2907 istam
1563 2860 1757 2909 civilem
1792 2872 1893 2906 nou
1918 2856 2101 2904 bellum
2131 2854 2302 2909 fuisse,
2330 2853 2416 2899 sed

1394 2940 1745 2993 secessionem;
1774 2952 1874 2983 nou
1901 2935 2079 2983 hostile
2106 2932 2305 2991 odium,
2331 2931 2417 2977 sed

1393 3016 1537 3063 civile
1557 3015 1831 3064 dissidium.
1852 3012 2122 3064 Commode
2138 3021 2298 3057 autem
2318 3011 2417 3056 De-

283 2697 670 2762 admoveamus-3
709 2715 764 2747 ea
792 2710 875 2751 tna
902 2709 973 2748 est
998 2682 1223 2762 indoles,
1253 2711 1310 2749 ut

282 2777 425 2826 facile
450 2779 669 2842 ignoscat
688 2812 704 2835 ,
733 2790 783 2827 et
809 2778 1099 2829 condonatae
1122 2780 1309 2847 injuria

284 2873 548 2921 numquam
574 2857 862 2906 meminerit.

363 2952 442 2985 ro.
466 2935 570 3000 Ipsi
592 2936 680 2984 rei.
706 2937 787 2985 Al.
808 2938 931 3001 regi.
960 2937 1107 2986 Male.

361 3032 382 3063 ι
400 3032 444 3063 x.
464 3016 517 3062 Si
541 3026 730 3063 tannem
756 3016 968 3064 auxilia.
990 3017 1071 3065 Sic
1100 3020 1149 3064 Β.
1167 3015 1306 3063 Ursi-

283 3110 410 3155 nus3
438 3109 584 3158 quam
618 3094 874 3142 lectionem
898 3092 1203 3142 confirmavit
1225 3108 1306 3141 co·

285 3172 384 3220 dex
409 3172 590 3220 Colon.
618 3171 751 3241 Olim
773 3171 818 3219 si
842 3183 957 3220 tum.
986 3173 1066 3280 ffl.
1094 3171 1305 3239 siquam

283 3250 497 3299 auxilia.

361 3349 444 3381 xa.
477 3337 584 3398 Ipse
613 3334 946 3391 excusatione.
973 3333 1054 3381 Al.
1091 3332 1191 3396 ipse
1226 3344 1306 3379 ta-

284 3427 395 3460 men
414 3411 744 3464 excusatione.
765 3412 1014 3463 Inimicior
1024 3422 1181 3460 autem
1202 3411 1306 3460 Ca·

284 3492 379 3538 sari
427 3506 488 3540 eo
529 3490 787 3541 videbatur
821 3492 1079 3552 Deiotarus
1097 3523 1113 3546 ‚
1170 3489 1306 3553 quod

284 3579 425 3621 atate
450 3585 479 3617 a
517 3569 649 3619 bello
683 3582 856 3619 contra
894 3586 1006 3619 eum
1042 3583 1141 3617 nou
1183 3580 1306 3618 esset

287 3645 567 3697 deterrim.

362 3727 443 3774 13.
471 3728 555 3775 lea
584 3744 734 3792 quum
764 3724 1012 3775 maximis.
1029 3726 1110 3775 Al.
1129 3728 1359 3825 Itaque,

284 3821 432 3868 quum
462 3806 707 3857 maximus.
747 3833 815 3844 -—
851 3807 1023 3854 Rebus.
1049 3806 1174 3865 Quae
1198 3821 1304 3868 gra-

287 3884 498 3932 vissimae
525 3885 599 3932 illi
630 3884 779 3946 objici
807 3896 1024 3948 possent.

365 3979 386 4010 ι
398 3970 444 4017 4.
465 3964 643 4028 Regem
659 3962 910 4026 reliquisti,
945 3965 1002 4010 1n
1020 3962 1305 4010 conditione

287 4041 418 4105 regia
440 4057 633 4089 manere
646 4057 757 4091 eum
775 4041 989 4090 voluisti.

370 4121 454 4175 15,
491 4122 670 4170 Error-e
708 4120 954 4170 communi
999 4121 1164 4185 lapsus
1213 4131 1301 4170 ese.

1388 3095 1576 3154 jotams
1614 3105 1870 3142 excusatus
1917 3092 2141 3151 videtur,
2180 3090 2413 3152 quicum

1390 3184 1562 3227 senatu
1588 3174 1751 3237 lapsus
1776 3183 1847 3223 est
1871 3208 1887 3234 ,
1916 3158 2053 3231 cujus
2079 3168 2414 3217 auctoritatem

1391 3268 1583 3314 semper
1611 3262 1711 3299 erat
1738 3259 2001 3313 sequutus,
2040 3265 2065 3295 a
2098 3261 2199 3311 quo
2217 3247 2417 3299 summis

1390 3327 1645 3378 beneficiis
1671 3327 1959 3375 cumulatus.
2295 3382 2302 3389 .
2345 3318 2352 3324 ’

1469 3410 1552 3456 ι6.
1602 3410 1653 3455 13
1697 3422 1789 3453 rea·
1810 3439 1825 3462 ,
1867 3421 2011 3469 quem
2048 3414 2266 3452 senatus.
2310 3404 2416 3450 Rex

1354 3461 1663 3551 ‘appellatus
1706 3486 1854 3533 fuisse
1896 3484 2090 3533 videtur
2133 3483 2332 3531 Caesaris
2368 3493 2416 3528 et

1390 3567 1557 3621 Bibuli
1602 3565 1874 3614 consulatu.
1925 3564 2116 3612 Hirtius
2164 3562 2226 3610 de
2280 3559 2415 3607 Bello

1391 3645 1759 3695 Alexandrino:
1805 3645 2026 3694 «Contra
2058 3658 2202 3706 quem
2235 3640 2413 3698 Caeur,

1390 3741 1556 3788 quum,
1605 3723 1814 3787 plurima
1865 3737 1950 3768 sua
1994 3727 2415 3769 commemorasset

1329 3796 1578 3861 ‘officia‚
1593 3817 1703 3864 quae
1720 3801 1889 3848 consul
1911 3800 1956 3848 ei
1979 3798 2183 3871 decretis
2207 3797 2416 3861 publicis

1391 3882 1634 3929 tribuisset
1649 3903 1687 3928 ι.
1708 3879 1823 3926 Vid.
1845 3860 2047 3943 Argum.

1468 3977 1486 4009 ι
1502 3976 1548 4021 7.
1568 3959 1744 4023 Quibus
1764 3975 1867 4007 nos.
1889 3958 2025 4019 Quid
2044 3957 2214 4004 mirum
2235 3970 2414 4002 errasse

1393 4056 1502 4099 cum
1540 4038 1930 4087 benefactoribus
1965 4035 2211 4084 hominem
2249 4033 2413 4081 alieni-

1395 4132 1563 4182 genam
1596 4107 1644 4175 ἐς
1678 4116 1824 4181 louge
1855 4117 1916 4164 ab
1953 4116 2088 4165 Italia
2129 4115 2412 4169 distantem,
