2994 4778
232 467 659 489 mmm
672 471 679 478 ·
684 469 1021 491 “m
1025 472 2355 497 mmmmm-”mm

743 701 1837 835 ARGUMENTUM.

236 1047 389 1101 Ann.
429 1046 508 1103 U.
540 1046 610 1104 C.
638 1045 777 1120 697,
810 1047 914 1103 Cn.
946 1045 1218 1104 Cornelio
1249 1045 1496 1104 Lentulo
1525 1044 1896 1117 Marcellino,
1942 1058 2001 1103 et
2033 1050 2101 1105 L.
2132 1046 2356 1104 Marcio

311 1140 589 1219 Philippo
626 1160 775 1200 coss.
820 1154 1118 1200 accusatus
1151 1154 1239 1201 est
1264 1145 1330 1200 L.
1375 1143 1677 1208 Cornelius
1716 1142 1958 1212 Balbus,
2007 1141 2267 1202 Gadibus
2295 1144 2356 1201 in

310 1237 374 1294 in
399 1237 683 1315 Hispania
698 1249 868 1295 natus
882 1280 898 1308 ,
920 1237 1021 1296 sed
1039 1250 1172 1316 post
1191 1237 1408 1297 bellum
1436 1241 1831 1299 Sertorianum
1848 1281 1865 1310 ,
1902 1251 2106 1317 rogatu
2126 1242 2189 1296 L.
2210 1243 2360 1298 Cor-

309 1331 453 1390 nelii
480 1332 745 1404 Lentuli,
779 1331 944 1410 cujus
980 1353 1190 1392 nomen
1231 1333 1574 1413 assumpsit,
1602 1355 1637 1392 a
1665 1335 1975 1412 Pompeio,
2009 1335 2134 1412 lege
2174 1335 2358 1394 Gellia

312 1429 585 1487 Cornelia
609 1429 839 1488 civitate
860 1449 1096 1488 romana
1119 1429 1383 1489 donatus.
1419 1435 1502 1490 Ea
1522 1431 1673 1489 enim
1697 1432 1824 1510 lege
1842 1451 1877 1489 a
1895 1450 2039 1490 coss.
2075 1436 2144 1490 L.
2172 1431 2360 1490 Gellio

313 1539 373 1583 et
405 1527 515 1588 Cn.
544 1526 816 1584 Cornelio
848 1545 979 1586 ann.
1006 1531 1081 1586 U.
1107 1527 1215 1585 681
1255 1528 1367 1585 lata
1404 1540 1663 1586 sanctum
1699 1542 1816 1598 est,
1865 1540 1926 1586 ut
1952 1528 2103 1586 cives
2134 1530 2358 1586 romani

318 1633 504 1679 essent
530 1621 756 1706 optimo
778 1621 942 1700 jure,
985 1642 1131 1700 quos
1168 1627 1273 1682 Cn.
1311 1624 1618 1701 Pompeius
1654 1624 1972 1701 imperator
2015 1623 2089 1682 de
2136 1624 2358 1682 consilii

316 1717 506 1777 bellici
535 1720 824 1778 sententia
853 1719 1140 1799 sigillatim
1167 1720 1400 1779 civitate
1434 1721 1684 1779 donarit.
1722 1723 1968 1779 Exortus
1999 1734 2086 1779 est
2116 1720 2359 1780 Gadita-

313 1839 422 1877 nus
464 1819 677 1896 aliquis
701 1862 719 1889 ,
765 1819 865 1896 qui
902 1818 1157 1897 Pompeii
1199 1832 1258 1877 et
1290 1821 1526 1877 Caesaris
1557 1819 1711 1898 apud
1740 1839 1887 1896 quos
1922 1805 2203 1898 gratiosus
2235 1832 2360 1878 erat

307 1915 524 1974 Balbus
548 1960 567 1988 ,
597 1916 842 1974 inimicis
873 1915 1301 1993 instigantibuS,
1336 1916 1516 1975 Balbo
1542 1918 1995 1975 controversiam
2027 1916 2100 1975 de
2127 1917 2357 1974 civitate

307 2024 591 2071 moveret.
633 2012 980 2071 Defensores
1012 2024 1213 2070 nactus
1250 2026 1336 2071 est
1367 2012 1580 2071 Balbus
1611 2017 1692 2070 M.
1725 2012 2010 2071 Licinium
2053 2016 2319 2071 Crassum
2342 2056 2357 2083 ,

308 2115 410 2170 Cn.
462 2110 806 2189 Pompeium
874 2115 1180 2188 Magnum,
1232 2123 1291 2167 et
1347 2110 1685 2169 Ciceronem
1718 2152 1735 2178 ,
1791 2128 1824 2167 a
1868 2128 1987 2187 quo
2041 2129 2212 2169 causa
2270 2123 2357 2169 est

310 2217 601 2284 perorata.

388 2308 457 2361 In
484 2301 735 2361 exordio
761 2302 966 2362 Cicero
988 2302 1247 2380 Pompeii
1272 2301 1592 2360 orationem
1621 2301 1893 2360 hesterno
1920 2301 2014 2360 die
2040 2320 2151 2380 pro
2177 2301 2357 2359 Balbo

315 2399 571 2459 habitam
603 2399 843 2458 summis
880 2398 1145 2458 laudibus
1187 2399 1385 2473 effert,
1424 2413 1483 2458 et
1522 2398 1779 2458 modeste
1822 2399 2034 2457 fatetur
2063 2398 2354 2458 difficilem

313 2495 419 2555 sibi
461 2517 590 2556 ease
628 2495 940 2574 perorandi
969 2498 1190 2570 locum,
1230 2496 1390 2574 qnod
1417 2499 1472 2554 ei
1512 2497 1760 2555 orationi
1785 2495 2085 2567 succedat,
2129 2493 2293 2570 cujus
2323 2516 2356 2552 e

306 2593 712 2652 recordatione
740 2592 1030 2653 auditores
1058 2595 1189 2673 plus
1222 2594 1537 2679 voluptatis
1558 2639 1575 2667 ,
1611 2613 1783 2671 quam
1809 2612 1929 2651 non
1957 2593 2132 2652 modo
2159 2616 2192 2653 e
2219 2610 2320 2651 sua
2339 2634 2355 2663 ,

304 2691 405 2749 sed
429 2712 466 2749 e
489 2690 831 2767 cujusquam
859 2692 1123 2749 oratione
1153 2710 1360 2769 capere
1386 2691 1625 2769 possint.
1649 2695 1876 2748 Morem
1898 2701 2090 2748 tamen
2113 2709 2148 2747 a
2177 2709 2239 2748 se
2267 2710 2359 2768 ge-

304 2786 559 2845 rendum
584 2806 707 2845 esse
727 2805 846 2845 uon
871 2784 1047 2844 modo
1071 2786 1323 2845 Cornelii
1349 2785 1541 2859 Balbi,
1569 2785 1671 2845 sed
1694 2786 1874 2865 ipsius
1895 2785 2069 2844 etiam
2095 2786 2356 2865 Pompeii

302 2882 627 2956 voluntati,
656 2903 783 2961 cap.
818 2903 869 2941 ι.

383 2979 616 3039 Deinde
650 2980 886 3057 ¹initium
932 2980 1067 3039 facit
1111 2979 1186 3039 ab
1226 3000 1299 3039 eo
1314 3025 1332 3054 ,
1370 2980 1531 3059 qnod
1567 2982 1693 3059 ipse
1732 2994 2033 3040 accusator
2074 2981 2322 3039 fateatur
2337 3023 2353 3051 ,

304 3077 556 3136 Balbum
586 3076 665 3135 ob
698 3077 968 3135 virtutem
989 3076 1256 3136 bellicam
1282 3097 1317 3135 a
1342 3062 1620 3156 Pompeio
1648 3079 1881 3137 civitate
1907 3078 2184 3137 donatum
2208 3097 2353 3136 esse.

257 3204 263 3208 >
298 3173 487 3248 Quod
517 3186 708 3232 autem
737 3173 1048 3252 Pompeius
1079 3173 1313 3242 fecerit,
1361 3173 1424 3232 id
1461 3174 1517 3232 ei
1547 3173 1774 3231 licuisse
1803 3173 1878 3232 ab
1915 3171 2185 3231 omnibus
2217 3193 2360 3231 con-

297 3270 456 3330 cedi.
488 3273 626 3330 Non
653 3270 831 3348 igitur
856 3268 931 3327 ab
959 3264 1293 3328 accusatore
1319 3269 1536 3327 crimen
1563 3269 1800 3347 aliquod
1827 3268 2018 3342 Balbi,
2055 3269 2158 3328 sed
2194 3274 2357 3328 Pom-

296 3370 421 3448 peii
465 3368 679 3427 factum
708 3368 770 3426 in
798 3367 1077 3445 judicium
1115 3367 1352 3440 vocari;
1388 3367 1547 3447 quod
1571 3380 1763 3426 autem
1792 3368 2130 3447 Pompeium
2161 3367 2357 3426 fecisse

296 3478 565 3537 constet,
594 3464 654 3523 id
681 3485 801 3523 non
827 3467 1011 3524 solum
1039 3463 1316 3534 decuisse,
1339 3464 1442 3523 sed
1470 3466 1642 3524 etiam
1672 3464 1938 3525 debuisse
1965 3465 2105 3526 fieri.
2131 3466 2356 3524 Etenim

298 3576 492 3622 tantas
517 3561 643 3639 ejus
671 3581 795 3620 esse
820 3562 1061 3619 virtutes
1084 3605 1101 3633 ,
1129 3573 1345 3619 tantam
1373 3561 1647 3640 gloriam,
1682 3574 1896 3620 tantam
1924 3561 2320 3620 auctoritatem
2338 3606 2355 3634 ,

300 3674 362 3719 ut
396 3659 591 3737 qualis
632 3658 693 3716 in
730 3658 855 3737 ipsa
886 3657 1160 3737 religione
1203 3672 1263 3717 et
1301 3660 1494 3737 legum
1536 3673 1596 3718 et
1635 3658 1917 3727 l'oederum
1960 3657 2356 3717 conservanda

297 3757 505 3825 suerit,
527 3754 782 3814 dubitari
796 3755 960 3813 nullo
987 3754 1161 3813 modo
1179 3756 1378 3833 possit.
1405 3762 1598 3829 Quum
1627 3757 1778 3813 enim
1796 3762 2094 3814 accusator
2121 3754 2358 3812 dixisset

295 3852 600 3910 civitatem
641 3850 823 3909 Balbo
867 3850 1089 3909 homini
1134 3851 1420 3912 Gaditano
1462 3864 1664 3909 contra
1705 3850 1919 3909 foedera
1963 3849 2155 3909 datam
2196 3869 2318 3907 esse
2339 3893 2356 3921 ,

294 3949 517 4027 quaerit
549 3961 743 4006 utrum
780 3967 912 4006 eum
951 3948 1287 4007 inscientem
1328 3947 1468 4005 velit
1515 3959 1716 4005 contra
1759 3946 1975 4006 foedera
2016 3948 2247 4017 fecisse,
2283 3964 2356 4003 an

295 4048 602 4104 scientem.
652 4044 937 4103 scientem
969 4043 1185 4102 l'oedera
1211 4042 1532 4121 neglexisse
1553 4083 1571 4110 ‚
1600 4043 1702 4120 qui
1739 4042 1932 4101 dicere
1973 4041 2211 4111 audeat,
2257 4061 2360 4096 ne-
2397 4061 2412 4073 “

295 4144 523 4214 minem
549 4161 675 4200 esse
704 4142 978 4200 futurum.
1006 4146 1199 4219 Atque
1216 4141 1408 4219 ipsum
1432 4151 1820 4200 accusatorem
1846 4139 2164 4218 siguificare
2185 4140 2355 4194 Pom·
