2994 4778
674 396 1064 464 ORATIO
1114 398 1310 465 Pno
1360 402 1430 467 P.
1483 404 1882 475 sssxrlo.
2252 439 2334 510 19

228 519 384 586 Non
436 517 671 586 recito
721 515 1088 588 decretum
1143 515 1384 588 officio
1430 521 1677 617 aliquo
1720 548 2128 622 expressum
2161 536 2334 607 vici·

231 625 455 694 nitatis
478 674 500 709 ,
532 638 661 692 aut
688 624 1049 703 ‚clientelae
1070 677 1089 707 ‚
1128 641 1253 696 aut
1290 626 1584 724 hospitii
1614 632 1919 729 publici,
1958 654 2082 710 aut
2114 643 2335 716 ambi-

231 733 468 817 tionis,
515 747 643 802 aut
683 732 1323 806 commendationis
1356 741 1619 833 gratia:
1660 741 1783 812 sed
1813 747 2032 818 recito
2063 775 2330 825 memo*

226 843 391 945 riam
458 840 828 938 perfuncti
886 844 1231 939 periculi,
1287 847 1864 942 praedicationem
1925 859 2329 953 amplissimi

223 949 594 1037 beneficii,
630 952 857 1022 vicem
911 950 1128 1022 officii
1179 958 1578 1049 proesentiS,
1622 962 2115 1035 testimonium
2154 994 2332 1065 Ρη..

224 1062 411 1131 teriti
448 1063 815 1159 temporis.
856 1066 1090 1158 Atque
1129 1062 1263 1133 illis
1291 1067 1736 1163 temporibus
1773 1072 2019 1143 iisdem
2044 1130 2065 1164 ,
2106 1102 2333 1175 quum

218 1171 356 1264 jam
399 1175 723 1267 Capuam
768 1186 966 1242 metu
1004 1175 1286 1243 Sextius
1324 1173 1726 1263 liberasset;
1756 1180 2007 1253 urbem
2047 1205 2336 1262 senatus

220 1293 435 1374 atque
488 1298 743 1350 omnes
796 1278 1011 1367 boni,
1048 1279 1509 1379 deprehensis
1551 1300 1767 1381 atque
1811 1297 2169 1389 oppressis
2210 1299 2337 1370 do·

222 1390 533 1459 mesticis
569 1388 937 1474 hostibus,
973 1414 1092 1460 me
1131 1390 1353 1479 duce,
1392 1416 1478 1462 ex
1507 1396 1842 1490 periculis
1868 1404 2189 1476 maximis
2217 1433 2334 1479 ex·

221 1500 604 1569 traxissent
635 1522 651 1566 ε
688 1524 824 1596 ego
862 1498 1080 1571 literis
1117 1524 1285 1570 eum
1327 1506 1573 1599 Capua
1612 1510 1937 1577 arcessivi
1988 1535 2153 1584 cum
2207 1516 2333 1589 illo

223 1610 575 1693 exercitu,
624 1632 840 1703 quem
891 1622 1048 1678 tum
1091 1633 1335 1679 secum
1379 1607 1710 1683 habebat.
1761 1616 2042 1706 Quibus
2093 1622 2211 1695 hic
2252 1626 2334 1696 li·

222 1718 385 1787 teris
425 1716 631 1787 lectis
673 1716 763 1787 ad
799 1717 1051 1789 urbem
1102 1716 1477 1790 confestim
1534 1723 1929 1796 incredibili
1976 1731 2334 1809 celeritate

221 1824 596 1896 advolavit.
635 1829 907 1923 Atque,
944 1843 1026 1898 ut
1062 1828 1251 1898 illius
1288 1836 1632 1928 temporis
1666 1838 2106 1910 atrocitatem
2132 1854 2198 1887 ²⁰
2224 1870 2335 1916 re·

220 1936 501 2007 eordari
533 1936 843 2032 possitis,
879 1935 1117 2008 audite
1153 1936 1429 2025 literas,
1465 1954 1538 2009 et
1575 1956 1878 2013 vestram
1914 1956 2332 2024 memoriam

223 2045 307 2115 ad
355 2048 638 2116 timoris
692 2049 1034 2142 praeteriti
1103 2049 1607 2144 cogitationem
1674 2058 1995 2127 excitate.
2053 2063 2335 2135 Ltrtnffi

224 2161 639 2244 memmius,
670 2180 1021 2227 consutis.
2206 2219 2215 2227 .

310 2271 397 2337 V.
446 2267 608 2336 Hoc
649 2263 964 2336 adventu
1002 2270 1075 2335 P.
1125 2267 1376 2351 Sextii,
1422 2248 1914 2341 tribunorum·
1931 2275 2160 2370 plebis
2202 2305 2332 2351 no-

223 2384 547 2462 vorum1,
591 2375 721 2470 qui
763 2389 957 2461 tum,
1000 2375 1340 2445 extremis
1388 2373 1645 2449 diebus
1692 2382 2102 2456 consulatus
2148 2397 2336 2474 mei,

222 2508 337 2554 res
362 2509 510 2569 eas,
548 2508 732 2580 quas
758 2506 1112 2578 gesseram
1131 2538 1149 2570 ,
1179 2509 1436 2555 vexare
1474 2487 1860 2582 cupiebant
1882 2541 1901 2576 ‚
1931 2494 2337 2593 reliquique

223 2594 741 2686 conjurationis
768 2594 1119 2689 impetus²
1157 2607 1227 2663 et
1254 2609 1555 2664 conatus
1592 2611 1762 2666 sunt
1795 2600 2150 2672 retardati.
2195 2614 2336 2695 Ac,

223 2717 689 2798 posteaquam
734 2715 838 2772 est
873 2701 1313 2772 intellectum
1334 2756 1354 2789 ‚
1395 2707 1667 2774 Catone
1689 2700 1741 2792 ³,
1785 2706 2080 2780 tribuno
2109 2713 2337 2808 plebis
2371 2735 2378 2745 ·

222 2811 645 2898 fortissimo,
699 2826 917 2908 atque
970 2815 1244 2908 optimo
1292 2815 1477 2899 cive,
1532 2813 2050 2910 rempublicam
2094 2820 2336 2893 defen-

219 2920 473 3006 dente,
509 2946 641 3017 per
666 2946 744 2991 se
778 2924 1014 3017 ipsum
1046 2934 1370 2990 senatum
1404 2922 1904 3019 populumque
1932 2951 2333 3017 romanum,

220 3031 375 3101 sine
423 3029 729 3100 militum
770 3027 1099 3127 praesidio
1144 3030 1329 3099 tueri
1363 3027 1567 3101 facile
1613 3032 2052 3136 majestatem
2090 3062 2289 3109 suam
2315 3093 2335 3126 ‚

287 3259 373 3294 ao.
431 3242 573 3291 Illius
622 3241 844 3306 temporis
904 3239 1227 3289 atrocitatem.
1392 3254 1439 3285 a.
1458 3237 1740 3301 Reliquique
1756 3239 2105 3304 conjurationis
2117 3246 2334 3311 impetu,

220 3325 449 3386 ῥεια-ιιι
480 3321 735 3378 atrocitas,
770 3335 918 3382 quum
937 3322 1036 3381 Jam
1064 3319 1230 3367 dome·
1319 3319 1482 3381 Quum
1525 3315 1685 3365 adhue
1724 3319 1776 3365 in
1822 3319 1943 3367 urbe
1985 3325 2335 3385 conjurationi.

220 3403 325 3449 stiei
370 3401 539 3448 hoste·
587 3398 871 3464 deprehensi
917 3399 1230 3463 oppressique
1318 3396 1520 3443 occultae
1542 3396 1755 3460 reliquiae
1773 3413 2088 3461 superessent.

220 3483 408 3529 estem?
440 3483 546 3544 ipse
571 3495 626 3526 ee
657 3478 822 3542 paullo
849 3489 964 3542 post
991 3479 1226 3541 exponit,
1386 3477 1440 3523 3.
1502 3475 1699 3523 catone.
1742 3477 1839 3539 Qui
1881 3480 2122 3529 UtIceusis
2166 3498 2334 3548 poem

220 3574 362 3620 quum
379 3561 449 3608 ait
462 3576 477 3607 ε
496 3557 863 3608 «Tribunos-um
883 3557 953 3620 pl.
974 3572 1231 3615 novumn,
1268 3551 1273 3554 ’
1315 3553 1718 3616 cognominatus:
1739 3554 1821 3602 hic
1834 3590 1848 3616 ,
1867 3571 2015 3619 quum
2034 3560 2245 3612 audisset
2266 3568 2333 3628 Q.

220 3637 479 3703 reliquique
505 3636 859 3698 conjurationis
887 3636 1121 3698 impetus,
1146 3649 1230 3683 eo-
1315 3631 1568 3680 Metellum
1612 3632 1854 3696 Nepotem
1894 3636 2192 3688 tribunatum
2232 3660 2335 3692 esse

226 3729 447 3781 natusque
464 3715 698 3765 rem-dni
715 3724 831 3762 sunt
848 3735 890 3761 a.
1317 3713 1611 3775 petiturum,
1658 3727 1803 3775 quem
1843 3712 1905 3761 de
1940 3717 2190 3779 republica
2233 3737 2336 3771 non

292 3797 348 3844 V.
378 3813 420 3845 x.
456 3796 779 3844 Tribunatum
796 3791 952 3857 plebis
978 3808 1230 3841 novorum.
1321 3790 1503 3854 optime
1530 3788 1742 3851 cogitare
1768 3804 2068 3855 compertum
2094 3795 2334 3861 habebat,

226 3872 424 3922 Μαίης
445 3878 514 3938 Q.
540 3873 802 3924 Metellum
818 3872 1058 3934 Nepotem
1083 3872 1233 3934 sigui-
1319 3886 1381 3917 ex
1404 3869 1577 3916 itinere
1603 3869 1655 3915 iu
1682 3868 1863 3917 Urbem
1891 3871 2064 3933 rediit,
2101 3886 2155 3922 ut
2185 3878 2335 3927 tribu-

222 3948 765 4016 fioetgquiciooeonem
783 3961 1000 3998 extremo
1016 3950 1234 4000 consula·
1319 3959 1485 3995 natum
1531 3957 1745 4010 peteret,
1790 3947 2002 4012 indeque
2052 3956 2336 4015 perniciosis

220 4040 295 4077 tus
319 4030 423 4088 die,
448 4032 709 4083 concionis
734 4028 972 4077 habeudae
996 4040 1233 4093 potestate
1319 4025 1505 4074 Metelli
1526 4025 1722 4088 collegae
1741 4028 2074 4089 rogationibus
2091 4043 2176 4079 aut
2198 4050 2338 4082 coun-

215 4109 433 4169 prinvjt,
1325 4105 1453 4152 tibus
1472 4103 1741 4152 obsisteret.
1765 4106 2075 4160 Plutarchus,
2098 4110 2197 4158 alii.

2022 4219 2084 4258 2.
