2994 4778
703 426 1087 494 ORATIO
1142 428 1345 498 PRO
1399 430 1471 497 P.
1534 431 1928 500 SEXTIO.
2288 432 2382 527 89

351 553 577 621 XLIV.
639 550 830 618 Nam
872 533 1070 645 quid'
1096 571 1231 645 ego
1275 548 1365 621 de
1415 550 1618 623 aedile
1669 554 1871 648 ipso¹
1928 551 2205 649 loquar,
2251 556 2379 649 qui

255 668 447 733 etiam
484 659 690 730 diem
728 657 948 746 dixit,
985 673 1055 729 et
1088 664 1443 732 accusavit
1474 661 1567 732 de
1596 665 1666 731 vi
1693 662 2082 733 Milonem?
2122 664 2378 758 Neque

255 772 357 842 hic
403 786 662 840 tamen
717 769 865 839 ulla
918 765 1264 865 umt‘luam
1317 771 1578 866 injuria
1622 770 2043 856 adducetur,
2087 786 2168 842 ut
2208 796 2373 842 eum

245 881 354 951 tali
387 884 678 951 virtute
701 933 724 965 ,
759 892 1104 976 tantaque
1139 878 1473 952 firmitate
1505 882 1727 952 animi
1762 906 1837 951 se
1874 881 1950 950 in
1989 880 2377 977 rempubli-

238 1015 382 1060 cam
445 988 683 1060 fuisse
740 991 1094 1085 poeniteat
1137 1014 1153 1056 ε
1200 990 1368 1078 sed,
1424 993 1555 1088 qui
1613 990 1763 1061 haec
1812 987 2099 1074 vident,
2138 988 2376 1060 adole-

235 1115 520 1170 scentes
547 1154 570 1185 ,
616 1121 939 1195 quonam
984 1122 1149 1169 suas
1207 1115 1484 1172 mentes
1547 1098 1973 1172 conferent?
2033 1098 2200 1184 Ille,
2252 1100 2378 1194 qui

233 1222 724 1281 monumenta
773 1205 1060 1304 publica
1084 1216 1139 1294 ²,
1194 1213 1321 1305 qui
1369 1208 1552 1282 aedes
1605 1234 1836 1282 sacras
1857 1208 1913 1298 ³,
1958 1212 2086 1307 qui
2123 1207 2379 1279 domos

234 1320 759 1391 inimicorum⁴
809 1341 1106 1387 suorum
1157 1322 1637 1416 oppugnavit,
1682 1319 1982 1405 excidit,
2016 1317 2376 1403 incendit,

234 1434 355 1526 qui
389 1431 713 1527 stipatus
748 1450 1032 1524 semper
1071 1429 1370 1514 sicariis,
1410 1446 1657 1528 septus
1689 1430 2011 1517 armatis,
2048 1431 2375 1499 munitus

232 1537 604 1610 indicibus
622 1535 651 1581 ⁵
682 1534 815 1606 fuit
838 1590 858 1622 ‚
891 1560 1204 1632 quorum
1231 1535 1452 1610 hodie
1481 1543 1688 1637 copia
1716 1538 2108 1625 redundat,
2141 1538 2268 1635 qui
2301 1550 2373 1608 et

231 1651 695 1747 peregrinam
732 1671 1026 1718 manum
1063 1645 1631 1720 facinorosorum
1670 1652 2081 1734 concitavit,
2119 1662 2194 1718 et
2226 1671 2371 1718 ser·

231 1784 354 1831 vos
387 1758 485 1830 ad
515 1755 787 1830 caedem
817 1756 1118 1828 idoneos
1152 1760 1361 1843 emit,
1393 1773 1468 1829 et
1497 1759 1573 1828 in
1607 1758 1981 1830 tribunatu
2014 1779 2369 1828 carcerem

231 1866 520 1939 ῐοῐιιιῐι6
557 1870 637 1937 ἰη
671 1864 911 1936 forum
946 1864 1241 1953 effudit,
1271 1867 1523 1940 volitat
1552 1868 1771 1943 aedilis
1792 1923 1811 1955 ‚
1847 1881 2129 1939 accusat
2163 1891 2329 1938 eum
2353 1920 2372 1952 ‚

231 1980 352 2074 qui
391 1976 645 2073 aliqua
676 2001 765 2046 ex
792 1989 996 2073 parte
1038 1976 1191 2070 ejus
1227 1974 1543 2048 furorem
1584 1979 2056 2050 exsultantem
2088 1999 2368 2073 repres-

232 2090 335 2156 sit.
377 2089 592 2172 Hic7,
632 2088 760 2182 qui
799 2109 875 2156 se
911 2099 1016 2156 est
1047 2100 1319 2156 tutatus
1354 2088 1492 2174 sic,
1532 2103 1614 2159 ut
1648 2089 1727 2157 in
1768 2089 2038 2185 privata
2076 2111 2154 2156 re
2190 2084 2366 2157 deos

233 2211 527 2294 penates
565 2220 739 2266 suos
759 2192 815 2281 ⁸,
858 2195 935 2264 in
967 2192 1337 2292 republica
1367 2196 1534 2291 jura
1569 2197 1981 2267 tribunatus
2016 2195 2365 2293 auspicia-

236 2318 421 2404 que⁹
460 2303 922 2392 defenderet,
959 2329 1288 2376 accusare
1324 2328 1491 2377 eum
1527 2305 1926 2391 moderate,
1958 2331 1997 2377 a
2032 2330 2181 2404 quo
2212 2307 2365 2404 ipse

240 2415 501 2488 nefarie
536 2430 944 2504 accusatur,
979 2439 1111 2512 per
1148 2430 1445 2488 senat-us
1473 2418 1968 2488 auctoritatem
1987 2427 2053 2461 ¹⁰
2081 2442 2234 2487 non
2261 2430 2368 2487 est

236 2529 439 2598 situs.

297 2719 476 2767 xm.
516 2735 563 2767 ι.
602 2717 769 2766 AEdile
793 2717 912 2782 ipso.
947 2719 1021 2767 De
1054 2718 1165 2783 ipso
1196 2719 1249 2768 Ρ.

227 2797 400 2846 Clodio
428 2798 689 2846 aeditionia
715 2808 941 2856 auctore,
976 2798 1063 2861 qui
1094 2808 1150 2846 ut
1173 2797 1251 2857 iu-

226 2874 408 2923 dicim
434 2875 531 2922 sibi
558 2892 587 2923 a
612 2876 800 2924 Milone
824 2876 1041 2925 oblatum
1070 2876 1252 2939 effuge·

226 2965 324 3013 ret,
368 2955 661 3003 edilintem
702 2955 935 3020 adeptus,
979 2959 1082 3019 ipae
1123 2954 1252 3003 dlem

224 3034 347 3080 dixit
378 3033 568 3081 Miloni
585 3068 600 3091 ‚
622 3034 753 3098 quod
776 3035 1093 3098 gladiatorum
1114 3035 1252 3083 fami-

169 3159 172 3160 .
223 3111 335 3160 l‘nm
359 3124 703 3176 catapan-asaa-
724 3115 939 3178 Apparet
964 3124 1122 3162 autem
1147 3129 1253 3161 nou

216 3190 351 3249 jun-e,
373 3189 469 3238 aad
487 3189 616 3237 ferro
629 3224 643 3248 ,
660 3207 758 3238 rem
774 3202 959 3253 actam,
973 3192 1252 3255 victumque

222 3269 270 3316 in
296 3270 417 3334 ipso
440 3268 559 3316 soro
580 3269 804 3318 Uedium
818 3304 835 3330 ,
859 3269 920 3317 ab
945 3269 1253 3318 accusatione

222 3346 487 3396 «letitiae.

288 3443 340 3474 ².
384 3415 713 3473 Honumenta
747 3425 966 3490 publica.
1005 3427 1249 3475 Porticum

221 3505 380 3554 catuli
410 3504 476 3552 de
502 3504 757 3553 Cimbricis
793 3505 1034 3553 manubiis
1065 3516 1251 3554 ωπο-

223 3595 347 3631 etam
365 3598 382 3632 2
412 3600 567 3648 quam
599 3585 828 3645 Clodius,
867 3586 981 3649 quia
1013 3601 1123 3633 cum
1160 3585 1246 3634 ci·

228 3663 414 3711 monia
443 3662 598 3710 domo
622 3666 1028 3728 conjungebatur,
1061 3665 1247 3712 evertit.

299 3742 343 3788 3.
365 3742 714 3791 Edessacras.
727 3745 983 3808 Templum
999 3743 1250 3808 Nympha·

235 3833 337 3864 run
351 3835 368 3878 ς
381 3819 443 3866 de
458 3837 564 3884 quo
577 3821 681 3886 jam
699 3821 932 3870 diximua.

306 3905 355 3952 ⁴.
391 3899 724 3947 mimicorum.
763 3901 834 3948 M.
861 3900 1040 3962 Tullii,
1074 3900 1249 3963 Quinti

233 3975 410 4037 heris,
433 3978 656 4026 Milonis.

299 4056 348 4102 5.
381 4056 655 4105 Indicibus.
685 4057 905 4106 Lambin.
943 4057 1045 4106 sine
1087 4058 1245 4118 libris,

229 4133 510 4185 audacibus.
533 4137 582 4185 J.
603 4139 669 4186 V.
701 4139 760 4183 1..
948 4151 955 4160 ·

1409 2720 1461 2766 6.
1488 2719 1739 2768 &merem
1763 2729 1930 2768 totum.
1958 2717 2193 2765 Homines
2213 2716 2363 2765 auda-

1336 2796 1410 2845 cia
1436 2797 1655 2862 perditos
1682 2797 1885 2848 Clodius
1906 2798 1959 2844 iu
1982 2796 2234 2845 tribunatu
2261 2811 2370 2844 car-

1337 2877 1528 2925 ceribus
1568 2877 1789 2926 liberavit
1836 2891 1850 2927 ε

1340 2955 1513 3004 Cicero
1531 2989 1546 3015 ,
1571 2972 1720 3020 quum
1753 2955 1907 3014 dixit,
1938 2956 2100 3005 «cam
2124 2955 2304 3003 sicariis
2335 2973 2363 3003 e

1338 3050 1529 3082 carcere
1554 3035 1737 3083 emiuia
1757 3058 1802 3083 a.

1410 3129 1457 3173 ⁰7.
1482 3112 1588 3163 Hic.
1616 3114 1762 3162 Milo.

1411 3192 1462 3238 8.
1502 3192 1627 3238 Deos
1659 3201 1880 3254 penates.
1918 3192 2131 3238 Domum
2165 3203 2300 3237 auam
2337 3205 2363 3236 a

1336 3268 1518 3318 Clodio
1540 3279 1885 3334 oppugnatam.

1408 3365 1462 3411 9.
1474 3347 1713 3413 Auspicia
1719 3365 1830 3413 que.
1842 3348 2024 3398 Contra
2038 3363 2147 3411 (με
2160 3347 2368 3398 Clodius·

1335 3426 1505 3476 haberi
1546 3428 1740 3477 comitia
1767 3428 1964 3476 aedilitia
1990 3427 2233 3488 voluerat,
2260 3428 2363 3476 Mi-

1335 3506 1448 3556 lone
1472 3508 1723 3556 reaiatente
1749 3520 1763 3556 ε
1791 3507 1937 3571 epist.
1979 3507 2008 3552 3
2024 3540 2040 3565 ,
2066 3506 2155 3554 lib.
2182 3508 2271 3567 IV,
2296 3507 2359 3555 ad

1336 3584 1575 3633 Atticum.

1410 3679 1490 3711 ro.
1515 3665 1815 3711 Personam
1832 3651 2187 3712 auctoritatem.
2214 3665 2363 3732 Sena-

1335 3752 1494 3791 torum
1539 3743 1791 3796 aententiis
1836 3753 1909 3791 eat
1958 3741 2238 3801 decretum,
2295 3759 2360 3790 ne

1335 3837 1525 3869 causam
1569 3822 1705 3885 priua
1751 3821 1960 3882 diceret,
2003 3837 2151 3885 quam
2192 3821 2360 3871 habita

1336 3900 1536 3947 comitia
1580 3911 1737 3948 essent
1764 3915 1778 3947 ε
1809 3901 1987 3964 quibua
2012 3917 2163 3965 quum
2204 3901 2358 3949 edilia

1340 3989 1465 4026 eaaet
1503 3978 1709 4028 Clodiua
1745 3979 2051 4045 designatus,
2093 3982 2360 4029 institutam

1335 4061 1690 4111 accusationem
1724 4062 1849 4112 Milo
1882 4066 2102 4128 persequi
2136 4079 2235 4111 uon
2266 4075 2358 4122 po-

1333 4140 1443 4188 mit.

1901 2892 2026 2941 quoa
2076 2874 2363 2939 significavit
2465 2876 2482 2889 “
