2994 4778
719 424 1107 492 ORATIO
1156 425 1355 492 PRO
1402 425 1475 490 P.
1533 425 1930 494 SEXTIO.
2284 423 2372 521 57

250 545 557 619 cerdotio
625 558 741 616 est
764 600 785 633 ,
844 542 1240 640 fanumque
1289 546 1896 616 sanctissimarum
1936 550 2154 643 atque
2195 551 2378 618 anti-

252 660 766 754 quissimarum
825 654 1250 749 religionum
1307 653 1685 725 venditum
1740 657 2042 751 pecunia
2088 654 2378 750 grandi,

249 769 616 863 Brogitaro
641 769 698 855 ⁴,
751 768 1042 863 impuro
1069 763 1401 866 homini,
1444 779 1662 861 atque
1705 762 2008 860 indigno
2056 764 2170 833 illa
2212 763 2378 836 reli-

244 881 455 973 gione
479 931 502 964 ,
550 879 958 976 praesertim
996 900 1222 972 quum
1260 900 1342 946 ea
1375 874 1512 947 sibi
1554 876 1671 946 ille
1702 900 1856 946 non
1892 875 2211 963 colendi,
2253 876 2379 948 sed

247 987 569 1057 violandi
620 1010 841 1057 causa
886 989 1317 1083 appetisset;
1356 985 1689 1083 appellati
1734 1008 1937 1081 reges
1980 1010 2024 1056 a
2071 986 2378 1083 popu10,

245 1101 365 1193 qui
402 1096 486 1166 id
526 1120 934 1193 numquam
976 1119 1069 1166 ne
1113 1119 1153 1166 a
1197 1110 1447 1166 senatu
1484 1093 1825 1192 quidem⁵
1860 1096 2382 1192 postulassent;

246 1206 533 1277 reducti
578 1203 908 1277 exsules⁶
942 1207 1363 1302 Byzantium
1396 1205 1850 1277 condemnati
1889 1221 2044 1277 tum
2063 1218 2114 1294 ⁷,
2158 1230 2410 1303 quum.

250 1316 657 1388 indemnati
712 1319 901 1387 cives
960 1341 1000 1387 e
1055 1316 1335 1387 civitate
1386 1314 1882 1411 ejiciebantur.
1942 1321 2095 1387 Rex
2149 1314 2383 1386 Ptole-

251 1451 471 1497 maeus
492 1423 553 1515 ⁸,
594 1429 761 1524 qui,
800 1430 862 1497 si
894 1425 1218 1497 nondum
1258 1439 1409 1497 erat
1445 1427 1597 1523 ipse
1630 1449 1670 1496 a
1702 1440 1956 1497 senatu
1990 1427 2225 1497 socius
2264 1448 2387 1522 ap-

251 1535 601 1631 pellatus»,
652 1548 803 1606 erat
851 1550 1087 1606 tamen
1144 1533 1364 1606 frater
1418 1536 1575 1631 ejus
1624 1537 1809 1632 regis
1827 1545 1884 1623 9,
1938 1537 2106 1633 qui,
2153 1560 2379 1631 quum

252 1661 432 1716 aeset
494 1647 573 1715 in
632 1644 884 1716 eadem
944 1669 1153 1716 causa
1178 1699 1198 1732 ,
1247 1647 1396 1740 jam
1452 1659 1602 1715 erat
1647 1669 1689 1715 a
1735 1660 1986 1715 senatu
2025 1646 2380 1717 honorem

252 1757 471 1824 istum
526 1768 1056 1851 consequutus;
1097 1770 1249 1826 erat
1299 1754 1553 1826 eodem
1591 1779 1889 1853 genere,
1934 1755 2183 1827 iisdem
2233 1780 2381 1827 ma-

244 1863 567 1957 joribus»,
609 1862 858 1934 eadem
896 1878 1247 1935 vetustate
1279 1866 1669 1953 societatis3
1701 1864 2013 1961 denique
2042 1879 2193 1937 erat
2222 1890 2381 1951 rex,

248 1976 306 2044 si
345 1972 688 2045 nondum
732 1978 1004 2060 sociuS‚
1047 1989 1119 2044 at
1168 1999 1317 2044 non
1369 1973 1632 2062 hostis3
1677 1989 2018 2073 pacatuS,
2049 1974 2375 2070 quietuS‚

250 2082 479 2155 {retus
527 2084 833 2180 imperio
886 2084 1143 2182 populi
1184 2085 1502 2173 romani,
1543 2109 1770 2181 regno
1822 2097 2123 2181 paterno
2160 2098 2378 2180 atque

254 2198 485 2281 avito,
533 2193 759 2288 regali
808 2195 961 2263 otio
1009 2193 1561 2291 perfruebatur:
1610 2194 1700 2266 de
1754 2194 1894 2265 hoc
1943 2186 2125 2265 nihil
2182 2194 2378 2290 cogi-

256 2318 487 2387 tante,
540 2302 727 2373 nihil
776 2304 1224 2402 suspicante,
1275 2302 1540 2376 eisdem
1590 2306 1828 2402 operis
1853 2314 1913 2348 ¹⁰
1966 2301 2382 2398 suffragium

259 2412 661 2485 ferentibus
681 2469 701 2500 ‚
742 2428 849 2485 est
891 2428 1220 2512 rogatum
1243 2470 1262 2501 ,
1300 2428 1385 2485 ut
1426 2413 1682 2485 sedens
1714 2439 1879 2485 cum
1910 2437 2234 2512 purpura
2255 2467 2273 2499 ,
2311 2427 2384 2485 et

260 2538 539 2621 sceptro
562 2578 584 2611 ,
641 2537 731 2598 et„
769 2522 919 2594 iuis-
959 2522 1362 2622 insignibus
1408 2525 1622 2620 regiis
1644 2577 1663 2611 ,
1723 2515 2032 2621 praeconi
2087 2522 2379 2622 publico

257 2632 777 2729 subjicet-etun
808 2647 879 2705 et
903 2636 1298 2731 imperante
1329 2633 1607 2733 populo
1633 2657 1937 2704 romano
1957 2687 1977 2721 ,
2012 2635 2139 2729 qui
2167 2634 2382 2703 etiam

320 2894 371 2941 4.
398 2883 678 2949 Brogitaro.
704 2884 1003 2947 Gallograeco
1019 2919 1033 2943 ‚
1057 2884 1275 2945 Deiotari

252 2963 372 3027 περὶ
417 2978 604 3027 genero
635 2979 648 3012 :
699 2963 810 3011 vide
851 2963 912 3011 de
950 2965 1274 3028 Haruspicum

251 3042 518 3105 responsis.

320 3122 375 3169 ⁵.
423 3120 508 3168 Ne
546 3137 580 3167 a
618 3132 791 3169 senatu
838 3113 1051 3185 quidem.
1095 3122 1212 3170 Non
1246 3137 1273 3168 a

250 3199 442 3265 populo
460 3233 480 3258 ,
515 3198 602 3247 aed
633 3216 660 3247 a
691 3211 859 3248 aenatu
890 3217 1024 3265 reges
1061 3201 1275 3266 appella·

250 3279 428 3326 bantur
448 3293 464 3326 :
500 3280 708 3341 primum
740 3278 888 3342 igitur
924 3281 975 3326 in
1011 3296 1071 3327 eo
1106 3289 1276 3344 peccat

248 3358 487 3414 Clodius,
529 3357 668 3421 quod
708 3374 840 3422 reges
879 3375 966 3422 per
1003 3358 1240 3423 populum
1258 3394 1274 3419 ‚

251 3454 348 3485 non
386 3453 481 3502 per
511 3449 732 3485 acuatum
770 3437 1010 3503 appellen
1073 3437 1274 3496 deinde,

252 3516 384 3580 quod
413 3532 503 3563 eoa
528 3515 763 3579 appellat,
792 3519 877 3580 qui
903 3516 955 3563 id
984 3532 1270 3579 numquam,

254 3611 347 3641 uon
374 3594 532 3643 modo
556 3612 586 3641 a
613 3595 829 3658 populo,
858 3594 944 3642 aed
973 3611 1034 3642 nc
1052 3599 1084 3642 'a
1107 3605 1275 3642 senatu

258 3674 445 3736 quidem
473 3673 803 3737 postularint:
835 3675 948 3721 satis
970 3684 1127 3722 autem
1157 3689 1275 3720 con·

262 3763 373 3812 aaz,
393 3753 502 3799 hac
531 3752 697 3799 omnia
724 3750 1013 3815 significari,
1040 3769 1069 3799 a
1094 3751 1274 3801 Clodio

266 3831 469 3877 mercede
485 3843 536 3878 et
559 3831 720 3894 pretio
738 3848 839 3878 esse
858 3832 996 3879 sacta.

335 3909 380 3956 6.
402 3910 620 3957 lambio.
651 3908 823 3956 suadet
840 3910 1022 3972 legere,
1047 3931 1072 3950 κ
1092 3909 1273 3957 conde-

262 3987 407 4034 mnati
424 3989 611 4036 mule·
630 3986 921 4052 Byzantium
939 3986 1125 4035 reducti
1146 3999 1245 4035 tum
1259 4022 1273 4045 ‚

261 4079 542 4129 quum,etc.
566 4089 592 4108 a·
620 4069 675 4114 J.
696 4069 763 4114 V.
790 4069 842 4113 1..

330 4162 355 4206 7
366 4181 378 4193 .
397 4143 738 4194 Condemnaei.
754 4143 909 4191 Nimis
927 4144 1118 4206 injuste,
1133 4144 1276 4192 nimis

1362 2884 1610 2946 tyrannice
1638 2884 1737 2947 agit
1759 2883 1995 2933 Clodius:
2021 2885 2231 2945 exsules,
2259 2884 2379 2950 legi-

1358 2961 1450 3010 bus
1466 2962 1837 3023 condemnatos,
1854 2964 2070 3023 reducit;
2095 2965 2226 3013 civea
2244 2965 2380 3025 ejicit

1360 3041 1680 3091 indemnatos.
2085 3051 2095 3058 “

1433 3122 1481 3168 8.
1526 3122 1634 3167 Rex
1673 3121 1976 3184 Ptolemaeus.
2024 3122 2101 3167 De
2142 3130 2244 3168 tota
2288 3120 2381 3168 hac

1361 3196 1576 3243 historie
1593 3207 1729 3260 parte
1747 3197 1859 3245 vide
1877 3197 2017 3260 plura
2034 3197 2086 3243 in
2104 3197 2382 3261 fragmentis

1364 3274 1424 3322 de
1440 3276 1563 3339 Reg.
1579 3275 1817 3323 Alexand.
1838 3286 1887 3324 et
1902 3293 1955 3323 ea
1974 3292 2082 3340 qun
2093 3292 2188 3340 pro
2203 3278 2381 3336 Domo,

1361 3370 1469 3419 cap.
1500 3370 1595 3413 20,
1629 3366 1676 3403 et
1704 3371 1795 3420 pro
1819 3353 1981 3404 Rabir.
2009 3356 2257 3405 Posthum.
2278 3358 2377 3417 jam

1361 3433 1621 3498 attigimus.
1647 3436 1871 3484 Ceterum
1883 3436 2129 3485 Ernestiua
2147 3454 2258 3484 cum
2275 3438 2384 3485 Ma-

1361 3515 1501 3562 nutio
1538 3512 1844 3564 ἀνακόλουθον
1892 3531 1994 3564 esse
2050 3516 2100 3564 h.
2139 3515 2176 3567 l.
2220 3527 2382 3580 putat,

1361 3594 1496 3656 quasi
1548 3611 1650 3642 non
1688 3595 1951 3643 cohaereret
2000 3616 2025 3637 «ι
2054 3597 2162 3643 Rex
2214 3597 2377 3644 Ptole-

1362 3688 1532 3721 maeua.
1555 3708 1568 3720 .
1589 3708 1601 3721 .
1634 3684 1854 3738 pacatus.
1877 3710 1890 3722 .
1912 3708 1926 3720 .
1958 3675 2103 3738 regali
2133 3676 2238 3722 otio
2271 3691 2379 3739 per-

1363 3749 1611 3798 imebatur
1634 3771 1677 3797 a.

1433 3847 1487 3892 9.
1511 3832 1684 3877 Frater
1701 3830 1803 3894 ejus
1822 3829 1970 3895 regis.
1994 3830 2237 3879 Ptolemaei
2256 3832 2381 3896 regia

1364 3908 1698 3958 Alexandrini.

1438 4003 1520 4037 ιο.
1552 3987 1745 4035 Eisdem
1768 3987 1936 4052 operit.
1971 3990 2185 4051 Quarum
2209 3989 2382 4036 suflra-

1362 4067 1446 4131 gio
1467 4077 1518 4115 et
1543 4067 1659 4116 alias
1679 4067 1999 4131 iniquissima
2020 4068 2150 4132 leges
2175 4066 2376 4114 Clodius

1361 4146 1641 4213 pertulerat.
