2994 4778
612 466 746 538 170
1288 440 1939 511 ARGUMENTU
1957 441 2051 509 Μ.

673 562 892 621 videris
920 580 1041 620 esse
1058 604 1074 633 ,
1100 559 1258 636 quod
1285 573 1344 620 et
1373 561 1564 620 bonus
1592 562 1731 620 civis
1760 574 1819 620 et
1854 560 2043 621 bonus
2081 561 2301 620 amicus
2327 579 2389 619 es
2417 586 2462 622 ι.
2504 562 2730 622 Deinde

677 669 893 717 mutata
926 658 1207 717 sententia
1236 658 1475 718 Caesaris
1503 656 1575 715 ad
1606 670 1801 736 partes
1834 657 2075 716 transiit.
2108 662 2196 716 Ex
2231 677 2352 735 quo
2387 658 2538 717 illud
2570 661 2732 719 Cice-

674 756 834 815 ronis
869 756 929 815 in
969 761 1188 816 Bruto:
1233 755 1384 814 -flie
1419 775 1601 833 quum
1645 775 1867 816 summa
1892 756 2192 815 voluntate
2224 756 2520 815 bonorum
2551 758 2732 817 aedilis

674 854 890 914 curulis
936 855 1120 913 factus
1165 866 1345 925 esset,
1383 854 1579 913 nescio
1615 853 1914 931 quomodo
1953 854 2208 913 discessu
2238 875 2370 914 meo
2401 855 2670 915 discessit
2698 877 2731 916 a

671 970 824 1024 sese,
854 950 1178 1029 ceciditque
1205 958 1407 1028 postea
1439 970 1616 1029 quam
1643 971 1744 1010 eos
1773 951 1989 1009 imitari
2017 951 2227 1031 coepit,
2257 971 2407 1029 quos
2437 952 2569 1030 ipse
2595 973 2731 1031 per-

669 1062 923 1109 verterat
941 1075 983 1107 n.
1021 1048 1354 1108 Profectum
1392 1050 1464 1109 ad
1492 1055 1781 1110 Caesarem
1807 1069 1940 1109 cum
1967 1052 2031 1110 C.
2062 1050 2318 1110 Curione
2336 1093 2352 1120 ,
2396 1063 2464 1108 ut
2492 1070 2630 1109 eum
2657 1052 2729 1111 ad

668 1144 888 1206 bellum
914 1147 1082 1205 civile
1112 1146 1415 1216 incitaret,
1439 1148 1671 1226 scripsit
1698 1147 1811 1206 Dio
1838 1147 1942 1206 lib.
1962 1150 2120 1207 xm.
2156 1150 2405 1206 Demum
2441 1168 2476 1206 a
2502 1153 2729 1208 (ἔπειτα

666 1244 795 1322 ipso
820 1242 1091 1316 descivit3
1122 1244 1300 1322 idque
1327 1261 1508 1322 quum
1532 1245 1657 1323 ipse
1683 1244 1939 1303 declarat
1964 1248 2114 1324 Epp.
2143 1244 2262 1303 Cic.
2286 1246 2433 1303 vm
2460 1246 2569 1303 ult.
2609 1259 2729 1305 tum

668 1358 810 1399 vero
832 1339 1085 1398 Velleius
1106 1338 1199 1397 his
1223 1339 1453 1398 verbis:
1483 1340 1727 1399 «Accito
1761 1340 1951 1399 Annio
1977 1340 2200 1399 Milone
2219 1383 2236 1413 ‚
2268 1340 2369 1418 qui
2397 1360 2518 1398 nou
2542 1341 2730 1420 impe-

669 1447 819 1494 trato
851 1435 1046 1495 reditu
1072 1436 1314 1496 Julianis
1340 1436 1604 1516 partibus
1641 1437 1884 1496 infestus
1912 1450 2065 1508 erat,
2099 1437 2159 1495 in
2180 1435 2327 1494 urbe
2346 1436 2726 1511 seditionem,

666 1544 766 1591 aut
796 1533 977 1612 magis
1008 1533 1241 1592 occulte
1259 1532 1533 1591 bellicum
1557 1533 1868 1591 tumultum
1894 1542 2152 1603 movens,
2185 1533 2380 1610 primo
2404 1546 2728 1592 summotus

667 1647 701 1687 a
724 1627 1022 1707 republica
1036 1672 1052 1701 ‚
1070 1649 1219 1688 mox
1237 1629 1637 1690 consularibus
1655 1631 1829 1689 armis
1854 1642 2094 1688 auctore
2113 1643 2314 1688 senatu
2339 1631 2491 1687 circa
2514 1633 2728 1690 Turius

668 1744 984 1805 oppressus
1018 1738 1107 1784 est
1125 1752 1168 1788 ι.
1202 1727 1393 1784 Caesar
1430 1738 1626 1785 autem
1667 1726 2002 1804 planissime
2039 1724 2141 1784 lib.
2179 1729 2269 1784 111
2318 1725 2392 1784 de
2432 1728 2577 1784 Bell.
2607 1730 2724 1785 Civ.

666 1841 793 1900 cap.
820 1840 928 1894 ao,
956 1840 1060 1901 αις
1089 1846 1115 1874 α
1134 1822 1347 1882 Iisdem
1381 1822 1744 1902 temporibus
1772 1826 1974 1883 Romae
2014 1825 2098 1880 M,
2126 1823 2338 1880 Coelius
2358 1822 2549 1881 Rufus
2571 1842 2724 1901 prae-

668 1932 782 1993 tor,
808 1939 978 1978 causa
1006 1918 1336 1980 debitorum
1368 1934 1666 2000 suscepta,
1692 1920 1860 1979 initio
1886 1920 2249 1997 magistratus
2273 1919 2532 1979 tribunal
2557 1940 2724 1979 suum

667 2015 835 2095 juxta
857 2016 1216 2080 C.Trebonii
1232 2059 1250 2087 ‚
1278 2018 1546 2095 praetoris
1570 2016 1815 2088 urbani,
1847 2017 2043 2075 sellam
2064 2016 2410 2089 collocavit;
2438 2029 2499 2075 et
2525 2018 2727 2094 siquis

668 2112 1014 2191 appellasset
1043 2111 1116 2172 de
1134 2114 1514 2173 aestimatione
1529 2162 1546 2189 ‚
1574 2127 1633 2172 et
1659 2113 1731 2172 de
1752 2113 2138 2172 solutionibus
2159 2133 2290 2191 quae
2312 2131 2420 2190 per
2441 2112 2723 2172 arbitrum

668 2210 902 2282 flerent,
929 2224 994 2270 ut
1022 2212 1215 2271 (Ζῶσαι
1239 2214 1495 2289 pra-,sens
1531 2213 1941 2283 constituerat,
1996 2211 2121 2269 fore
2162 2210 2379 2268 auxilio
2413 2209 2727 2289 polliceba-

668 2317 763 2365 tur
777 2332 821 2364 ι.
856 2306 951 2366 Ab
974 2306 1088 2367 hoc
1112 2310 1404 2389 profectus
1424 2302 1592 2367 initio
1613 2352 1629 2380 ,
1655 2329 1728 2366 ne
1758 2308 1976 2366 frustra
2007 2308 2294 2385 ingressus
2326 2319 2556 2385 turpem
2582 2328 2728 2366 cau-

670 2424 791 2463 sam
812 2401 1128 2479 videretur,
1161 2406 1343 2484 legem
1371 2406 1794 2484 promulgavit,
1821 2408 1888 2462 ut
1911 2424 2011 2463 sex
2034 2404 2412 2482 pensionibus
2440 2406 2570 2463 sine
2595 2426 2730 2464 usu·

668 2501 748 2560 ris
771 2498 1005 2560 creditae
1026 2501 1285 2580 pecuniae
1313 2503 1630 2560 solvantur.
1655 2506 1848 2573 Quum
1875 2499 2168 2559 resisteret
2195 2501 2468 2559 Servilius
2503 2504 2729 2576 consul,

665 2596 992 2677 reliquique
1020 2599 1386 2677 magistratus
1405 2642 1421 2667 ,
1448 2610 1508 2656 et
1535 2598 1721 2655 minus
1750 2597 2025 2675 opinione
2060 2617 2163 2655 sua
2192 2598 2474 2668 efficeret,
2505 2596 2582 2656 ad
2616 2601 2731 2656 bo-

667 2696 888 2755 minum
933 2695 1239 2755 excitanda
1290 2695 1510 2766 studia,
1553 2692 1782 2752 sublata
1825 2694 2025 2772 priore
2065 2694 2221 2772 lege,
2270 2693 2413 2753 duas
2461 2697 2732 2772 promul-

669 2794 856 2871 gavit,
887 2818 913 2846 α
930 2814 1103 2851 unam
1127 2812 1242 2869 qua
1264 2791 1559 2850 mercedes
1578 2789 2004 2850 habitationum
2030 2810 2248 2849 annuas
2267 2791 2731 2851 conductoribus

673 2887 944 2960 donavit3
977 2888 1214 2947 alteram
1243 2885 1573 2945 tabularum
1615 2906 1931 2957 novarum3
1969 2886 2307 2964 impetuque
2336 2888 2729 2948 multitudinis

668 2984 729 3041 in
760 2983 825 3043 C.
853 2981 1211 3042 Trebonium
1239 2984 1419 3056 facto,
1450 2996 1509 3041 ct
1548 2982 1843 3040 nonnullis
1872 2980 2223 3054 vulneratis,
2255 3003 2390 3041 eum
2429 2984 2506 3042 de
2546 2984 2726 3043 tribu·

666 3079 785 3140 nali
813 3081 1199 3160 perturbavit.
1245 3085 1334 3141 De
1361 3079 1574 3159 quibus
1599 3078 1773 3137 rebus
1803 3079 2082 3139 Servilius
2108 3081 2311 3138 consul
2348 3080 2423 3138 ad
2461 3095 2725 3140 senatum

670 3177 899 3249 retulit3
924 3189 1268 3260 senatusque
1296 3177 1539 3236 Coelium
1576 3172 1651 3233 ab
1683 3173 1987 3252 republica
2025 3175 2441 3233 removendum
2482 3178 2724 3237 censuit.

664 3270 795 3334 Hoc
822 3273 1056 3333 decreto
1085 3295 1216 3333 eum
1246 3275 1447 3334 consul
1478 3285 1678 3333 senatu
1705 3259 2039 3350 prohibuit,
2061 3285 2119 3329 et
2142 3273 2478 3331 concionari
2503 3294 2727 3332 conan-

669 3382 784 3428 tem
825 3369 899 3429 de
937 3373 1160 3429 Rostris
1196 3370 1455 3430 deduxit.
1501 3369 1636 3442 Ille,
1678 3370 1996 3447 ignominia
2041 3383 2100 3427 et
2145 3368 2349 3427 dolore
2396 3387 2731 3448 permota-5,

669 3465 860 3542 palam
896 3485 958 3524 se
987 3465 1271 3543 proficisci
1306 3464 1378 3523 ad
1411 3469 1693 3523 Caesarem
1729 3465 2052 3532 simulavit,
2077 3465 2224 3524 elam
2253 3466 2471 3526 nuntiis
2499 3468 2575 3526 ad
2603 3470 2730 3528 Mi-

668 3563 861 3620 lonem
886 3562 1089 3633 missis,
1105 3563 1204 3640 qui
1222 3605 1238 3629 ‚
1267 3561 1474 3620 Clodio
1502 3562 1809 3621 interfecto
1827 3607 1842 3634 ‚
1873 3582 1943 3620 eo
1969 3563 2203 3621 nomine
2232 3575 2356 3621 erat
2387 3561 2735 3638 damnatus,

669 3671 842 3736 atque
874 3678 945 3716 eo
975 3655 1036 3715 in
1058 3658 1283 3716 Italiam
1307 3670 1609 3728 revocato,
1645 3658 1842 3735 quod,·
1888 3659 2108 3736 magnis
2152 3658 2494 3719 muneribus
2540 3662 2692 3721 datis
2713 3707 2737 3737 ‚

667 3751 1024 3835 gladiatoriae
1053 3753 1279 3813 samiliae
1300 3753 1573 3832 reliquias
1596 3753 1876 3827 habebat,
1901 3754 2010 3813 sibi
2034 3754 2335 3832 conjunxit
2356 3781 2399 3815 υ.

747 3880 770 3902 ι
788 3856 879 3911 De
908 3849 1072 3911 obitu
1103 3843 1268 3913 Coelii
1296 3853 1377 3911 sic
1406 3851 1559 3911 idem
1583 3855 1792 3921 Caesar,
1829 3871 1879 3910 c.
1906 3872 1978 3910 22
2006 3875 2021 3910 z
2072 3878 2097 3906 ιι
2121 3853 2366 3924 Coelius,
2392 3856 2738 3933 profectu5‚

669 3963 734 4008 ut
760 3948 1063 4007 dictitabat
1083 3994 1099 4022 ‚
1146 3947 1219 4009 ad
1257 3954 1540 4011 Caesarem
1569 3950 1839 4029 pervenit
1863 3952 2090 4008 Turios.
2116 3949 2202 4008 lbi
2229 3969 2410 4027 quum
2440 3954 2740 4029 quosdam

666 4045 789 4125 ejus
833 4043 1131 4126 municipii
1174 4047 1507 4106 sollicitaret
1556 4045 1963 4125 equitibusque
2012 4048 2251 4107 Caesaris
2299 4049 2506 4107 Gauiis
2551 4064 2740 4128 atque

658 4137 939 4225 'Hispanis
962 4186 979 4220 ,
1012 4144 1114 4224 qui
1143 4165 1214 4204 eo
1242 4141 1492 4223 praesidii
1527 4163 1698 4203 causa
1732 4145 1888 4204 missi
1915 4157 2114 4217 erant,
2141 4145 2446 4222 pecuniam
2482 4149 2736 4226 pollicc-
