2994 4778
640 434 730 526 78
1272 430 1371 498 M.
1418 430 1495 499 T.
1549 431 2104 503 clcssnoms

636 552 888 649 spiritu
941 572 1369 646 exsanguem
1417 564 1489 621 et
1532 548 1937 623 confectum
1988 552 2351 639 viderent;
2404 553 2742 653 defatiga-

635 663 832 732 tione
876 661 1091 757 magis
1134 674 1206 729 et
1238 684 1481 731 errore
1510 657 1563 746 ⁵,
1607 686 1822 757 quam
1863 664 2338 734 misericordia
2373 681 2444 735 et
2477 667 2735 752 modo,

634 769 1019 866 aliquando
1068 767 1333 839 caedere
1378 767 1824 842 destiterunt.
1887 775 1973 841 Et
2026 796 2306 842 causam
2349 773 2522 843 dicit
2560 780 2740 845 Sex-

637 881 775 950 tius
802 878 891 950 de
919 879 1030 949 vi?
1058 877 1249 966 Quid
1279 877 1419 947 ita?
1459 883 1628 975 quia
1671 881 1864 949 vivit.
1913 884 2002 950 At
2037 880 2108 949 id
2153 905 2302 950 non
2345 906 2476 951 sua
2511 883 2745 980 culpa.

635 989 840 1086 Plaga
872 1012 1014 1058 una
1045 987 1162 1055 illa
1198 1001 1513 1056 extrema
1559 986 1784 1058 defuit
1815 1015 1831 1057 ε
1873 1014 2030 1085 quae
2063 990 2116 1057 si
2156 991 2602 1075 accessisset,
2636 1013 2751 1060 re·

635 1099 914 1197 liquum
950 1098 1274 1195 spiritum
1317 1096 1774 1167 exhausisset.
1806 1101 2070 1168 Accusa
2098 1096 2510 1168 Lentidium
2545 1125 2562 1168 ε
2599 1123 2751 1168 non

640 1211 985 1307 percussit
1046 1203 1353 1276 locumss.
1411 1206 1815 1278 Maledicito
1872 1205 2195 1293 samnio,
2245 1206 2521 1277 homini
2578 1212 2753 1278 Rea·
2801 1232 2804 1243 ¹

640 1322 839 1405 tin0,
887 1341 1013 1386 cur
1064 1330 1208 1386 tam
1267 1317 1574 1413 tempori
1631 1316 2044 1388 exclamarit
2102 1318 2435 1386 occisum.
2502 1322 2751 1413 Ipsum

638 1453 809 1499 vero
836 1427 1028 1522 'quid
1069 1425 1400 1496 accusas?
1457 1450 1631 1496 num
1687 1423 1914 1497 defuit
1964 1424 2261 1522 gladiis?
2304 1450 2482 1495 num
2529 1451 2754 1524 repu-

637 1535 922 1632 gnavit?
970 1558 1181 1622 num,
1241 1548 1323 1604 ut
1375 1533 1929 1628 gladiatoribus⁷
1967 1536 2297 1632 imperari
2338 1536 2557 1623 solet,
2611 1536 2751 1607 fer·

637 1670 797 1716 rum
843 1668 992 1715 non
1038 1637 1423 1740 recepit⁸?·

732 1757 1117 1824 XXXVIII.
1170 1755 1274 1821 An
1320 1750 1466 1823 haec
1516 1754 1669 1849 ipsa
1707 1755 1811 1824 vis
1849 1767 1991 1838 est,
2037 1776 2187 1823 non
2230 1777 2440 1849 posse
2475 1755 2755 1824 emori?

640 1888 729 1933 an
773 1863 927 1947 illa,
966 1860 1164 1959 quod
1206 1859 1541 1932 tribunus
1587 1861 1817 1960 plebis
1858 1862 2207 1960 templum
2234 1871 2256 1905 ¹
2304 1865 2754 1936 cruentavit?

639 1996 767 2056 an,
798 1966 1290 2068 quod‚'quum
1333 1981 1518 2040 esset
1557 1970 1868 2056 ablatuS,
1911 1974 2368 2069 primumque
2409 1974 2754 2070 resipuis-

642 2094 748 2151 set
769 2090 825 2166 2,
866 2105 1018 2149 non
1048 2104 1121 2150 se
1164 2077 1412 2150 referri
1445 2080 1699 2175 jussit?
1731 2080 1871 2151 Ubi
1904 2095 2009 2151 est
2052 2083 2360 2167 crimen,
2400 2081 2603 2177 quod
2638 2108 2753 2154 re—

640 2187 1123 2286 prehenditis?
1168 2188 1296 2257 Hic
1336 2200 1613 2283 quaero,
1649 2188 1958 2284 judiceS,
1999 2191 2055 2259 si
2091 2189 2212 2260 illo
2255 2190 2369 2261 die
2404 2217 2580 2287 gens
2618 2196 2755 2264 ista

638 2297 887 2370 Clodia
912 2295 964 2383 ³,
1002 2296 1198 2394 quod
1242 2295 1468 2368 facere
1507 2296 1771 2384 voluit,
1822 2297 2203 2385 effecisset;
2236 2302 2293 2369 si
2329 2306 2398 2370 P.
2432 2305 2750 2392 Sextius,

638 2411 769 2507 qui
805 2434 938 2506 pro
975 2410 1212 2479 occiso
1242 2409 1536 2479 'relictus
1565 2423 1708 2493 est,
1747 2412 2022 2480 occisus
2050 2426 2266 2498 esset3
2304 2409 2630 2483 fuistisne
2662 2412 2755 2485 ad

636 2543 832 2590 arma
870 2519 1086 2590 ituri?
1123 2516 1450 2589 fuistisne
1487 2542 1615 2588 vos
1657 2517 1746 2588 ad
1787 2521 2093 2615 patrium
2141 2517 2341 2589 illum
2384 2522 2708 2591 animum
2733 2575 2756 2609 ,

635 2631 1131 2725 majorumque
1156 2625 1539 2698 virtutem⁴
1569 2628 1975 2698 excitaturi?
2003 2624 2327 2698 fuistisne
2359 2628 2752 2724 aliquando

705 2788 752 2834 5.
776 2789 962 2834 Rem-e.
988 2786 1114 2848 Quia
1139 2796 1381 2833 mortuum
1404 2796 1644 2849 putarent.

703 2866 752 2912 6.
775 2868 965 2911 Locum.
987 2866 1142 2924 Quem
1168 2864 1230 2911 ad
1248 2864 1543 2912 inferendam
1559 2878 1643 2912 ne·

630 2959 734 2991 cem
760 2942 946 3006 percuti
971 2941 1206 3004 oportuit&

703 3038 750 3082 7.
766 3018 1146 3068 Gladiatoribus.
1163 3019 1261 3081 Qui
1275 3036 1425 3083 quum
1437 3021 1491 3066 in
1501 3036 1644 3068 arena

634 3110 898 3166 pugnantes
928 3099 1112 3163 populo
1159 3115 1258 3145 non
1298 3099 1641 3159 satisfecerint,

631 3183 800 3230 lanista
827 3195 995 3227 eornm
1020 3178 1243 3242 magistet
1272 3180 1506 3228 cervicem
1535 3178 1647 3226 dare

626 3263 789 3321 jussos
812 3256 1057 3306 interficit.

704 3339 753 3383 8.
786 3337 897 3381 Non
929 3334 1122 3398 recepit.
1161 3334 1403 3397 Singulari
1437 3334 1668 3397 quadam·

630 3414 813 3479 ingenii
835 3413 1021 3460 flamma
1044 3412 1180 3460 ardet
1203 3413 1340 3460 Iocus
1366 3414 1475 3471 hic,
1502 3429 1646 3475 qnam

631 3491 1055 3541 vehementissimis
1075 3491 1412 3539 Demosthenis
1428 3491 1642 3552 motibus

631 3588 732 3620 non
776 3571 1007 3634 imparem
1042 3568 1343 3617 crediderim.
1386 3571 1642 3633 Postquam

629 3650 759 3698 euim
778 3647 1058 3699 Clodianam
1075 3647 1335 3710 procellam
1353 3649 1454 3696 fuse
1474 3648 1645 3697 descri-

628 3731 728 3793 psit
740 3761 757 3788 ,
774 3726 957 3773 acervis
975 3741 1235 3789 corporum
1258 3727 1308 3771 in
1330 3726 1438 3774 foro
1458 3738 1642 3775 exstru-

627 3809 719 3856 etis
748 3804 1048 3867 deploravit,
1084 3819 1303 3853 securum
1345 3806 1561 3853 Sextium
1594 3817 1642 3854 et

628 3887 871 3946 majestate
893 3898 949 3930 ac
984 3884 1234 3932 sanctitate
1260 3885 1432 3932 fretum
1470 3885 1644 3950 depin-

626 3966 730 4021 xit,
760 3962 814 4014 in
843 3961 1178 4009 amarissimam
1212 3961 1373 4010 subito
1401 3964 1647 4012 invehitur

627 4042 831 4092 ironiam
859 4040 1166 4104 eamdemque
1192 4041 1559 4098 vividissimam.
1589 4055 1644 4092 ut

623 4138 769 4169 omne
808 4118 963 4169 scelus
997 4119 1144 4169 Sextii
1181 4136 1283 4169 esse
1317 4120 1613 4171 demonstret
1629 4157 1643 4183 ,

1731 2786 1865 2850 qnod
1892 2788 2039 2835 vivat.
2069 2788 2154 2835 Illa
2179 2789 2360 2837 invidia
2382 2793 2586 2854 premit,
2613 2805 2757 2856 urget

1730 2866 2025 2914 adversarios
2047 2903 2064 2926 ,
2086 2865 2203 2914 dnm
2225 2869 2376 2915 Sextii
2395 2870 2589 2931 culpam
2620 2888 2755 2923 nnnc

1732 2943 2034 3006 deprecatur,
2052 2961 2181 2992 nunc
2200 2947 2268 2992 eis
2285 2946 2521 3009 imponit,
2539 2965 2753 3012 quornm

1729 3021 1906 3069 scelere
1929 3033 1978 3070 et
1996 3023 2235 3087 imperitia
2256 3024 2445 3071 letalem
2470 3042 2574 3074 non
2591 3029 2754 3078 hausit

1731 3100 1939 3165 plagam.

1803 3182 2096 3229 XXXVIII.
2126 3195 2169 3232 ι.
2195 3182 2440 3246 Templum
2464 3188 2754 3236 cruentavit.

1735 3261 1977 3322 Sanguine
1999 3276 2104 3307 suo.
2735 3323 2736 3326 Ἴ

1806 3354 1854 3385 2.
1884 3338 2178 3402 Resipnissee.
2202 3338 2368 3386 Animi
2393 3340 2623 3404 fugientis
2647 3346 2760 3394 reli·

1732 3416 1868 3480 quias
1894 3417 2168 3481 recepisset.

1803 3496 1854 3543 3.
1896 3497 2025 3544 Gens
2052 3497 2148 3544 ista
2179 3496 2363 3545 Clodia.
2393 3499 2520 3562 Ista,
2551 3517 2662 3564 qna
2687 3503 2757 3551 ad

1729 3573 1931 3624 Clodios
1973 3575 2272 3638 pertinebat,
2313 3576 2635 3639 gladiatorum
2683 3581 2760 3629 fn-

1729 3653 1881 3701 milia.

1802 3740 1848 3789 4.
1871 3733 2206 3798 Major-umque
2228 3733 2471 3784 virtutem.
2501 3738 2608 3798 Qua
2631 3737 2763 3785 Tar·

1728 3811 1924 3874 quiuios
1943 3811 2002 3858 de
2023 3812 2193 3875 populi
2212 3813 2440 3860 servitute
2457 3814 2764 3878 triumphan-

1734 3901 1835 3946 tes,
1866 3906 1957 3954 qua
1982 3891 2198 3954 Appium
2227 3891 2480 3938 Claudiam
2509 3892 2762 3942 decemvi-

1734 3982 1840 4013 rum
1878 3967 2092 4014 viromm
2127 3967 2333 4015 ubertati
2371 3985 2428 4015 ae
2465 3970 2762 4020 feminarum

1734 4044 1979 4106 pudicitia!
1995 4045 2302 4094 insultantem
2319 4064 2345 4095 a
2366 4048 2641 4099 cervicibus
2656 4053 2765 4101 suis

1732 4121 2036 4187 depulerunt.
