2994 4778
587 421 972 490 ORATIO
1022 422 1129 490 IN
1179 425 1257 490 L.
1299 426 1383 491 C.
1439 423 1931 492 PISONEM.
2177 426 2320 511 403

189 545 584 642 Epicureos
607 543 970 640 negligere
1000 541 1276 627 dicunt,
1310 543 1731 641 perpolitus.
1766 550 2026 617 Poema
2048 556 2067 591 ¹
2101 571 2324 645 porro

183 652 353 724 facit
398 655 496 724 ita
552 650 927 738 festivtun,
977 654 1070 722 ita
1122 655 1600 740 concinnum,
1644 656 1741 725 ita
1784 654 2097 752 elegans,
2144 660 2323 730 nihil

183 779 270 835 ut
294 762 449 835 fieri
481 766 709 861 possit
736 768 1076 860 argutius.
1123 768 1203 833 In
1232 788 1384 861 quo
1414 763 1897 861 reprehendat
1920 790 2092 835 eum
2122 766 2323 855 licet,

192 877 250 946 si
285 877 411 972 qui
453 874 681 962 volet,
720 872 944 944 modo
979 873 1255 957 leviter,
1301 898 1447 944 non
1488 888 1571 943 ut
1609 879 1978 971 impurum
2002 930 2022 963 ,
2063 900 2211 946 non
2241 893 2326 949 ut

193 984 644 1082 improbum,
703 1008 849 1054 non
893 998 975 1053 ut
1026 982 1405 1070 audacem,
1449 981 1578 1054 sed
1620 998 1698 1053 ut
1757 985 2202 1074 Graeculum,
2246 1002 2327 1057 ut

191 1104 774 1180 assentatorem2,
817 1107 900 1163 ut
953 1107 1260 1189 poetam.
1307 1095 1658 1180 Devenit,
1701 1109 1825 1163 aut
1864 1098 2108 1190 potius
2146 1097 2327 1167 inci-

192 1204 294 1274 dit
321 1205 397 1273 in
423 1204 667 1290 istum,
697 1201 952 1272 eodem
982 1202 1327 1299 deceptus
1353 1204 1761 1300 supercilio,
1791 1207 2087 1276 Graecus
2111 1220 2329 1304 atque

194 1314 489 1399 advena,
514 1337 669 1409 quo
696 1326 842 1382 tam
884 1315 1170 1409 sapiens
1206 1326 1277 1382 et
1316 1326 1512 1382 tanta
1558 1313 1822 1383 civitas.
1862 1319 2223 1386 Revocare
2259 1341 2336 1387 se

196 1451 339 1497 non
368 1419 723 1522 poterat-⁹⁵,
750 1420 1228 1492 familiaritate
1260 1422 1709 1520 implicatus;
1741 1437 1811 1493 et
1840 1424 2053 1493 simul
2081 1426 2332 1497 incon·

194 1536 469 1605 stantiae
495 1530 752 1603 famam
786 1530 1187 1602 verebatur.
1217 1536 1572 1629 RogatuS,
1598 1533 1970 1621 invitatus,
2001 1550 2327 1620 coactus,

193 1646 285 1714 ita
323 1643 550 1712 multa
597 1641 683 1711 ad
724 1643 939 1711 istum
984 1639 1075 1710 de
1112 1642 1251 1711 isto
1303 1642 1626 1739 scripsit,
1674 1658 1753 1712 ut
1799 1667 2052 1714 omnes
2089 1645 2324 1716 homi-

196 1757 300 1825 nis
323 1752 683 1838 libidines,
704 1754 948 1821 omnia
977 1774 1346 1822 coenarum
1373 1775 1635 1847 genera
1662 1754 2331 1852 conviviorumque,

193 1863 543 1935 adulteria
568 1860 924 1957 denique‘*
954 1862 1138 1955 ejuS,
1163 1861 1675 1932 delicatissimis
1698 1862 2024 1934 versibus
2049 1889 2335 1963 expres-

196 1979 384 2046 serit.
429 1977 516 2042 In
563 1971 863 2069 quibuS,
905 1973 961 2040 si
1001 1973 1162 2067 quis
1200 1971 1406 2058 velit,
1458 1976 1682 2069 possit
1717 1974 1922 2044 istius
1964 1989 2328 2071 tamquam

202 2091 266 2154 in
315 2082 620 2182 speculo
655 2083 876 2151 vitam
925 2082 1227 2168 intueri3
1274 2107 1361 2153 ex
1403 2081 1672 2178 quibus
1707 2083 1966 2168 multa,
2003 2108 2045 2153 a
2089 2085 2332 2157 multis

200 2195 375 2266 lecta
413 2208 484 2263 et
520 2192 799 2278 audita,
843 2194 1212 2261 recitarem
1234 2245 1253 2279 ‚
1288 2193 1424 2261 nisi
1450 2216 1759 2276 vererer,
1792 2216 1884 2261 ne
1920 2191 2060 2263 hoc
2093 2194 2331 2292 ipsum

196 2329 422 2402 genus
467 2303 852 2388 orationis,
891 2326 1042 2398 quo
1083 2325 1279 2371 nunc
1315 2316 1485 2371 utor
1508 2356 1527 2392 ‚
1566 2299 1656 2371 ab
1694 2301 1910 2398 hujus
1951 2300 2091 2373 loci
2126 2329 2330 2376 more

191 2414 620 2486 ahhorreret
669 2441 684 2481 ε
739 2426 810 2482 et
854 2410 1067 2482 simul
1100 2410 1192 2482 de
1234 2414 1433 2509 ipso,
1476 2413 1605 2509 qui
1639 2411 2012 2509 scripsit5,
2048 2412 2330 2486 detrahi

193 2527 390 2598 nolo.
427 2528 571 2614 Qui
605 2525 663 2594 si
698 2521 950 2593 fuisset
988 2524 1063 2592 in
1096 2522 1452 2621 discipulo
1499 2520 1984 2620 comparando
2030 2525 2330 2597 meliore

190 2635 525 2724 fortuna,
576 2633 876 2705 sortasse
919 2635 1270 2704 austerior
1308 2649 1380 2705 et
1414 2635 1699 2731 gravior
1741 2655 1895 2703 esse
1936 2635 2329 2730 potuisset;

190 2747 314 2819 sed
358 2771 531 2817 eum
575 2769 777 2816 casus
816 2747 888 2814 in
932 2743 1117 2813 hanc
1167 2742 1765 2815 consuetudinem
1801 2741 2165 2813 scribendi
2215 2747 2328 2814 in-

189 2856 442 2943 duxit,
478 2853 912 2952 philosopho
947 2852 1151 2923 valde
1180 2854 1548 2950 indiguam
1578 2880 1592 2921 :
1629 2851 1984 2949 siquidem
2015 2852 2332 2950 philoso-

187 2966 412 3063 phia,
453 2979 533 3034 ut
585 2961 835 3049 fertur,
876 2963 1157 3033 virtutis
1207 2964 1562 3048 continet,
1611 2976 1683 3032 et
1728 2960 1984 3051 officii,
2026 2976 2098 3032 et
2143 2962 2330 3036 bene

188 3072 485 3146 vivendi
529 3073 1006 3171 disciplinam3
1058 3096 1277 3169 quam
1332 3073 1461 3168 qui
1520 3069 1943 3169 profitetur,
2002 3073 2328 3167 gravissi-

188 3210 388 3257 mam
450 3182 631 3253 mihi
698 3183 1049 3252 sustinere
1115 3205 1496 3278 personam
1571 3179 1877 3251 videtur.
1943 3180 2080 3251 Sed
2136 3182 2324 3253 idem

256 3445 353 3491 XX
362 3444 462 3490 11.
495 3455 539 3488 ι.
561 3403 743 3488 Poeni-a
755 3452 932 3508 [ιοζνο.
949 3440 1219 3500 Supersunt
1308 3447 1524 3485 sentator
1551 3452 1653 3485 non
1675 3445 1860 3500 spectet
1883 3436 2072 3483 lucrum
2088 3472 2103 3495 ,
2129 3439 2213 3487 sed
2234 3453 2334 3490 tm.

188 3523 248 3570 ὼ
271 3524 374 3571 hoc
402 3529 553 3585 poeta
585 3520 730 3566 ferme
759 3516 954 3580 triginta
979 3515 1220 3579 epigram·
1308 3517 1562 3566 tummodo
1580 3517 1768 3580 plaeere
1787 3514 2041 3563 desideret.

187 3613 310 3649 mata
331 3637 346 3659 ,
386 3598 574 3663 qulbus
617 3595 1023 3661 deprehenditur,
1065 3594 1222 3657 qualis
1378 3598 1431 3645 3.
1467 3597 1706 3644 Revocare
1732 3610 1781 3641 se
1805 3610 1901 3642 non
1923 3606 2134 3659 poterat.
2164 3600 2332 3646 Retra-

183 3699 293 3730 emn
311 3682 474 3730 fuine
499 3688 700 3727 testatur
719 3689 901 3725 orator.
1307 3674 1421 3724 here
1454 3692 1505 3722 se
1522 3711 1536 3734 ,
1564 3687 1620 3723 ut
1648 3691 1757 3724 cum
1786 3675 1978 3723 Catullo
2005 3673 2200 3737 loquar,
2226 3693 2327 3724 non

254 3778 309 3810 α.
344 3765 734 3809 Assemaeorem.
761 3758 877 3804 Non
896 3753 1221 3810 adulatorem,
1307 3756 1499 3817 potnit,
1533 3766 1582 3801 et
1611 3754 1747 3801 illum
1781 3753 2116 3800 familian'tatis
2151 3770 2328 3802 nexum

181 3842 269 3889 sed
301 3849 665 3891 assentatorem
690 3836 936 3902 appellnt:
972 3851 1026 3881 ea
1061 3846 1221 3882 autem
1311 3832 1591 3880 dissolvere.

180 3922 385 3969 videtur
404 3935 515 3968 esse
534 3919 661 3966 inter
679 3928 939 3979 utrumque
955 3913 1226 3970 distinctio,
1386 3919 1433 3966 4.
1461 3910 1616 3958 Abest
1633 3910 1856 3972 denique.
1882 3913 1930 3959 J.
1950 3913 2012 3958 V.
2044 3913 2096 3958 1..

179 4000 320 4064 quod
347 3997 586 4048 adulator
612 3997 773 4043 omnin
799 3994 859 4041 ad
889 3992 1078 4041 lucrum
1106 3991 1225 4038 refe·
1393 3991 1439 4036 5.
1469 3987 1624 4035 Simul
1646 3989 1707 4035 de
1728 3988 1857 4051 ipso,
1888 3988 1974 4052 qm'
1994 3988 2197 4053 scripsit.
2226 3991 2336 4039 Phi-

181 4090 255 4127 rat
270 4114 291 4138 ‚
310 4092 366 4128 et
394 4077 613 4126 micum
635 4074 781 4122 bonis
802 4072 1077 4128 exhauriat,
1099 4071 1228 4130 ejus,
1318 4067 1516 4116 lodemo
1539 4068 1658 4114 nolo
1684 4067 1876 4114 inurere
1902 4068 2194 4130 impuritatis
2216 4071 2337 4116 inss-

180 4171 235 4207 ιιι
256 4160 331 4208 ita
355 4159 564 4222 loquar,
588 4153 869 4217 sanguinem
898 4161 1125 4215 magau
1151 4165 1230 4196 as·
1321 4149 1482 4194 mium.

1984 4228 2094 4295 26.
