2994 4778
638 436 1025 506 ORATIO
1076 439 1281 507 PRO
1334 440 1421 527 Q.
1473 442 1940 515 LIGARIO.
2207 447 2349 547 '595

207 572 573 654 sequutus
594 571 804 643 esset,
821 554 1190 627 videretur
1209 584 1228 647 ;
1257 560 1333 629 in
1356 561 1856 635 Macedoniam
1877 565 1966 637 ad
1994 572 2123 640 Cn.
2150 574 2356 642 Pom-

207 669 361 765 peii
403 681 631 739 castra
674 666 902 746 venit.
944 667 1022 736 in
1072 691 1231 739 eam
1267 673 1493 767 ipsam
1533 695 1855 762 causam,
1892 702 1933 747 a
1967 675 2161 775 qua⁸
2202 697 2354 753 erat

208 778 579 872 rejectus9
623 799 790 850 cum
835 776 1118 871 injuria.

309 888 557 979 Quid?
597 911 824 986 quum
869 889 1004 958 ista
1053 911 1168 960 res
1206 889 1388 960 nihil
1440 895 1943 966 commovisset
1993 896 2152 990 ejus
2195 903 2349 970 ani-

206 1023 416 1069 mum
440 1054 460 1088 ‚
504 995 595 1069 ad
631 1021 851 1095 quem
885 1000 1236 1070 veneratis
1254 1007 1345 1089 ¹⁰,
1382 1001 1866 1099 languidiore,
1904 1006 2122 1079 credo
2146 1062 2164 1093 ‚
2198 1025 2351 1080 stu·

207 1109 339 1180 dio
365 1113 441 1180 in
464 1131 677 1180 causa
696 1106 947 1178 fuistis.
977 1111 1512 1183 Tantummodo
1535 1114 1613 1183 in
1640 1115 2056 1211 praesidiis¹¹
2093 1123 2348 1204 eratis;

207 1220 437 1289 animi
471 1243 643 1289 vero
690 1243 731 1289 a
771 1241 985 1290 causa
1027 1216 1542 1292 abhorrebant.
1591 1227 1735 1312 An,
1775 1239 1858 1294 ut
1892 1224 1974 1296 fit
2013 1229 2088 1297 in
2131 1229 2352 1300 civili·

207 1327 353 1400 bus
381 1328 630 1417 bellis,
669 1353 803 1399 nec
847 1332 922 1398 in
955 1327 1163 1400 vobis
1196 1332 1445 1427 magis,
1480 1356 1702 1428 quam
1731 1336 1802 1402 in
1832 1333 2164 1432 reliquis,
2202 1362 2353 1409 om-

208 1462 343 1510 nes
368 1449 431 1482 ¹²
482 1437 820 1510 vincendi
874 1435 1116 1510 studio
1158 1439 1718 1513 tenebamur13?
1761 1444 1958 1515 Pacis
2007 1446 2349 1542 equidem

207 1573 504 1646 semper
545 1563 802 1620 auctor
844 1545 984 1634 sui3
1019 1548 1144 1620 sed
1181 1564 1338 1620 tum
1368 1573 1552 1622 sero.
1580 1556 1748 1624 Erat
1778 1557 1971 1624 enim
2007 1559 2351 1643 ameum,
2373 1571 2390 1588 ⁰

205 1679 446 1754 quum
484 1658 710 1728 aciem
752 1656 1073 1744 videreS,
1108 1684 1361 1757 pacem
1403 1662 1739 1758 cogitare.
1797 1669 2070 1736 Omnes
2090 1670 2153 1719 ¹⁴
2175 1719 2194 1753 ,
2242 1669 2348 1739 in-

205 1789 465 1865 quam,
496 1768 785 1839 vincere
821 1766 1284 1859 volebamus3
1322 1784 1401 1841 tu
1432 1786 1626 1842 certe
1661 1774 2055 1872 praecipue,
2098 1779 2228 1872 qui
2268 1778 2345 1846 in

204 1901 381 1949 eum
413 1878 655 1949 locum
678 1881 1024 1968 venisses,
1067 1877 1195 1949 ubi
1222 1877 1357 1950 tibi
1388 1895 1574 1951 esset
1600 1882 2058 1979 pereundum
2079 1880 2168 1971 ¹⁵,
2206 1885 2345 1955 nisi

204 1991 496 2060 vicisses
544 2015 560 2059 :
608 1985 1168 2085 quamquamffi,
1212 2004 1295 2058 ut
1344 2014 1547 2061 nunc
1599 2013 1676 2061 se
1727 2014 1843 2061 res
1897 1989 2157 2080 habet,
2197 2018 2346 2064 non

206 2097 473 2171 dubito
495 2153 515 2184 ‚
549 2099 725 2196 quin
765 2097 954 2168 hanc
990 2099 1290 2170 salutem
1328 2114 1728 2198 anteponas
1765 2099 1868 2169 illi
1910 2101 2245 2172 victor-iae.
2319 2159 2326 2170 ,

303 2214 393 2279 Χ.
445 2214 609 2280 Haec
640 2234 777 2306 ego
803 2232 953 2279 non
990 2207 1344 2298 dicerem,
1381 2209 1709 2296 Tubem,
1746 2213 1804 2280 si
1847 2226 1973 2281 aut
2003 2236 2131 2282 vos
2168 2237 2341 2284 con·

201 2320 484 2391 stantiae
513 2331 766 2389 vestrae
788 2327 840 2406 ¹,
886 2333 1011 2388 aut
1038 2322 1386 2389 Caesarem
1421 2316 1755 2391 beneficii
1786 2324 1895 2391 sui
1930 2323 2334 2418 poeniteret.

197 2430 416 2499 Nunc
457 2450 738 2525 quaer0‚
795 2443 1044 2498 utrum
1093 2442 1364 2499 vestras
1411 2427 1745 2523 injurias,
1786 2454 1880 2500 an
1919 2429 2336 2529 reipublicae

274 2589 326 2637 8.
349 2590 398 2635 A
421 2604 537 2653 qua.
563 2588 716 2637 Elate.
743 2586 872 2635 Nam
898 2602 1000 2633 non
1023 2603 1052 2635 a
1074 2588 1222 2634 Pom·
1387 2589 1473 2647 14.
1493 2588 1723 2635 Goerenz.
1743 2586 1810 2634 ad
1838 2588 1943 2636 Cic.
1962 2586 2120 2636 Aead.
2139 2589 2217 2647 11,
2242 2597 2337 2652 aa,

198 2667 417 2730 paim,
440 2666 526 2715 sed
551 2666 614 2714 ab
638 2666 828 2729 aliquot
859 2675 1046 2712 tantum
1085 2666 1222 2713 Pom·
1308 2664 1479 2713 suadet
1509 2663 1700 2729 legere,
1739 2667 1986 2725 nomnen,
2021 2682 2219 2725 omnes,
2256 2667 2332 2715 in-

195 2748 303 2811 peii
326 2747 596 2796 fautoribus
617 2747 774 2795 fuerat
798 2743 1038 2809 mpulaua.
1059 2744 1219 2793 Verba
1308 2759 1512 2807 qnam».
1542 2745 1593 2794 J.
1615 2743 1682 2791 V.
1708 2747 1764 2792 1..

195 2824 282 2873 illa
300 2826 462 2874 omnia
480 2826 813 2891 graviuimum
837 2823 1018 2871 vulnus
1047 2823 1218 2871 adver-
1383 2824 1463 2871 15.
1489 2824 1627 2871 Buce
1656 2822 1983 2887 pereundum.
2016 2824 2241 2879 Teenim
2261 2826 2330 2874 ita

195 2906 328 2952 atrio
375 2904 609 2969 inflgun23
647 2915 702 2952 ut
745 2902 831 2967 qni
874 2900 1216 2951 Macedoniam
1302 2901 1481 2951 Caemi
1502 2902 1729 2949 infestum
1751 2911 1800 2949 et
1823 2902 2074 2949 inimicum
2101 2904 2325 2952 ostende·

192 2981 316 3030 inde
330 2983 964 3047 petierit,nhipugnatnm.
1303 2995 1407 3040 raa,
1442 2990 1500 3028 ut
1530 2979 1621 3027 tibi
1659 2989 1790 3027 certe
1830 2979 1956 3027 foret
1992 2981 2326 3045 pereundum,

268 3076 322 3123 9.
360 3061 484 3110 Cod.
514 3062 695 3112 Colon.
723 3059 915 3125 ejectas.

273 3156 356 3187 ιο.
411 3142 498 3189 Ad
540 3156 685 3205 quem
729 3136 997 3187 meracis.
1047 3138 1212 3200 Quum

192 3218 336 3266 nulio
354 3219 505 3268 modo
529 3220 790 3283 Pomptina
821 3226 982 3265 motus
1012 3216 1210 3279 suisset,

190 3297 332 3360 qnod
353 3299 590 3363 repulsam
618 3314 730 3346 cum
762 3296 938 3357 injuria
963 3304 1014 3342 et
1037 3293 1211 3342 cruda-

190 3374 331 3423 litate
348 3377 680 3440 pertulissetis,
703 3374 1048 3423 discedendum
1072 3372 1212 3421 vobis

189 3452 255 3500 ab
280 3456 387 3515 eiua
411 3455 630 3519 partibus
649 3466 784 3503 erat:
810 3450 1130 3503 attamenfidi
1152 3467 1209 3500 ac

189 3542 470 3582 contante·
494 3533 800 3582 rem-nabun.

268 3626 293 3658 1
306 3626 350 3660 1.
397 3614 459 3660 In
502 3610 745 3677 praesidiis
793 3608 956 3659 eratis.
992 3610 1211 3673 Corpora

187 3705 306 3737 aana
327 3702 485 3739 ναῖκι
519 3692 571 3739 iu
598 3689 769 3738 caattia
805 3689 1024 3753 Pompeii
1047 3704 1210 3737 veraa·

186 3766 396 3829 bonta-3
421 3769 609 3817 animus
644 3779 806 3817 autem
837 3767 979 3815 aliam
1003 3782 1207 3815 conver·

188 3846 382 3896 tehatur
413 3848 714 3897 adcausam.

262 3939 347 3973 ια.
368 3929 570 3975 Omnes.
592 3928 793 3974 c-uum
813 3939 949 3972 auam
973 3939 1084 3971 enm
1102 3925 1206 3972 Tu-

186 4003 368 4053 berone
413 4003 739 4053 communicat
756 4036 772 4060 ‚
815 4019 878 4051 ne
922 4005 1115 4067 gravina
1156 4004 1208 4050 in

186 4084 490 4132 enm.invehi
510 4084 749 4133 videatur.

261 4179 281 4209 ι
293 4164 341 4212 3.
361 4165 442 4213 ΔΙ.
461 4165 612 4227 MSS,
633 4161 939 4211 tenebantur.

1307 3074 1372 3106 ne
1398 3058 1452 3106 in
1479 3059 1586 3119 eina
1611 3073 1782 3107 manua
1805 3058 2008 3105 venit-ea.

1378 3138 1459 3185 16.
1528 3138 1852 3199 Quamquam.
1924 3136 2127 3184 Centi-
2179 3136 2326 3187 lande

1298 3217 1424 3264 haue
1462 3227 1651 3280 partem
1687 3216 1926 3263 orationis
1964 3215 2175 3263 vividam
2212 3233 2326 3266 con·

1298 3295 1475 3352 eludit,
1501 3306 1557 3342 ut
1585 3304 1793 3341 mentem
1817 3294 1921 3354 ejua
1942 3293 2038 3341 sibi
2063 3295 2324 3361 conciliet,

1298 3385 1347 3423 et
1365 3375 1419 3423 in
1436 3373 1744 3422 Thberonem
1766 3374 1917 3437 magis
1934 3374 2185 3422 accendat.

1370 3454 1436 3500 X.
1470 3469 1516 3500 ι.
1542 3451 1845 3501 Constantia
1871 3462 2067 3499 usu-ce.
2095 3455 2153 3500 ln
2181 3455 2324 3502 Pom·

1298 3532 1470 3595 peiana
1495 3547 1658 3579 eausa.
1684 3557 1754 3568 --
1777 3529 2028 3597 Beneficii.
2057 3532 2182 3596 Erga
2202 3549 2321 3591 voa,

1299 3616 1509 3674 quorum
1544 3608 1863 3658 constantiam
1901 3622 2006 3656 nou
2049 3609 2319 3673 ignorabat.

1298 3691 1458 3739 Tanto
1490 3689 1700 3739 artificio
1738 3698 1870 3736 totus
1908 3687 1990 3735 ine
2017 3691 2320 3751 compositus

1299 3779 1371 3815 eat
1395 3768 1562 3825 locus,
1587 3779 1668 3826 nt,
1684 3764 1801 3813 dum
1821 3775 1987 3813 orator
2003 3767 2318 3814 Tuberonum

1295 3844 1483 3893 firmam
1506 3857 1556 3893 et
1574 3855 1874 3892 constantem
1893 3844 2066 3906 agendi
2085 3846 2318 3893 rationem

1298 3935 1484 3982 narrat,
1506 3938 1604 3971 non
1624 3923 1828 3969 omnino
1841 3938 1946 3970 eam
1965 3923 2316 3986 reprehendent

1296 4003 1520 4051 videatur
1545 4037 1564 4063 ,
1607 4002 1828 4065 quamvis
1871 4001 1932 4048 ab
1978 4017 2032 4048 ea
2077 4001 2317 4051 laudanda

1295 4081 1442 4146 longe
1489 4080 1626 4128 absit.
1666 4079 1795 4127 Illud
1841 4091 1913 4127 est
1955 4079 2128 4129 ironiae
2164 4098 2316 4145 genna

1297 4175 1444 4226 qnam
1462 4160 1583 4209 mire
1610 4158 1861 4208 tractabat.

1865 4244 1978 4316 38.
