2994 4778
617 387 756 464 330
1251 389 1349 455 M.
1399 388 1476 455 T.
1531 386 2116 457 CICERONIS

613 533 861 606 aug-ur,
881 531 1107 604 quum
1137 506 1228 578 de
1245 506 1409 601 jure
1435 506 1889 604 praediatorio
1911 517 1940 550 ²
1975 504 2506 592 consuleretur,
2531 503 2749 575 homo

606 620 789 715 juris
849 618 1356 715 peritissimus,
1410 613 1907 706 consultores³
1966 638 2138 686 suos
2187 637 2751 711 nonnumquam

615 729 704 801 ad
742 731 1031 800 Furium
1084 742 1154 798 et
1194 727 1654 816 Cascellium,
1699 725 2193 824 praediatoreS,
2241 724 2626 822 rejiciebat
2653 753 2671 811 ;
2701 727 2752 795 si

614 863 749 910 nos
785 838 877 909 de
915 862 1102 936 aqua
1128 835 1420 908 nostra4
1455 836 1861 908 Tusculana
1896 840 1994 907 M.
2029 837 2438 932 Tugionem
2468 839 2750 933 potiuS,

615 974 835 1045 quam
892 951 973 1018 C.
1037 947 1429 1045 Aquillium
1492 946 2049 1019 consulebamus
2078 1001 2098 1032 ,
2153 945 2358 1043 quod
2432 947 2752 1017 assiduus

616 1054 833 1129 usus⁵
878 1058 1008 1127 uni
1052 1059 1153 1128 rei
1206 1056 1527 1144 deditus,
1579 1059 2106 1155 etfingenium,
2158 1072 2233 1127 et
2287 1071 2516 1127 artem
2565 1080 2750 1152 saepe

617 1169 838 1238 vincit
872 1193 888 1235 :
921 1163 1084 1263 quis'
1120 1166 1405 1237 dubitet
1441 1167 1533 1238 de
1557 1165 1982 1254 foederibus,
2012 1182 2087 1238 et
2115 1167 2207 1238 de
2246 1181 2409 1237 toto
2445 1167 2597 1262 jure
2634 1192 2749 1264 pa-

620 1278 719 1347 cis
765 1291 834 1346 et
878 1274 1086 1362 belli,
1130 1276 1472 1346 omnibus
1518 1276 1742 1373 juris⁶
1780 1278 2232 1375 peritissimis
2284 1279 2750 1375 imperatores

624 1383 910 1458 nostros
963 1384 1382 1457 anteferre?
1446 1391 1931 1459 Possumusne
1975 1388 2201 1485 igitur
2258 1385 2399 1457 tibi
2449 1386 2748 1484 probare

621 1512 987 1569 auctorem
1033 1496 1345 1594 exempli
1394 1512 1612 1594 atque
1660 1496 1824 1580 facti
1872 1498 2065 1570 illius
2099 1553 2119 1586 ,
2185 1496 2390 1594 quod
2434 1524 2475 1567 a
2534 1515 2609 1569 te
2646 1522 2752 1569 re-

622 1606 1124 1704 prehenditur,
1156 1612 1234 1677 C.
1272 1608 1630 1678 Marium?
1659 1611 1921 1705 quaeris
1962 1607 2275 1703 aliquem
2313 1607 2753 1703 graviorem?

625 1717 1181 1788 constantiorem
1205 1716 1249 1785 P*
1262 1719 1831 1814 praestantiorem
1867 1722 2171 1804 virtute,
2205 1716 2632 1815 prudentia,
2657 1740 2757 1786 re-

556 1845 561 1849 ·
630 1828 926 1923 ligione,
983 1826 1377 1924 aequitate?
1422 1832 1490 1897 Is
1555 1828 1771 1922 igitur
1822 1831 1917 1897 M.
1980 1828 2301 1897 Annium
2361 1828 2752 1923 Appium7,

628 1936 1092 2007 fortissimum
1150 1938 1430 2017 virum,
1474 1959 1759 2006 summa
1803 1937 2067 2006 virtute
2121 1935 2543 2033 proeditum,
2597 1936 2756 2004 civi·

546 2085 561 2100 =
626 2061 777 2141 tate>
809 2046 1139 2132 donavit,
1167 2071 1393 2142 quum
1430 2047 1918 2116 Camertinum
1961 2044 2202 2116 foedus
2233 2046 2752 2116 sanctissimum

624 2171 843 2253 atque
886 2158 1374 2254 aequissimum
1413 2158 1627 2227 sciret
1657 2180 1833 2226 esse.
1883 2160 2125 2227 Potest
2164 2157 2412 2252 igitur,
2441 2153 2752 2250 judiceS,

630 2270 707 2334 L.
771 2266 1150 2336 Cornelius
1209 2264 1723 2350 condemnari,
1764 2279 1847 2335 ut
1896 2289 2045 2335 non
2090 2269 2173 2335 C.
2235 2267 2445 2335 Marii
2485 2261 2759 2334 facturn

612 2379 1204 2452 condemnetur?
1247 2382 1555 2453 Exsistat
1601 2405 1775 2478 ergo
1821 2375 1940 2450 ille
1977 2380 2086 2451 vir
2129 2403 2523 2477 parumper
2567 2380 2763 2474 ⁴cogi-

631 2491 901 2562 tatione
952 2505 1224 2572 vestra‚
1279 2491 1626 2585 quoniam
1686 2514 1765 2560 re
1815 2514 1964 2561 non
2023 2504 2299 2588 potest,
2352 2504 2440 2560 ut
2484 2490 2767 2586 conspi-

636 2601 834 2670 ciatis
861 2624 1027 2670 eum
1057 2598 1459 2685 mentibu5‚
1486 2623 1707 2697 quem
1735 2600 1964 2670 oculis
1992 2625 2144 2670 uon
2183 2601 2531 2697 potestis:
2558 2599 2766 2683 dicat,

698 2789 750 2822 2.
779 2774 855 2820 De
879 2773 996 2837 jure
1019 2770 1360 2835 proediatorio.
1392 2771 1569 2836 Agitur
1595 2771 1656 2818 de

626 2853 751 2912 Jure,
769 2850 905 2913 quod
927 2851 1249 2897 catsancitum
1274 2849 1334 2897 de
1353 2850 1550 2913 praediis
1571 2861 1655 2897 aut

631 2928 961 2993 bonopraediis
975 2962 990 2986 ,
1012 2930 1105 2977 boc
1129 2940 1200 2976 est
1215 2966 1231 2990 ,
1255 2928 1654 2993 possessionibus

624 3009 910 3074 reipublice
938 3008 1194 3072 obligatis,
1218 3026 1332 3073 quae
1364 3009 1657 3057 dicebantur

630 3105 718 3152 per
739 3089 1074 3138 excellentiam
1093 3089 1291 3155 proedia
1319 3100 1367 3136 et
1391 3090 1654 3152 benepta-

631 3166 717 3214 dc'a
736 3203 750 3223 ‚
790 3179 912 3217 teste
949 3171 1201 3219 Asconio:
1247 3181 1296 3216 et
1336 3167 1655 3232 predictam

636 3257 799 3303 erant,
846 3264 1055 3310 quorum
1088 3248 1216 3296 bona
1260 3260 1396 3297 erant
1422 3248 1658 3297 obstricta

636 3323 836 3385 publico
870 3339 883 3372 ε
935 3326 1052 3373 hinc
1098 3337 1148 3374 et
1196 3329 1282 3375 lex
1330 3327 1657 3392 praediatoria

636 3400 766 3463 apud
786 3403 989 3449 Sueten.
1015 3404 1063 3449 in
1085 3404 1307 3452 Claudio.
1330 3405 1463 3452 vide
1477 3405 1660 3452 Salam-

638 3479 759 3526 sium
779 3478 840 3525 de
866 3480 1016 3528 modo
1038 3498 1314 3529 usurarum.
1450 3537 1460 3542 —

706 3554 754 3604 3.
822 3558 1139 3606 (hetwiler-es.
1196 3561 1297 3621 Qui
1351 3560 1663 3622 jurisperito·

642 3635 843 3684 adibant
859 3637 1050 3683 consilii
1077 3637 1277 3701 petendi
1301 3653 1463 3686 causa.
1487 3639 1663 3687 Horat.

643 3717 741 3764 Sat.
773 3717 826 3773 1,
856 3730 901 3771 1,
928 3730 996 3779 9:
1026 3717 1347 3780 «Agricolam
1384 3716 1553 3766 laudat
1592 3718 1665 3766 le-

646 3811 761 3858 gum
783 3793 1003 3856 iurisque
1030 3796 1214 3858 peritus
1231 3831 1245 3855 ,
1281 3796 1383 3844 Sub
1408 3795 1526 3860 gani
1550 3812 1664 3849 cau-

642 3884 743 3921 tum
768 3871 1024 3921 consultor
1049 3874 1139 3923 ubi
1163 3878 1288 3924 ostia
1311 3876 1476 3941 pulsat
1501 3896 1546 3927 n,

712 3961 760 4007 Ι..
814 3953 889 3999 De
944 3968 1083 4016 aqua
1137 3967 1308 4003 mosem
1366 3956 1662 4005 Tusculana.

642 4034 832 4096 Aquam
854 4030 1025 4081 habuit
1051 4044 1217 4083 orator
1250 4036 1302 4082 in
1341 4035 1453 4083 villa
1472 4037 1662 4083 Tuscu-

634 4112 743 4158 lana
762 4110 943 4161 Crabra
962 4114 1190 4173 nominc,
1209 4131 1302 4177 pro
1330 4130 1427 4179 qua
1453 4113 1663 4178 vectigal

1744 2770 1987 2836 pendebat
2015 2769 2317 2819 Tusculanis.
2343 2770 2515 2817 Tertia
2537 2771 2769 2833 Agrai-h:

1742 2852 1892 2912 «Ego
1933 2849 2221 2897 Tusculanis
2272 2865 2364 2913 pro
2405 2866 2541 2913 aqna
2592 2849 2772 2898 Crabra

1743 2927 1945 2993 vectigal
1985 2927 2226 2991 pendam,
2261 2928 2377 2992 quia
2420 2945 2450 2974 a
2495 2928 2769 2990 municipio

1742 3010 1948 3061 flandum
1968 3009 2162 3072 accepi,
2197 3007 2238 3054 si
2258 3023 2287 3054 a
2317 3007 2454 3054 Sulla
2484 3008 2611 3055 silai
2636 3007 2773 3053 dana

1743 3098 1891 3143 esset,
1915 3086 2071 3135 nulli
2116 3087 2220 3149 lege
2274 3103 2379 3134 non
2434 3086 2704 3151 penderem
2727 3106 2771 3130 ι.

1744 3166 1961 3228 Epistola
1995 3165 2059 3213 ad
2099 3168 2334 3213 Tironem
2366 3168 2432 3215 18
2453 3199 2472 3224 ‚
2505 3165 2597 3213 lib.
2623 3165 2771 3219 xv1,

1744 3244 1807 3292 ad
1833 3246 1943 3293 Div.
1965 3248 2074 3292 «De
2100 3244 2280 3292 Crabra
2307 3243 2435 3307 quid
2461 3254 2645 3306 agatur,
2678 3241 2778 3289 mi

1746 3340 1878 3372 nune
1902 3323 2102 3387 quiden
2130 3323 2278 3370 nimia
2320 3335 2398 3370 eat
2429 3337 2546 3386 aqua
2562 3355 2578 3379 ,
2605 3332 2776 3367 tanen

1747 3403 1891 3451 velim
1917 3405 2045 3450 scire
2066 3424 2110 3449 n.

1821 3484 1869 3529 5.
1902 3481 2126 3529 Assiduus
2147 3497 2281 3527 usus
2320 3481 2417 3528 uni
2448 3480 2518 3527 rei
2554 3478 2786 3527 audien.

1751 3561 1880 3608 Hinc
1918 3560 2138 3608 Platonis
2175 3558 2394 3608 edictum
2437 3559 2526 3606 lib.
2550 3560 2682 3606 Vm
2726 3558 2795 3605 de

1752 3640 1956 3703 Legibus
1973 3674 1987 3696 ‚
2036 3649 2091 3686 nt
2145 3653 2316 3685 omncs
2357 3639 2448 3686 uni
2493 3638 2799 3702 reipublioe

1750 3719 1965 3766 animum
1988 3718 2195 3774 dedant,
2220 3732 2463 3779 nemoque
2488 3717 2696 3764 civium
2723 3716 2797 3765 ul-

1749 3798 1846 3846 lam
1869 3798 2199 3846 mechanicam
2225 3809 2378 3844 anem
2408 3798 2659 3860 attingat.

1822 3879 1871 3925 6.
1898 3876 2130 3925 Omnibus
2146 3876 2280 3939 jura}
2298 3874 2633 3938 peritissimis.
2643 3879 2806 3925 Vena

1753 3956 1897 4015 liber,
1916 3978 1941 3997 ··
1959 3955 2242 4003 bominibus
2257 3955 2383 4016 juris
2405 3954 2744 4016 periti-simis
2760 3978 2803 4005 ο.

1827 4053 1872 4094 7.
1899 4035 2119 4101 Appiam.
2143 4035 2309 4081 Garat.
2339 4046 2389 4082 et
2415 4034 2628 4082 Weisk.
2661 4038 2810 4084 eda-n·

1753 4114 1870 4161 dum
1897 4125 2074 4178 putant
2100 4111 2298 4178 Apim.
2320 4114 2369 4160 J.
2398 4112 2458 4157 V.
2483 4112 2546 4160 L.
