<?xml version="1.0" encoding="UTF-8"?>
<!DOCTYPE html PUBLIC "-//W3C//DTD XHTML 1.0 Transitional//EN"
    "http://www.w3.org/TR/xhtml1/DTD/xhtml1-transitional.dtd">
<html xmlns="http://www.w3.org/1999/xhtml" xml:lang="en" lang="en">
 <head>
  <title>
</title>
<meta http-equiv="Content-Type" content="text/html;charset=utf-8" />
  <meta name='ocr-system' content='tesseract 3.04.00' />
  <meta name='ocr-capabilities' content='ocr_page ocr_carea ocr_par ocr_line ocrx_word'/>
</head>
<body>
  <div class='ocr_page' id='page_1' title='image "./mtciceronisquae06lemagoog_0468.png"; bbox 0 0 2994 4778; ppageno 0'>
   <div class='ocr_carea' id='block_1_1' title="bbox 624 416 2124 504">
    <p class='ocr_par' dir='ltr' id='par_1_1' title="bbox 624 416 2124 504">
     <span class='ocr_line' id='line_1_1' title="bbox 624 416 2124 504; baseline 0.001 -14"><span class='ocrx_word' id='word_1_1' title='bbox 624 416 766 504; x_wconf 75' lang='lat'>458</span> <span class='ocrx_word' id='word_1_2' title='bbox 1264 425 1364 492; x_wconf 82' lang='lat' dir='ltr'>M.</span> <span class='ocrx_word' id='word_1_3' title='bbox 1416 424 1493 490; x_wconf 92' lang='grc' dir='ltr'>Τ.</span> <span class='ocrx_word' id='word_1_4' title='bbox 1549 423 2124 491; x_wconf 81' lang='lat' dir='ltr'>CICERONIS</span> 
     </span>
    </p>
   </div>
   <div class='ocr_carea' id='block_1_2' title="bbox 620 524 2806 2073">
    <p class='ocr_par' dir='ltr' id='par_1_2' title="bbox 623 524 2753 1190">
     <span class='ocr_line' id='line_1_2' title="bbox 626 524 2743 641; baseline 0.003 -31"><span class='ocrx_word' id='word_1_5' title='bbox 626 539 872 611; x_wconf 65' lang='lat' dir='ltr'>delatas</span> <span class='ocrx_word' id='word_1_6' title='bbox 908 567 924 609; x_wconf 74' lang='grc' dir='ltr'><strong><em>ε</em></strong></span> <span class='ocrx_word' id='word_1_7' title='bbox 967 540 1237 638; x_wconf 85' lang='lat' dir='ltr'>quibus</span> <span class='ocrx_word' id='word_1_8' title='bbox 1267 524 1497 641; x_wconf 63' lang='lat' dir='ltr'>‘quum</span> <span class='ocrx_word' id='word_1_9' title='bbox 1534 543 1776 613; x_wconf 82' lang='lat' dir='ltr'>multae</span> <span class='ocrx_word' id='word_1_10' title='bbox 1822 566 2039 614; x_wconf 85' lang='lat' dir='ltr'>naves</span> <span class='ocrx_word' id='word_1_11' title='bbox 2070 541 2353 615; x_wconf 62' lang='lat' dir='ltr'>refertae</span> <span class='ocrx_word' id='word_1_12' title='bbox 2406 542 2743 630; x_wconf 86' lang='lat' dir='ltr'>fuissent,</span> 
     </span>
     <span class='ocr_line' id='line_1_3' title="bbox 624 652 2751 751; baseline 0.004 -33"><span class='ocrx_word' id='word_1_13' title='bbox 624 674 766 719; x_wconf 88' lang='lat' dir='ltr'>una</span> <span class='ocrx_word' id='word_1_14' title='bbox 787 674 937 720; x_wconf 92' lang='lat' dir='ltr'>non</span> <span class='ocrx_word' id='word_1_15' title='bbox 966 654 1194 747; x_wconf 87' lang='lat' dir='ltr'>patuit</span> <span class='ocrx_word' id='word_1_16' title='bbox 1218 665 1491 750; x_wconf 82' lang='lat' dir='ltr'>parva9..</span> <span class='ocrx_word' id='word_1_17' title='bbox 1523 653 1860 751; x_wconf 84' lang='lat' dir='ltr'>Cataplus</span> <span class='ocrx_word' id='word_1_18' title='bbox 1884 652 2003 723; x_wconf 88' lang='lat' dir='ltr'>ille</span> <span class='ocrx_word' id='word_1_19' title='bbox 2031 653 2503 738; x_wconf 79' lang='lat' dir='ltr'>PuteolanuS‚</span> <span class='ocrx_word' id='word_1_20' title='bbox 2522 680 2751 726; x_wconf 86' lang='lat' dir='ltr'>sermo</span> 
     </span>
     <span class='ocr_line' id='line_1_4' title="bbox 623 757 2750 861; baseline 0.005 -36"><span class='ocrx_word' id='word_1_21' title='bbox 623 757 813 829; x_wconf 87' lang='lat' dir='ltr'>illius</span> <span class='ocrx_word' id='word_1_22' title='bbox 840 766 1208 857; x_wconf 83' lang='lat' dir='ltr'>temporis,</span> <span class='ocrx_word' id='word_1_23' title='bbox 1237 778 1761 861; x_wconf 84' lang='lat' dir='ltr'>vectorumque</span> <span class='ocrx_word' id='word_1_24' title='bbox 1789 787 2044 835; x_wconf 88' lang='lat' dir='ltr'>cursus</span> <span class='ocrx_word' id='word_1_25' title='bbox 2074 777 2287 859; x_wconf 90' lang='lat' dir='ltr'>atque</span> <span class='ocrx_word' id='word_1_26' title='bbox 2323 769 2750 851; x_wconf 79' lang='lat' dir='ltr'>ostentati03</span> 
     </span>
     <span class='ocr_line' id='line_1_5' title="bbox 625 868 2751 971; baseline 0.005 -34"><span class='ocrx_word' id='word_1_27' title='bbox 625 883 782 939; x_wconf 88' lang='lat' dir='ltr'>tum</span> <span class='ocrx_word' id='word_1_28' title='bbox 846 868 1294 944; x_wconf 83' lang='lat' dir='ltr'>subinvisum</span> <span class='ocrx_word' id='word_1_29' title='bbox 1354 874 1549 971; x_wconf 84' lang='lat' dir='ltr'>apud</span> <span class='ocrx_word' id='word_1_30' title='bbox 1611 874 1980 945; x_wconf 78' lang='lat' dir='ltr'>malivolos</span> <span class='ocrx_word' id='word_1_31' title='bbox 2048 876 2367 945; x_wconf 86' lang='lat' dir='ltr'><strong>Postumi</strong></span> <span class='ocrx_word' id='word_1_32' title='bbox 2431 900 2712 947; x_wconf 83' lang='lat' dir='ltr'>nomen</span> <span class='ocrx_word' id='word_1_33' title='bbox 2732 930 2751 960; x_wconf 86' lang='lat'>‚</span> 
     </span>
     <span class='ocr_line' id='line_1_6' title="bbox 624 984 2752 1081; baseline 0.003 -32"><span class='ocrx_word' id='word_1_34' title='bbox 624 994 925 1077; x_wconf 85' lang='lat' dir='ltr'>propter</span> <span class='ocrx_word' id='word_1_35' title='bbox 966 984 1383 1079; x_wconf 83' lang='lat' dir='ltr'>opinionem</span> <span class='ocrx_word' id='word_1_36' title='bbox 1442 984 1766 1081; x_wconf 83' lang='lat' dir='ltr'>pecuniae</span> <span class='ocrx_word' id='word_1_37' title='bbox 1819 984 2061 1059; x_wconf 80' lang='lat' dir='ltr'>nescio</span> <span class='ocrx_word' id='word_1_38' title='bbox 2119 1007 2383 1079; x_wconf 84' lang='lat' dir='ltr'>quam,</span> <span class='ocrx_word' id='word_1_39' title='bbox 2439 999 2752 1055; x_wconf 80' lang='lat' dir='ltr'>aestatem</span> 
     </span>
     <span class='ocr_line' id='line_1_7' title="bbox 624 1092 2753 1190; baseline 0.001 -29"><span class='ocrx_word' id='word_1_40' title='bbox 624 1115 876 1178; x_wconf 83' lang='lat' dir='ltr'>unam,</span> <span class='ocrx_word' id='word_1_41' title='bbox 909 1117 1054 1164; x_wconf 91' lang='lat' dir='ltr'>non</span> <span class='ocrx_word' id='word_1_42' title='bbox 1091 1094 1440 1190; x_wconf 56' lang='lat' dir='ltr'>plurem,</span> <span class='ocrx_word' id='word_1_43' title='bbox 1474 1116 1682 1167; x_wconf 78' lang='lat' dir='ltr'>aures</span> <span class='ocrx_word' id='word_1_44' title='bbox 1709 1092 1990 1167; x_wconf 83' lang='lat' dir='ltr'>refersit</span> <span class='ocrx_word' id='word_1_45' title='bbox 2016 1095 2232 1165; x_wconf 84' lang='lat' dir='ltr'>istis¹¹</span> <span class='ocrx_word' id='word_1_46' title='bbox 2271 1092 2753 1165; x_wconf 83' lang='lat' dir='ltr'>sermonibus.</span> 
     </span>
    </p>

    <p class='ocr_par' dir='ltr' id='par_1_3' title="bbox 620 1203 2806 2073">
     <span class='ocr_line' id='line_1_8' title="bbox 722 1203 2753 1299; baseline 0.001 -27"><span class='ocrx_word' id='word_1_47' title='bbox 722 1205 875 1273; x_wconf 82' lang='lat' dir='ltr'>XV.</span> <span class='ocrx_word' id='word_1_48' title='bbox 927 1205 1199 1274; x_wconf 87' lang='lat' dir='ltr'>Verum</span> <span class='ocrx_word' id='word_1_49' title='bbox 1252 1219 1534 1291; x_wconf 88' lang='lat' dir='ltr'>autem,</span> <span class='ocrx_word' id='word_1_50' title='bbox 1595 1205 1914 1299; x_wconf 77' lang='lat' dir='ltr'>judices,</span> <span class='ocrx_word' id='word_1_51' title='bbox 1963 1206 2021 1276; x_wconf 87' lang='lat' dir='ltr'>si</span> <span class='ocrx_word' id='word_1_52' title='bbox 2074 1207 2261 1275; x_wconf 88' lang='lat' dir='ltr'>scire</span> <span class='ocrx_word' id='word_1_53' title='bbox 2306 1203 2582 1275; x_wconf 78' lang='lat' dir='ltr'>vultis:</span> <span class='ocrx_word' id='word_1_54' title='bbox 2621 1207 2753 1274; x_wconf 88' lang='lat' dir='ltr'>nisi</span> 
     </span>
     <span class='ocr_line' id='line_1_9' title="bbox 624 1313 2755 1401; baseline 0.001 -18"><span class='ocrx_word' id='word_1_55' title='bbox 624 1317 704 1383; x_wconf 90' lang='lat' dir='ltr'>C.</span> <span class='ocrx_word' id='word_1_56' title='bbox 759 1314 1048 1385; x_wconf 69' lang='lat' dir='ltr'>Caesaris</span> <span class='ocrx_word' id='word_1_57' title='bbox 1091 1339 1371 1387; x_wconf 88' lang='lat' dir='ltr'>summa</span> <span class='ocrx_word' id='word_1_58' title='bbox 1436 1318 1514 1387; x_wconf 89' lang='lat' dir='ltr'>in</span> <span class='ocrx_word' id='word_1_59' title='bbox 1570 1339 1863 1401; x_wconf 69' lang='lat' dir='ltr'>omnoe,</span> <span class='ocrx_word' id='word_1_60' title='bbox 1912 1313 2356 1387; x_wconf 87' lang='lat' dir='ltr'>incredibilis</span> <span class='ocrx_word' id='word_1_61' title='bbox 2422 1316 2498 1385; x_wconf 86' lang='lat' dir='ltr'>in</span> <span class='ocrx_word' id='word_1_62' title='bbox 2559 1313 2755 1385; x_wconf 88' lang='lat' dir='ltr'>hunc</span> 
     </span>
     <span class='ocr_line' id='line_1_10' title="bbox 622 1420 2753 1519; baseline 0 -27"><span class='ocrx_word' id='word_1_63' title='bbox 622 1420 873 1493; x_wconf 86' lang='lat' dir='ltr'>eadem</span> <span class='ocrx_word' id='word_1_64' title='bbox 908 1421 1285 1494; x_wconf 82' lang='lat' dir='ltr'>liberalitas</span> <span class='ocrx_word' id='word_1_65' title='bbox 1313 1427 1901 1519; x_wconf 71' lang='lat' dir='ltr'>exstitisset¹‚uos</span> <span class='ocrx_word' id='word_1_66' title='bbox 1935 1425 2130 1497; x_wconf 90' lang='lat' dir='ltr'>hunc</span> <span class='ocrx_word' id='word_1_67' title='bbox 2154 1430 2583 1497; x_wconf 86' lang='lat' dir='ltr'>Postumum</span> <span class='ocrx_word' id='word_1_68' title='bbox 2605 1424 2753 1517; x_wconf 81' lang='lat' dir='ltr'>jam</span> 
     </span>
     <span class='ocr_line' id='line_1_11' title="bbox 622 1530 2754 1628; baseline 0.001 -27"><span class='ocrx_word' id='word_1_69' title='bbox 622 1532 901 1628; x_wconf 84' lang='lat' dir='ltr'>pridem</span> <span class='ocrx_word' id='word_1_70' title='bbox 930 1537 1002 1603; x_wconf 92' lang='lat' dir='ltr'>in</span> <span class='ocrx_word' id='word_1_71' title='bbox 1030 1530 1190 1603; x_wconf 85' lang='lat' dir='ltr'>foro</span> <span class='ocrx_word' id='word_1_72' title='bbox 1228 1560 1377 1606; x_wconf 88' lang='lat' dir='ltr'>uon</span> <span class='ocrx_word' id='word_1_73' title='bbox 1409 1535 1912 1609; x_wconf 76' lang='lat' dir='ltr'>haberemus2.</span> <span class='ocrx_word' id='word_1_74' title='bbox 1944 1536 2072 1607; x_wconf 85' lang='lat' dir='ltr'>Ille</span> <span class='ocrx_word' id='word_1_75' title='bbox 2099 1560 2328 1607; x_wconf 84' lang='lat' dir='ltr'>onera</span> <span class='ocrx_word' id='word_1_76' title='bbox 2355 1536 2754 1606; x_wconf 87' lang='lat' dir='ltr'>multorum</span> 
     </span>
     <span class='ocr_line' id='line_1_12' title="bbox 621 1641 2806 1744; baseline 0.003 -34"><span class='ocrx_word' id='word_1_77' title='bbox 621 1641 839 1735; x_wconf 87' lang='lat' dir='ltr'>hujus</span> <span class='ocrx_word' id='word_1_78' title='bbox 886 1645 1280 1713; x_wconf 84' lang='lat' dir='ltr'>amicorum</span> <span class='ocrx_word' id='word_1_79' title='bbox 1320 1648 1606 1744; x_wconf 80' lang='lat' dir='ltr'>excepit</span> <span class='ocrx_word' id='word_1_80' title='bbox 1651 1671 1875 1731; x_wconf 90' lang='lat' dir='ltr'>unus;</span> <span class='ocrx_word' id='word_1_81' title='bbox 1923 1668 2231 1742; x_wconf 78' lang='lat' dir='ltr'>quaeque</span> <span class='ocrx_word' id='word_1_82' title='bbox 2270 1646 2489 1716; x_wconf 85' lang='lat' dir='ltr'>multi</span> <span class='ocrx_word' id='word_1_83' title='bbox 2525 1645 2754 1716; x_wconf 89' lang='lat' dir='ltr'>homi·</span> <span class='ocrx_word' id='word_1_84' title='bbox 2788 1673 2806 1690; x_wconf 93' lang='lat'><strong>·</strong></span> 
     </span>
     <span class='ocr_line' id='line_1_13' title="bbox 620 1752 2754 1853; baseline 0 -30"><span class='ocrx_word' id='word_1_85' title='bbox 620 1776 750 1823; x_wconf 88' lang='lat' dir='ltr'>nes</span> <span class='ocrx_word' id='word_1_86' title='bbox 773 1754 1149 1823; x_wconf 85' lang='lat' dir='ltr'>necessarii</span> <span class='ocrx_word' id='word_1_87' title='bbox 1168 1755 1505 1827; x_wconf 82' lang='lat' dir='ltr'>secundis</span> <span class='ocrx_word' id='word_1_88' title='bbox 1526 1759 1844 1827; x_wconf 76' lang='lat' dir='ltr'>Postumi</span> <span class='ocrx_word' id='word_1_89' title='bbox 1870 1755 2086 1828; x_wconf 87' lang='lat' dir='ltr'>rebus</span> <span class='ocrx_word' id='word_1_90' title='bbox 2114 1754 2481 1853; x_wconf 84' lang='lat' dir='ltr'>descripta</span> <span class='ocrx_word' id='word_1_91' title='bbox 2498 1752 2525 1798; x_wconf 81' lang='lat'>³</span> <span class='ocrx_word' id='word_1_92' title='bbox 2556 1755 2754 1825; x_wconf 88' lang='lat' dir='ltr'>susti·</span> 
     </span>
     <span class='ocr_line' id='line_1_14' title="bbox 625 1863 2754 1959; baseline 0 -28"><span class='ocrx_word' id='word_1_93' title='bbox 625 1875 964 1948; x_wconf 68' lang='lat' dir='ltr'>unierunt,</span> <span class='ocrx_word' id='word_1_94' title='bbox 992 1887 1189 1935; x_wconf 88' lang='lat' dir='ltr'>nunc</span> <span class='ocrx_word' id='word_1_95' title='bbox 1207 1866 1366 1959; x_wconf 85' lang='lat' dir='ltr'>ejus</span> <span class='ocrx_word' id='word_1_96' title='bbox 1382 1863 1662 1939; x_wconf 81' lang='lat' dir='ltr'>afflictis</span> <span class='ocrx_word' id='word_1_97' title='bbox 1683 1864 1995 1938; x_wconf 83' lang='lat' dir='ltr'>fortunis</span> <span class='ocrx_word' id='word_1_98' title='bbox 2021 1866 2403 1936; x_wconf 74' lang='lat' dir='ltr'>universa‘·</span> <span class='ocrx_word' id='word_1_99' title='bbox 2432 1866 2754 1935; x_wconf 81' lang='lat' dir='ltr'>sustinet.</span> 
     </span>
     <span class='ocr_line' id='line_1_15' title="bbox 625 1972 2756 2073; baseline 0 -32"><span class='ocrx_word' id='word_1_100' title='bbox 625 1972 970 2044; x_wconf 82' lang='lat' dir='ltr'>Umbram</span> <span class='ocrx_word' id='word_1_101' title='bbox 1001 1976 1264 2070; x_wconf 87' lang='lat' dir='ltr'>equitis</span> <span class='ocrx_word' id='word_1_102' title='bbox 1291 1978 1575 2047; x_wconf 85' lang='lat' dir='ltr'>romani</span> <span class='ocrx_word' id='word_1_103' title='bbox 1610 1990 1684 2048; x_wconf 87' lang='lat' dir='ltr'>et</span> <span class='ocrx_word' id='word_1_104' title='bbox 1711 1979 2090 2073; x_wconf 81' lang='lat' dir='ltr'>imaginem</span> <span class='ocrx_word' id='word_1_105' title='bbox 2122 1973 2421 2058; x_wconf 82' lang='lat' dir='ltr'>videtis,</span> <span class='ocrx_word' id='word_1_106' title='bbox 2438 1972 2711 2068; x_wconf 80' lang='lat' dir='ltr'>judices</span> <span class='ocrx_word' id='word_1_107' title='bbox 2732 2025 2756 2055; x_wconf 87' lang='lat'>‚</span> 
     </span>
    </p>
   </div>
   <div class='ocr_carea' id='block_1_3' title="bbox 622 2191 1645 3048">
    <p class='ocr_par' dir='ltr' id='par_1_4' title="bbox 622 2191 1645 2968">
     <span class='ocr_line' id='line_1_16' title="bbox 623 2191 1645 2255; baseline 0.005 -18"><span class='ocrx_word' id='word_1_108' title='bbox 623 2206 794 2252; x_wconf 83' lang='lat' dir='ltr'>genera</span> <span class='ocrx_word' id='word_1_109' title='bbox 807 2225 821 2248; x_wconf 92' lang='lat'>,</span> <span class='ocrx_word' id='word_1_110' title='bbox 846 2208 955 2255; x_wconf 76' lang='lat' dir='ltr'>quae</span> <span class='ocrx_word' id='word_1_111' title='bbox 972 2191 1261 2239; x_wconf 73' lang='lat' dir='ltr'>Alexandria</span> <span class='ocrx_word' id='word_1_112' title='bbox 1280 2194 1486 2241; x_wconf 81' lang='lat' dir='ltr'>Romam</span> <span class='ocrx_word' id='word_1_113' title='bbox 1508 2195 1645 2242; x_wconf 87' lang='lat' dir='ltr'>vehe-</span> 
     </span>
     <span class='ocr_line' id='line_1_17' title="bbox 624 2269 1635 2333; baseline 0.006 -19"><span class='ocrx_word' id='word_1_114' title='bbox 624 2269 816 2330; x_wconf 82' lang='lat' dir='ltr'>bantur,</span> <span class='ocrx_word' id='word_1_115' title='bbox 857 2270 1264 2333; x_wconf 85' lang='lat' dir='ltr'>quemadmodnm</span> <span class='ocrx_word' id='word_1_116' title='bbox 1298 2273 1466 2320; x_wconf 76' lang='lat' dir='ltr'>scribit</span> <span class='ocrx_word' id='word_1_117' title='bbox 1508 2273 1635 2321; x_wconf 90' lang='lat' dir='ltr'>Pliu.</span> 
     </span>
     <span class='ocr_line' id='line_1_18' title="bbox 623 2346 1637 2413; baseline 0.007 -19"><span class='ocrx_word' id='word_1_118' title='bbox 623 2346 708 2396; x_wconf 83' lang='lat' dir='ltr'>lib.</span> <span class='ocrx_word' id='word_1_119' title='bbox 743 2348 892 2406; x_wconf 71' lang='lat'>1111,</span> <span class='ocrx_word' id='word_1_120' title='bbox 919 2365 1028 2413; x_wconf 86' lang='lat' dir='ltr'>cap.</span> <span class='ocrx_word' id='word_1_121' title='bbox 1067 2365 1147 2410; x_wconf 80' lang='grc' dir='ltr'>ιι,</span> <span class='ocrx_word' id='word_1_122' title='bbox 1182 2362 1231 2400; x_wconf 88' lang='lat' dir='ltr'>et</span> <span class='ocrx_word' id='word_1_123' title='bbox 1265 2350 1351 2400; x_wconf 87' lang='lat' dir='ltr'>lib.</span> <span class='ocrx_word' id='word_1_124' title='bbox 1388 2352 1637 2412; x_wconf 79' lang='lat' dir='ltr'>xxxvl,</span> 
     </span>
     <span class='ocr_line' id='line_1_19' title="bbox 623 2429 1640 2491; baseline 0.008 -17"><span class='ocrx_word' id='word_1_125' title='bbox 623 2443 732 2491; x_wconf 74' lang='lat' dir='ltr'>cap.</span> <span class='ocrx_word' id='word_1_126' title='bbox 759 2429 847 2477; x_wconf 79' lang='lat'>26.</span> <span class='ocrx_word' id='word_1_127' title='bbox 876 2431 1144 2478; x_wconf 71' lang='lat' dir='ltr'>Accusator</span> <span class='ocrx_word' id='word_1_128' title='bbox 1171 2431 1422 2480; x_wconf 72' lang='lat' dir='ltr'>contendit</span> <span class='ocrx_word' id='word_1_129' title='bbox 1446 2432 1640 2486; x_wconf 70' lang='lat' dir='ltr'>latuisse</span> 
     </span>
     <span class='ocr_line' id='line_1_20' title="bbox 622 2507 1639 2578; baseline 0.007 -25"><span class='ocrx_word' id='word_1_130' title='bbox 622 2507 712 2554; x_wconf 88' lang='lat' dir='ltr'>sub</span> <span class='ocrx_word' id='word_1_131' title='bbox 732 2508 791 2554; x_wconf 90' lang='lat' dir='ltr'>iis</span> <span class='ocrx_word' id='word_1_132' title='bbox 808 2507 1050 2555; x_wconf 76' lang='lat' dir='ltr'>mercibus</span> <span class='ocrx_word' id='word_1_133' title='bbox 1067 2509 1345 2574; x_wconf 74' lang='lat' dir='ltr'>vulgaribus</span> <span class='ocrx_word' id='word_1_134' title='bbox 1363 2527 1437 2558; x_wconf 85' lang='lat' dir='ltr'>res</span> <span class='ocrx_word' id='word_1_135' title='bbox 1455 2515 1639 2578; x_wconf 81' lang='lat' dir='ltr'>pretio-</span> 
     </span>
     <span class='ocr_line' id='line_1_21' title="bbox 623 2586 1638 2651; baseline 0.007 -18"><span class='ocrx_word' id='word_1_136' title='bbox 623 2604 723 2640; x_wconf 83' lang='lat' dir='ltr'>sas,</span> <span class='ocrx_word' id='word_1_137' title='bbox 762 2586 948 2634; x_wconf 85' lang='lat' dir='ltr'>scilicet</span> <span class='ocrx_word' id='word_1_138' title='bbox 982 2603 1182 2646; x_wconf 88' lang='lat' dir='ltr'>aumm,</span> <span class='ocrx_word' id='word_1_139' title='bbox 1222 2603 1503 2651; x_wconf 84' lang='lat' dir='ltr'>argentum,</span> <span class='ocrx_word' id='word_1_140' title='bbox 1546 2602 1638 2641; x_wconf 87' lang='lat' dir='ltr'>etc.</span> 
     </span>
     <span class='ocr_line' id='line_1_22' title="bbox 623 2663 1644 2730; baseline 0.006 -19"><span class='ocrx_word' id='word_1_141' title='bbox 623 2663 758 2729; x_wconf 70' lang='lat' dir='ltr'>Quid</span> <span class='ocrx_word' id='word_1_142' title='bbox 802 2666 928 2713; x_wconf 88' lang='lat' dir='ltr'>enim</span> <span class='ocrx_word' id='word_1_143' title='bbox 975 2665 1301 2730; x_wconf 78' lang='lat' dir='ltr'>significarent</span> <span class='ocrx_word' id='word_1_144' title='bbox 1346 2667 1542 2716; x_wconf 82' lang='lat' dir='ltr'>fallaces</span> <span class='ocrx_word' id='word_1_145' title='bbox 1594 2680 1644 2717; x_wconf 90' lang='lat' dir='ltr'>et</span> 
     </span>
     <span class='ocr_line' id='line_1_23' title="bbox 624 2744 1640 2806; baseline 0.006 -16"><span class='ocrx_word' id='word_1_146' title='bbox 624 2744 805 2792; x_wconf 80' lang='lat' dir='ltr'>fucosae</span> <span class='ocrx_word' id='word_1_147' title='bbox 845 2761 1062 2803; x_wconf 86' lang='lat' dir='ltr'>merces,</span> <span class='ocrx_word' id='word_1_148' title='bbox 1098 2746 1280 2794; x_wconf 78' lang='lat' dir='ltr'>chartis</span> <span class='ocrx_word' id='word_1_149' title='bbox 1316 2746 1518 2806; x_wconf 55' lang='lat' dir='ltr'>delatas,</span> <span class='ocrx_word' id='word_1_150' title='bbox 1547 2759 1640 2797; x_wconf 84' lang='lat' dir='ltr'>etc.</span> 
     </span>
     <span class='ocr_line' id='line_1_24' title="bbox 623 2824 1640 2890; baseline 0.005 -20"><span class='ocrx_word' id='word_1_151' title='bbox 623 2824 875 2871; x_wconf 75' lang='lat' dir='ltr'>Obscurus</span> <span class='ocrx_word' id='word_1_152' title='bbox 908 2824 1100 2871; x_wconf 82' lang='lat' dir='ltr'>videtur</span> <span class='ocrx_word' id='word_1_153' title='bbox 1129 2824 1290 2882; x_wconf 86' lang='lat' dir='ltr'>locus,</span> <span class='ocrx_word' id='word_1_154' title='bbox 1320 2842 1409 2873; x_wconf 89' lang='lat' dir='ltr'>nec</span> <span class='ocrx_word' id='word_1_155' title='bbox 1435 2828 1545 2890; x_wconf 87' lang='lat' dir='ltr'>quis</span> <span class='ocrx_word' id='word_1_156' title='bbox 1573 2829 1640 2875; x_wconf 82' lang='lat' dir='ltr'>fa-</span> 
     </span>
     <span class='ocr_line' id='line_1_25' title="bbox 622 2902 1216 2968; baseline 0.003 -18"><span class='ocrx_word' id='word_1_157' title='bbox 622 2905 713 2951; x_wconf 87' lang='lat' dir='ltr'>cile</span> <span class='ocrx_word' id='word_1_158' title='bbox 737 2903 873 2950; x_wconf 89' lang='lat' dir='ltr'>illum</span> <span class='ocrx_word' id='word_1_159' title='bbox 897 2902 1216 2968; x_wconf 80' lang='lat' dir='ltr'>expediverit.</span> 
     </span>
    </p>

    <p class='ocr_par' dir='ltr' id='par_1_5' title="bbox 691 2983 1638 3048">
     <span class='ocr_line' id='line_1_26' title="bbox 691 2983 1638 3048; baseline 0.001 -17"><span class='ocrx_word' id='word_1_160' title='bbox 691 3001 742 3046; x_wconf 88' lang='lat'>9.</span> <span class='ocrx_word' id='word_1_161' title='bbox 773 2985 884 3030; x_wconf 84' lang='lat' dir='ltr'>Una</span> <span class='ocrx_word' id='word_1_162' title='bbox 912 3000 1009 3030; x_wconf 78' lang='lat' dir='ltr'>non</span> <span class='ocrx_word' id='word_1_163' title='bbox 1025 2983 1190 3048; x_wconf 75' lang='lat' dir='ltr'>patuit</span> <span class='ocrx_word' id='word_1_164' title='bbox 1203 3001 1383 3048; x_wconf 70' lang='lat' dir='ltr'>parva.</span> <span class='ocrx_word' id='word_1_165' title='bbox 1415 2984 1638 3045; x_wconf 86' lang='lat' dir='ltr'>Scilicet,</span> 
     </span>
    </p>
   </div>
   <div class='ocr_carea' id='block_1_4' title="bbox 619 3063 1723 3126">
    <p class='ocr_par' dir='ltr' id='par_1_6' title="bbox 619 3063 1723 3126">
     <span class='ocr_line' id='line_1_27' title="bbox 619 3063 1723 3126; baseline 0.003 -16"><span class='ocrx_word' id='word_1_166' title='bbox 619 3065 731 3126; x_wconf 87' lang='lat' dir='ltr'>quia</span> <span class='ocrx_word' id='word_1_167' title='bbox 759 3063 1031 3111; x_wconf 87' lang='lat' dir='ltr'>thesaurum</span> <span class='ocrx_word' id='word_1_168' title='bbox 1050 3063 1232 3111; x_wconf 83' lang='lat' dir='ltr'>ferebat</span> <span class='ocrx_word' id='word_1_169' title='bbox 1248 3098 1262 3123; x_wconf 89' lang='lat'>‚</span> <span class='ocrx_word' id='word_1_170' title='bbox 1282 3065 1350 3111; x_wconf 85' lang='lat' dir='ltr'>ait</span> <span class='ocrx_word' id='word_1_171' title='bbox 1369 3076 1636 3113; x_wconf 87' lang='lat' dir='ltr'>accusator.</span> <span class='ocrx_word' id='word_1_172' title='bbox 1718 3069 1723 3074; x_wconf 77' lang='grc'><em>“</em></span> 
     </span>
    </p>
   </div>
   <div class='ocr_carea' id='block_1_5' title="bbox 616 3141 1641 4230">
    <p class='ocr_par' dir='ltr' id='par_1_7' title="bbox 616 3141 1641 3659">
     <span class='ocr_line' id='line_1_28' title="bbox 619 3141 1641 3207; baseline 0.002 -19"><span class='ocrx_word' id='word_1_173' title='bbox 619 3143 733 3190; x_wconf 87' lang='lat' dir='ltr'>Nou</span> <span class='ocrx_word' id='word_1_174' title='bbox 769 3143 926 3206; x_wconf 83' lang='lat' dir='ltr'>patuit</span> <span class='ocrx_word' id='word_1_175' title='bbox 972 3141 1353 3207; x_wconf 75' lang='lat' dir='ltr'>spectatoribus,</span> <span class='ocrx_word' id='word_1_176' title='bbox 1389 3143 1641 3204; x_wconf 82' lang='lat' dir='ltr'>concedo;</span> 
     </span>
     <span class='ocr_line' id='line_1_29' title="bbox 616 3220 1638 3287; baseline 0.001 -20"><span class='ocrx_word' id='word_1_177' title='bbox 616 3220 700 3268; x_wconf 85' lang='lat' dir='ltr'>sed</span> <span class='ocrx_word' id='word_1_178' title='bbox 725 3223 987 3284; x_wconf 85' lang='lat' dir='ltr'>portitores</span> <span class='ocrx_word' id='word_1_179' title='bbox 1022 3221 1168 3272; x_wconf 65' lang='lat' dir='ltr'>celari,</span> <span class='ocrx_word' id='word_1_180' title='bbox 1199 3239 1304 3272; x_wconf 85' lang='lat' dir='ltr'>uon</span> <span class='ocrx_word' id='word_1_181' title='bbox 1338 3224 1519 3287; x_wconf 84' lang='lat' dir='ltr'>potuit.</span> <span class='ocrx_word' id='word_1_182' title='bbox 1554 3225 1638 3278; x_wconf 63' lang='lat' dir='ltr'>ssln-</span> 
     </span>
     <span class='ocr_line' id='line_1_30' title="bbox 620 3299 1638 3366; baseline 0.002 -22"><span class='ocrx_word' id='word_1_183' title='bbox 620 3299 939 3362; x_wconf 84' lang='lat' dir='ltr'>telligendum</span> <span class='ocrx_word' id='word_1_184' title='bbox 991 3302 1184 3349; x_wconf 84' lang='lat' dir='ltr'>videtur</span> <span class='ocrx_word' id='word_1_185' title='bbox 1232 3301 1292 3348; x_wconf 85' lang='lat' dir='ltr'>de</span> <span class='ocrx_word' id='word_1_186' title='bbox 1339 3319 1433 3349; x_wconf 86' lang='lat' dir='ltr'>una</span> <span class='ocrx_word' id='word_1_187' title='bbox 1490 3316 1638 3366; x_wconf 74' lang='lat' dir='ltr'>parva</span> 
     </span>
     <span class='ocr_line' id='line_1_31' title="bbox 618 3380 1637 3444; baseline 0.002 -20"><span class='ocrx_word' id='word_1_188' title='bbox 618 3392 808 3434; x_wconf 84' lang='lat' dir='ltr'>merce;</span> <span class='ocrx_word' id='word_1_189' title='bbox 853 3396 938 3427; x_wconf 88' lang='lat' dir='ltr'>seu</span> <span class='ocrx_word' id='word_1_190' title='bbox 983 3380 1216 3427; x_wconf 81' lang='lat' dir='ltr'>fasciculo</span> <span class='ocrx_word' id='word_1_191' title='bbox 1262 3381 1517 3444; x_wconf 83' lang='lat' dir='ltr'>colligato,</span> <span class='ocrx_word' id='word_1_192' title='bbox 1554 3380 1637 3443; x_wconf 87' lang='lat' dir='ltr'>qui</span> 
     </span>
     <span class='ocr_line' id='line_1_32' title="bbox 618 3456 1637 3520; baseline 0.006 -20"><span class='ocrx_word' id='word_1_193' title='bbox 618 3469 721 3501; x_wconf 85' lang='lat' dir='ltr'>nou</span> <span class='ocrx_word' id='word_1_194' title='bbox 757 3456 910 3502; x_wconf 85' lang='lat' dir='ltr'>oculis</span> <span class='ocrx_word' id='word_1_195' title='bbox 945 3458 1172 3520; x_wconf 84' lang='lat' dir='ltr'>patuerit.</span> <span class='ocrx_word' id='word_1_196' title='bbox 1211 3456 1495 3505; x_wconf 86' lang='lat' dir='ltr'>Addebatur</span> <span class='ocrx_word' id='word_1_197' title='bbox 1522 3458 1637 3506; x_wconf 85' lang='lat' dir='ltr'>olim</span> 
     </span>
     <span class='ocr_line' id='line_1_33' title="bbox 617 3534 1641 3599; baseline 0.004 -20"><span class='ocrx_word' id='word_1_198' title='bbox 617 3555 639 3572; x_wconf 69' lang='lat' dir='ltr'>u</span> <span class='ocrx_word' id='word_1_199' title='bbox 659 3545 705 3580; x_wconf 89' lang='lat' dir='ltr'>et</span> <span class='ocrx_word' id='word_1_200' title='bbox 748 3544 996 3589; x_wconf 73' lang='lat' dir='ltr'>arctata»,</span> <span class='ocrx_word' id='word_1_201' title='bbox 1031 3534 1162 3597; x_wconf 85' lang='lat' dir='ltr'>quod</span> <span class='ocrx_word' id='word_1_202' title='bbox 1195 3535 1437 3597; x_wconf 83' lang='lat' dir='ltr'>plerisque</span> <span class='ocrx_word' id='word_1_203' title='bbox 1465 3537 1641 3599; x_wconf 73' lang='lat' dir='ltr'>displi-</span> 
     </span>
     <span class='ocr_line' id='line_1_34' title="bbox 619 3610 1225 3659; baseline -0.002 -2"><span class='ocrx_word' id='word_1_204' title='bbox 619 3611 740 3659; x_wconf 85' lang='lat' dir='ltr'>cuit.</span> <span class='ocrx_word' id='word_1_205' title='bbox 769 3610 940 3657; x_wconf 83' lang='lat' dir='ltr'>Servat</span> <span class='ocrx_word' id='word_1_206' title='bbox 968 3610 1225 3657; x_wconf 83' lang='lat' dir='ltr'>Weiskius.</span> 
     </span>
    </p>

    <p class='ocr_par' dir='ltr' id='par_1_8' title="bbox 616 3689 1636 4230">
     <span class='ocr_line' id='line_1_35' title="bbox 696 3689 1632 3754; baseline 0.001 -17"><span class='ocrx_word' id='word_1_207' title='bbox 696 3705 774 3738; x_wconf 80' lang='grc' dir='ltr'>ιο.</span> <span class='ocrx_word' id='word_1_208' title='bbox 814 3689 1052 3736; x_wconf 80' lang='lat' dir='ltr'>AEstatem</span> <span class='ocrx_word' id='word_1_209' title='bbox 1099 3705 1286 3748; x_wconf 79' lang='lat' dir='ltr'>unam,</span> <span class='ocrx_word' id='word_1_210' title='bbox 1321 3707 1415 3740; x_wconf 81' lang='lat' dir='ltr'>nou</span> <span class='ocrx_word' id='word_1_211' title='bbox 1446 3692 1632 3754; x_wconf 76' lang='lat' dir='ltr'>plures.</span> 
     </span>
     <span class='ocr_line' id='line_1_36' title="bbox 616 3769 1636 3831; baseline 0.005 -15"><span class='ocrx_word' id='word_1_212' title='bbox 616 3773 782 3817; x_wconf 83' lang='lat' dir='ltr'>Sermo</span> <span class='ocrx_word' id='word_1_213' title='bbox 816 3769 897 3816; x_wconf 87' lang='lat' dir='ltr'>ille</span> <span class='ocrx_word' id='word_1_214' title='bbox 934 3784 1019 3831; x_wconf 86' lang='lat' dir='ltr'>per</span> <span class='ocrx_word' id='word_1_215' title='bbox 1064 3785 1208 3816; x_wconf 83' lang='lat' dir='ltr'>unam</span> <span class='ocrx_word' id='word_1_216' title='bbox 1254 3781 1499 3828; x_wconf 56' lang='lat' dir='ltr'>aretatem,</span> <span class='ocrx_word' id='word_1_217' title='bbox 1541 3772 1636 3821; x_wconf 79' lang='lat' dir='ltr'>hoa</span> 
     </span>
     <span class='ocr_line' id='line_1_37' title="bbox 617 3848 1636 3912; baseline 0.002 -16"><span class='ocrx_word' id='word_1_218' title='bbox 617 3860 688 3896; x_wconf 80' lang='lat' dir='ltr'>est</span> <span class='ocrx_word' id='word_1_219' title='bbox 704 3883 719 3907; x_wconf 88' lang='lat'>,</span> <span class='ocrx_word' id='word_1_220' title='bbox 752 3859 940 3912; x_wconf 84' lang='lat' dir='ltr'>tempus</span> <span class='ocrx_word' id='word_1_221' title='bbox 961 3848 1092 3912; x_wconf 86' lang='lat' dir='ltr'>quod</span> <span class='ocrx_word' id='word_1_222' title='bbox 1115 3851 1322 3898; x_wconf 76' lang='lat' dir='ltr'>Romani</span> <span class='ocrx_word' id='word_1_223' title='bbox 1349 3851 1563 3900; x_wconf 83' lang='lat' dir='ltr'>Puteolis</span> <span class='ocrx_word' id='word_1_224' title='bbox 1583 3853 1636 3898; x_wconf 86' lang='lat' dir='ltr'>in</span> 
     </span>
     <span class='ocr_line' id='line_1_38' title="bbox 619 3927 1635 3992; baseline 0.003 -18"><span class='ocrx_word' id='word_1_225' title='bbox 619 3937 781 3975; x_wconf 58' lang='lat' dir='ltr'>aestate</span> <span class='ocrx_word' id='word_1_226' title='bbox 805 3927 1170 3986; x_wconf 81' lang='lat' dir='ltr'>consumebant,</span> <span class='ocrx_word' id='word_1_227' title='bbox 1196 3930 1487 3992; x_wconf 85' lang='lat' dir='ltr'>percrebuit.</span> <span class='ocrx_word' id='word_1_228' title='bbox 1512 3934 1635 3980; x_wconf 88' lang='lat' dir='ltr'>Sunt</span> 
     </span>
     <span class='ocr_line' id='line_1_39' title="bbox 620 4006 1632 4072; baseline 0 -17"><span class='ocrx_word' id='word_1_229' title='bbox 620 4007 798 4072; x_wconf 85' lang='lat' dir='ltr'>quibus</span> <span class='ocrx_word' id='word_1_230' title='bbox 830 4006 1022 4053; x_wconf 80' lang='lat' dir='ltr'>videtur</span> <span class='ocrx_word' id='word_1_231' title='bbox 1051 4024 1150 4054; x_wconf 80' lang='lat' dir='ltr'>vox</span> <span class='ocrx_word' id='word_1_232' title='bbox 1178 4009 1259 4057; x_wconf 88' lang='lat' dir='ltr'>illa</span> <span class='ocrx_word' id='word_1_233' title='bbox 1293 4033 1315 4052; x_wconf 72' lang='lat'>.-</span> <span class='ocrx_word' id='word_1_234' title='bbox 1333 4026 1475 4058; x_wconf 86' lang='lat' dir='ltr'>unam</span> <span class='ocrx_word' id='word_1_235' title='bbox 1493 4032 1518 4051; x_wconf 71' lang='lat' dir='ltr'>a</span> <span class='ocrx_word' id='word_1_236' title='bbox 1567 4011 1632 4056; x_wconf 89' lang='lat' dir='ltr'>si-</span> 
     </span>
     <span class='ocr_line' id='line_1_40' title="bbox 617 4086 1636 4153; baseline 0.002 -19"><span class='ocrx_word' id='word_1_237' title='bbox 617 4086 954 4150; x_wconf 78' lang='lat' dir='ltr'>gnificanti0r3</span> <span class='ocrx_word' id='word_1_238' title='bbox 977 4086 1116 4134; x_wconf 87' lang='lat' dir='ltr'>nobis</span> <span class='ocrx_word' id='word_1_239' title='bbox 1129 4105 1219 4151; x_wconf 88' lang='lat' dir='ltr'>pro</span> <span class='ocrx_word' id='word_1_240' title='bbox 1238 4100 1452 4153; x_wconf 83' lang='lat' dir='ltr'>tempoie</span> <span class='ocrx_word' id='word_1_241' title='bbox 1471 4088 1636 4151; x_wconf 76' lang='lat' dir='ltr'>aliquo</span> 
     </span>
     <span class='ocr_line' id='line_1_41' title="bbox 618 4166 1174 4230; baseline 0.005 -18"><span class='ocrx_word' id='word_1_242' title='bbox 618 4166 873 4214; x_wconf 79' lang='lat' dir='ltr'>indefinito</span> <span class='ocrx_word' id='word_1_243' title='bbox 903 4177 1174 4230; x_wconf 83' lang='lat' dir='ltr'>usurpatur.</span> 
     </span>
    </p>
   </div>
   <div class='ocr_carea' id='block_1_6' title="bbox 1723 2190 2764 3992">
    <p class='ocr_par' dir='ltr' id='par_1_9' title="bbox 1726 2190 2749 2402">
     <span class='ocr_line' id='line_1_42' title="bbox 1810 2190 2749 2255; baseline -0.003 -14"><span class='ocrx_word' id='word_1_244' title='bbox 1810 2211 1827 2241; x_wconf 87' lang='grc' dir='ltr'>ι</span> <span class='ocrx_word' id='word_1_245' title='bbox 1845 2209 1887 2244; x_wconf 85' lang='lat'>1.</span> <span class='ocrx_word' id='word_1_246' title='bbox 1918 2197 2075 2241; x_wconf 76' lang='lat' dir='ltr'>Aures</span> <span class='ocrx_word' id='word_1_247' title='bbox 2096 2191 2293 2255; x_wconf 64' lang='lat' dir='ltr'>mser-sit</span> <span class='ocrx_word' id='word_1_248' title='bbox 2314 2191 2412 2239; x_wconf 78' lang='lat' dir='ltr'>istis</span> <span class='ocrx_word' id='word_1_249' title='bbox 2435 2190 2749 2238; x_wconf 70' lang='lat' dir='ltr'>sermonibus.</span> 
     </span>
     <span class='ocr_line' id='line_1_43' title="bbox 1730 2271 2747 2334; baseline -0.003 -14"><span class='ocrx_word' id='word_1_250' title='bbox 1730 2273 1797 2321; x_wconf 76' lang='lat' dir='ltr'>m</span> <span class='ocrx_word' id='word_1_251' title='bbox 1824 2284 1924 2332; x_wconf 83' lang='lat' dir='ltr'>est,</span> <span class='ocrx_word' id='word_1_252' title='bbox 1947 2273 2010 2322; x_wconf 79' lang='lat' dir='ltr'>ad</span> <span class='ocrx_word' id='word_1_253' title='bbox 2044 2284 2233 2322; x_wconf 81' lang='lat' dir='ltr'>nostras</span> <span class='ocrx_word' id='word_1_254' title='bbox 2267 2288 2405 2319; x_wconf 81' lang='lat' dir='ltr'>aures</span> <span class='ocrx_word' id='word_1_255' title='bbox 2432 2271 2603 2318; x_wconf 80' lang='lat' dir='ltr'>crebro</span> <span class='ocrx_word' id='word_1_256' title='bbox 2634 2286 2747 2334; x_wconf 82' lang='lat' dir='ltr'>per·</span> 
     </span>
     <span class='ocr_line' id='line_1_44' title="bbox 1726 2355 1904 2402; baseline 0 0"><span class='ocrx_word' id='word_1_257' title='bbox 1726 2355 1904 2402; x_wconf 72' lang='lat' dir='ltr'>munit.</span> 
     </span>
    </p>

    <p class='ocr_par' dir='ltr' id='par_1_10' title="bbox 1725 2430 2751 2813">
     <span class='ocr_line' id='line_1_45' title="bbox 1797 2430 2751 2492; baseline -0.005 -10"><span class='ocrx_word' id='word_1_258' title='bbox 1797 2436 1912 2484; x_wconf 74' lang='lat' dir='ltr'>XV.</span> <span class='ocrx_word' id='word_1_259' title='bbox 1940 2450 1982 2483; x_wconf 79' lang='lat' dir='ltr'>r.</span> <span class='ocrx_word' id='word_1_260' title='bbox 2006 2433 2264 2482; x_wconf 66' lang='lat' dir='ltr'>merdic.</span> <span class='ocrx_word' id='word_1_261' title='bbox 2283 2430 2566 2480; x_wconf 67' lang='lat' dir='ltr'>eoesnin&#39;ssa.</span> <span class='ocrx_word' id='word_1_262' title='bbox 2591 2431 2751 2492; x_wconf 69' lang='lat' dir='ltr'>Qun</span> 
     </span>
     <span class='ocr_line' id='line_1_46' title="bbox 1725 2509 2751 2576; baseline -0.003 -17"><span class='ocrx_word' id='word_1_263' title='bbox 1725 2512 1990 2576; x_wconf 80' lang='lat' dir='ltr'>legitimum</span> <span class='ocrx_word' id='word_1_264' title='bbox 2027 2513 2254 2562; x_wconf 74' lang='lat' dir='ltr'>Rabirius</span> <span class='ocrx_word' id='word_1_265' title='bbox 2297 2528 2501 2559; x_wconf 72' lang='lat' dir='ltr'>censum</span> <span class='ocrx_word' id='word_1_266' title='bbox 2539 2526 2639 2558; x_wconf 87' lang='lat' dir='ltr'>uon</span> <span class='ocrx_word' id='word_1_267' title='bbox 2673 2509 2751 2556; x_wconf 83' lang='lat' dir='ltr'>ba-</span> 
     </span>
     <span class='ocr_line' id='line_1_47' title="bbox 1728 2589 2748 2653; baseline -0.004 -15"><span class='ocrx_word' id='word_1_268' title='bbox 1728 2591 1888 2648; x_wconf 81' lang='lat' dir='ltr'>beret,</span> <span class='ocrx_word' id='word_1_269' title='bbox 1916 2601 1970 2638; x_wconf 90' lang='lat' dir='ltr'>ut</span> <span class='ocrx_word' id='word_1_270' title='bbox 2001 2593 2213 2653; x_wconf 87' lang='lat' dir='ltr'>equestri</span> <span class='ocrx_word' id='word_1_271' title='bbox 2252 2591 2302 2636; x_wconf 89' lang='lat' dir='ltr'>iu</span> <span class='ocrx_word' id='word_1_272' title='bbox 2333 2589 2514 2636; x_wconf 83' lang='lat' dir='ltr'>or&#39;diue</span> <span class='ocrx_word' id='word_1_273' title='bbox 2550 2604 2748 2635; x_wconf 76' lang='lat' dir='ltr'>servare-</span> 
     </span>
     <span class='ocr_line' id='line_1_48' title="bbox 1730 2669 2744 2729; baseline -0.005 -11"><span class='ocrx_word' id='word_1_274' title='bbox 1730 2682 1828 2729; x_wconf 85' lang='lat' dir='ltr'>tur,</span> <span class='ocrx_word' id='word_1_275' title='bbox 1856 2669 2014 2718; x_wconf 69' lang='lat' dir='ltr'>Caesar</span> <span class='ocrx_word' id='word_1_276' title='bbox 2033 2670 2322 2718; x_wconf 65' lang='lat' dir='ltr'>liberalitate</span> <span class='ocrx_word' id='word_1_277' title='bbox 2346 2687 2436 2718; x_wconf 83' lang='lat' dir='ltr'>sua</span> <span class='ocrx_word' id='word_1_278' title='bbox 2461 2671 2648 2716; x_wconf 72' lang='lat' dir='ltr'>curavit</span> <span class='ocrx_word' id='word_1_279' title='bbox 2664 2677 2744 2727; x_wconf 78' lang='lat' dir='ltr'>,ut</span> 
     </span>
     <span class='ocr_line' id='line_1_49' title="bbox 1730 2749 2609 2813; baseline -0.003 -16"><span class='ocrx_word' id='word_1_280' title='bbox 1730 2752 1853 2798; x_wconf 87' lang='lat' dir='ltr'>banc</span> <span class='ocrx_word' id='word_1_281' title='bbox 1879 2749 2160 2813; x_wconf 80' lang='lat' dir='ltr'>dignitatem</span> <span class='ocrx_word' id='word_1_282' title='bbox 2188 2750 2402 2797; x_wconf 78' lang='lat' dir='ltr'>retiueoe</span> <span class='ocrx_word' id='word_1_283' title='bbox 2432 2759 2609 2812; x_wconf 79' lang='lat' dir='ltr'>posset.</span> 
     </span>
    </p>

    <p class='ocr_par' dir='ltr' id='par_1_11' title="bbox 1727 2826 2742 3051">
     <span class='ocr_line' id='line_1_50' title="bbox 1803 2826 2741 2892; baseline -0.005 -15"><span class='ocrx_word' id='word_1_284' title='bbox 1803 2846 1850 2877; x_wconf 82' lang='lat'>2.</span> <span class='ocrx_word' id='word_1_285' title='bbox 1876 2831 1985 2876; x_wconf 81' lang='lat' dir='ltr'>Iam</span> <span class='ocrx_word' id='word_1_286' title='bbox 2002 2845 2086 2892; x_wconf 78' lang='lat' dir='ltr'>pr.</span> <span class='ocrx_word' id='word_1_287' title='bbox 2110 2828 2294 2892; x_wconf 79' lang='lat' dir='ltr'>insum</span> <span class='ocrx_word' id='word_1_288' title='bbox 2323 2845 2431 2874; x_wconf 77' lang='lat' dir='ltr'>non</span> <span class='ocrx_word' id='word_1_289' title='bbox 2455 2826 2741 2873; x_wconf 66' lang='lat' dir='ltr'>haberemus.</span> 
     </span>
     <span class='ocr_line' id='line_1_51' title="bbox 1728 2905 2742 2972; baseline -0.005 -16"><span class='ocrx_word' id='word_1_290' title='bbox 1728 2910 1854 2972; x_wconf 86' lang='lat' dir='ltr'>Quia</span> <span class='ocrx_word' id='word_1_291' title='bbox 1894 2925 2042 2956; x_wconf 85' lang='lat' dir='ltr'>censu</span> <span class='ocrx_word' id='word_1_292' title='bbox 2075 2923 2242 2955; x_wconf 86' lang='lat' dir='ltr'>careus</span> <span class='ocrx_word' id='word_1_293' title='bbox 2282 2908 2505 2971; x_wconf 81' lang='lat' dir='ltr'>legitimo</span> <span class='ocrx_word' id='word_1_294' title='bbox 2542 2905 2742 2969; x_wconf 80' lang='lat' dir='ltr'>equestri</span> 
     </span>
     <span class='ocr_line' id='line_1_52' title="bbox 1727 2987 2400 3051; baseline 0 -16"><span class='ocrx_word' id='word_1_295' title='bbox 1727 2989 1897 3035; x_wconf 86' lang='lat' dir='ltr'>ordine</span> <span class='ocrx_word' id='word_1_296' title='bbox 1919 2988 2182 3051; x_wconf 79' lang='lat' dir='ltr'>cogebatur</span> <span class='ocrx_word' id='word_1_297' title='bbox 2206 2987 2400 3036; x_wconf 83' lang='lat' dir='ltr'>cedere.</span> 
     </span>
    </p>

    <p class='ocr_par' dir='ltr' id='par_1_12' title="bbox 1723 3066 2761 3920">
     <span class='ocr_line' id='line_1_53' title="bbox 1800 3066 2743 3131; baseline -0.004 -15"><span class='ocrx_word' id='word_1_298' title='bbox 1800 3071 1848 3118; x_wconf 85' lang='lat'>3.</span> <span class='ocrx_word' id='word_1_299' title='bbox 1883 3069 2152 3131; x_wconf 74' lang='lat' dir='ltr'>Descripta.</span> <span class='ocrx_word' id='word_1_300' title='bbox 2189 3070 2299 3116; x_wconf 77' lang='lat' dir='ltr'>Hoc</span> <span class='ocrx_word' id='word_1_301' title='bbox 2330 3067 2448 3115; x_wconf 89' lang='lat' dir='ltr'>loco</span> <span class='ocrx_word' id='word_1_302' title='bbox 2486 3066 2743 3115; x_wconf 75' lang='lat' dir='ltr'>describere</span> 
     </span>
     <span class='ocr_line' id='line_1_54' title="bbox 1726 3143 2741 3214; baseline -0.005 -18"><span class='ocrx_word' id='word_1_303' title='bbox 1726 3147 1964 3211; x_wconf 78' lang='lat' dir='ltr'>significat</span> <span class='ocrx_word' id='word_1_304' title='bbox 1990 3148 2158 3214; x_wconf 87' lang='lat' dir='ltr'>partiri</span> <span class='ocrx_word' id='word_1_305' title='bbox 2185 3159 2233 3195; x_wconf 82' lang='lat' dir='ltr'>et</span> <span class='ocrx_word' id='word_1_306' title='bbox 2261 3147 2593 3211; x_wconf 75' lang='lat' dir='ltr'>distinguere3</span> <span class='ocrx_word' id='word_1_307' title='bbox 2615 3143 2741 3209; x_wconf 67' lang='lat' dir='ltr'>quasi</span> 
     </span>
     <span class='ocr_line' id='line_1_55' title="bbox 1728 3227 2739 3288; baseline -0.008 -10"><span class='ocrx_word' id='word_1_308' title='bbox 1728 3229 1913 3278; x_wconf 83' lang='lat' dir='ltr'>diverse</span> <span class='ocrx_word' id='word_1_309' title='bbox 1951 3239 2000 3276; x_wconf 89' lang='lat' dir='ltr'>et</span> <span class='ocrx_word' id='word_1_310' title='bbox 2038 3229 2237 3277; x_wconf 89' lang='lat' dir='ltr'>seorsim</span> <span class='ocrx_word' id='word_1_311' title='bbox 2279 3227 2512 3275; x_wconf 87' lang='lat' dir='ltr'>scribere.</span> <span class='ocrx_word' id='word_1_312' title='bbox 2556 3230 2739 3288; x_wconf 74' lang='lat' dir='ltr'>Sumpta</span> 
     </span>
     <span class='ocr_line' id='line_1_56' title="bbox 1724 3302 2737 3370; baseline -0.006 -15"><span class='ocrx_word' id='word_1_313' title='bbox 1724 3307 1787 3354; x_wconf 87' lang='lat' dir='ltr'>ab</span> <span class='ocrx_word' id='word_1_314' title='bbox 1842 3308 2144 3355; x_wconf 66' lang='lat' dir='ltr'>exactoribus</span> <span class='ocrx_word' id='word_1_315' title='bbox 2202 3307 2504 3370; x_wconf 69' lang='lat' dir='ltr'>tributorum</span> <span class='ocrx_word' id='word_1_316' title='bbox 2557 3302 2737 3351; x_wconf 75' lang='lat' dir='ltr'>dicendi</span> 
     </span>
     <span class='ocr_line' id='line_1_57' title="bbox 1726 3383 2742 3451; baseline -0.006 -17"><span class='ocrx_word' id='word_1_317' title='bbox 1726 3386 1878 3434; x_wconf 81' lang='lat' dir='ltr'>forma</span> <span class='ocrx_word' id='word_1_318' title='bbox 1916 3403 1941 3434; x_wconf 87' lang='lat' dir='ltr'>a</span> <span class='ocrx_word' id='word_1_319' title='bbox 1981 3386 2157 3451; x_wconf 87' lang='lat' dir='ltr'>quibus</span> <span class='ocrx_word' id='word_1_320' title='bbox 2194 3387 2377 3451; x_wconf 70' lang='lat' dir='ltr'>partite</span> <span class='ocrx_word' id='word_1_321' title='bbox 2417 3397 2465 3432; x_wconf 84' lang='lat' dir='ltr'>et</span> <span class='ocrx_word' id='word_1_322' title='bbox 2496 3383 2742 3448; x_wconf 79' lang='lat' dir='ltr'>separatim</span> 
     </span>
     <span class='ocr_line' id='line_1_58' title="bbox 1724 3461 2748 3528; baseline -0.003 -16"><span class='ocrx_word' id='word_1_323' title='bbox 1724 3465 2024 3528; x_wconf 82' lang='lat' dir='ltr'>singulorum</span> <span class='ocrx_word' id='word_1_324' title='bbox 2074 3466 2270 3512; x_wconf 87' lang='lat' dir='ltr'>nomina</span> <span class='ocrx_word' id='word_1_325' title='bbox 2311 3466 2496 3514; x_wconf 78' lang='lat' dir='ltr'>civium</span> <span class='ocrx_word' id='word_1_326' title='bbox 2540 3461 2748 3511; x_wconf 70' lang='lat' dir='ltr'>describi</span> 
     </span>
     <span class='ocr_line' id='line_1_59' title="bbox 1724 3543 2748 3609; baseline -0.003 -19"><span class='ocrx_word' id='word_1_327' title='bbox 1724 3543 1912 3602; x_wconf 87' lang='lat' dir='ltr'>solent,</span> <span class='ocrx_word' id='word_1_328' title='bbox 1949 3555 2120 3609; x_wconf 89' lang='lat' dir='ltr'>atque,</span> <span class='ocrx_word' id='word_1_329' title='bbox 2156 3554 2210 3592; x_wconf 85' lang='lat' dir='ltr'>ut</span> <span class='ocrx_word' id='word_1_330' title='bbox 2253 3544 2409 3607; x_wconf 69' lang='lat' dir='ltr'>vulgo</span> <span class='ocrx_word' id='word_1_331' title='bbox 2455 3546 2748 3606; x_wconf 70' lang='lat' dir='ltr'>loquuntur,</span> 
     </span>
     <span class='ocr_line' id='line_1_60' title="bbox 1725 3621 2754 3687; baseline -0.001 -17"><span class='ocrx_word' id='word_1_332' title='bbox 1725 3622 1911 3671; x_wconf 72' lang='lat' dir='ltr'>taxari.</span> <span class='ocrx_word' id='word_1_333' title='bbox 1949 3624 2149 3686; x_wconf 84' lang='lat' dir='ltr'>Equites</span> <span class='ocrx_word' id='word_1_334' title='bbox 2175 3622 2305 3671; x_wconf 85' lang='lat' dir='ltr'>enim</span> <span class='ocrx_word' id='word_1_335' title='bbox 2332 3624 2531 3687; x_wconf 84' lang='lat' dir='ltr'>imperii</span> <span class='ocrx_word' id='word_1_336' title='bbox 2554 3621 2754 3669; x_wconf 80' lang='lat' dir='ltr'>redem-</span> 
     </span>
     <span class='ocr_line' id='line_1_61' title="bbox 1724 3701 2757 3763; baseline 0.002 -17"><span class='ocrx_word' id='word_1_337' title='bbox 1724 3711 1885 3762; x_wconf 78' lang='lat' dir='ltr'>ptores</span> <span class='ocrx_word' id='word_1_338' title='bbox 1913 3702 2165 3763; x_wconf 85' lang='lat' dir='ltr'>pecuniam</span> <span class='ocrx_word' id='word_1_339' title='bbox 2202 3701 2254 3747; x_wconf 85' lang='lat' dir='ltr'>iu</span> <span class='ocrx_word' id='word_1_340' title='bbox 2295 3712 2551 3748; x_wconf 79' lang='lat' dir='ltr'>antecessu</span> <span class='ocrx_word' id='word_1_341' title='bbox 2577 3716 2757 3748; x_wconf 76' lang='lat' dir='ltr'>nume-</span> 
     </span>
     <span class='ocr_line' id='line_1_62' title="bbox 1723 3778 2761 3836; baseline 0.001 -10"><span class='ocrx_word' id='word_1_342' title='bbox 1723 3778 1893 3826; x_wconf 89' lang='lat' dir='ltr'>rabant</span> <span class='ocrx_word' id='word_1_343' title='bbox 1906 3814 1921 3836; x_wconf 89' lang='lat'>,</span> <span class='ocrx_word' id='word_1_344' title='bbox 1944 3790 1994 3827; x_wconf 90' lang='lat' dir='ltr'>et</span> <span class='ocrx_word' id='word_1_345' title='bbox 2017 3779 2128 3827; x_wconf 86' lang='lat' dir='ltr'>ideo</span> <span class='ocrx_word' id='word_1_346' title='bbox 2145 3796 2174 3826; x_wconf 94' lang='lat' dir='ltr'>a</span> <span class='ocrx_word' id='word_1_347' title='bbox 2194 3779 2518 3828; x_wconf 80' lang='lat' dir='ltr'>familiaribus</span> <span class='ocrx_word' id='word_1_348' title='bbox 2539 3780 2761 3827; x_wconf 81' lang='lat' dir='ltr'>mutuari</span> 
     </span>
     <span class='ocr_line' id='line_1_63' title="bbox 1724 3858 2040 3920; baseline 0.006 -16"><span class='ocrx_word' id='word_1_349' title='bbox 1724 3858 2040 3920; x_wconf 82' lang='lat' dir='ltr'>cogebantur.</span> 
     </span>
    </p>

    <p class='ocr_par' dir='ltr' id='par_1_13' title="bbox 1795 3935 2764 3992">
     <span class='ocr_line' id='line_1_64' title="bbox 1795 3935 2764 3992; baseline 0.002 -9"><span class='ocrx_word' id='word_1_350' title='bbox 1795 3946 1843 3992; x_wconf 77' lang='grc'>4.</span> <span class='ocrx_word' id='word_1_351' title='bbox 1880 3935 2109 3985; x_wconf 76' lang='lat' dir='ltr'>Universa</span> <span class='ocrx_word' id='word_1_352' title='bbox 2133 3937 2351 3987; x_wconf 76' lang='lat' dir='ltr'>sustinet.</span> <span class='ocrx_word' id='word_1_353' title='bbox 2390 3936 2586 3984; x_wconf 73' lang='lat' dir='ltr'>Abram.</span> <span class='ocrx_word' id='word_1_354' title='bbox 2632 3954 2764 3985; x_wconf 69' lang='lat' dir='ltr'>nnus</span> 
     </span>
    </p>
   </div>
   <div class='ocr_carea' id='block_1_7' title="bbox 1726 4014 2767 4150">
    <p class='ocr_par' dir='ltr' id='par_1_14' title="bbox 1726 4014 2767 4150">
     <span class='ocr_line' id='line_1_65' title="bbox 1726 4014 2767 4064; baseline 0.003 -3"><span class='ocrx_word' id='word_1_355' title='bbox 1726 4018 1947 4064; x_wconf 75' lang='lat' dir='ltr'>universa</span> <span class='ocrx_word' id='word_1_356' title='bbox 1966 4015 2173 4064; x_wconf 78' lang='lat' dir='ltr'>sustinet.</span> <span class='ocrx_word' id='word_1_357' title='bbox 2200 4016 2328 4063; x_wconf 85' lang='lat' dir='ltr'>Illud</span> <span class='ocrx_word' id='word_1_358' title='bbox 2348 4032 2409 4062; x_wconf 89' lang='lat' dir='ltr'>eo</span> <span class='ocrx_word' id='word_1_359' title='bbox 2427 4014 2645 4062; x_wconf 78' lang='lat' dir='ltr'>consilio</span> <span class='ocrx_word' id='word_1_360' title='bbox 2667 4016 2767 4064; x_wconf 81' lang='lat' dir='ltr'>late</span> 
     </span>
     <span class='ocr_line' id='line_1_66' title="bbox 1726 4085 2765 4150; baseline 0.003 -18"><span class='ocrx_word' id='word_1_361' title='bbox 1726 4099 2069 4135; x_wconf 77' lang='lat' dir='ltr'>commemorat</span> <span class='ocrx_word' id='word_1_362' title='bbox 2081 4120 2097 4143; x_wconf 83' lang='lat'>‚</span> <span class='ocrx_word' id='word_1_363' title='bbox 2121 4087 2256 4150; x_wconf 86' lang='lat' dir='ltr'>quasi</span> <span class='ocrx_word' id='word_1_364' title='bbox 2270 4086 2463 4148; x_wconf 78' lang='lat' dir='ltr'>judiees</span> <span class='ocrx_word' id='word_1_365' title='bbox 2481 4085 2765 4135; x_wconf 79' lang='lat' dir='ltr'>admonens</span> 
     </span>
    </p>
   </div>
   <div class='ocr_carea' id='block_1_8' title="bbox 1727 4165 2763 4220">
    <p class='ocr_par' dir='ltr' id='par_1_15' title="bbox 1727 4165 2763 4220">
     <span class='ocr_line' id='line_1_67' title="bbox 1727 4165 2763 4220; baseline 0.001 -7"><span class='ocrx_word' id='word_1_366' title='bbox 1727 4183 1786 4213; x_wconf 87' lang='lat' dir='ltr'>nc</span> <span class='ocrx_word' id='word_1_367' title='bbox 1810 4166 2111 4214; x_wconf 86' lang='lat' dir='ltr'>committant</span> <span class='ocrx_word' id='word_1_368' title='bbox 2133 4177 2186 4213; x_wconf 91' lang='lat' dir='ltr'>ut</span> <span class='ocrx_word' id='word_1_369' title='bbox 2206 4167 2263 4214; x_wconf 90' lang='lat' dir='ltr'>C.</span> <span class='ocrx_word' id='word_1_370' title='bbox 2287 4165 2489 4214; x_wconf 78' lang='lat' dir='ltr'>Caesaris</span> <span class='ocrx_word' id='word_1_371' title='bbox 2513 4165 2682 4220; x_wconf 70' lang='lat' dir='ltr'>favor,</span> <span class='ocrx_word' id='word_1_372' title='bbox 2712 4178 2763 4214; x_wconf 76' lang='lat' dir='ltr'>et</span> 
     </span>
    </p>
   </div>
  </div>
 </body>
</html>
