2994 4778
596 429 737 502 618
1172 431 1269 500 Μ.
1321 432 1401 499 T.
1459 431 2062 501 CICERONIS.

599 553 812 622 etiam
849 548 1323 621 familiaritate
1370 552 1806 645 conjunctus
1848 577 1866 620 ε
1917 564 1993 621 et
2034 552 2225 623 venit
2256 549 2371 621 vel
2407 565 2724 646 rogatus,

598 675 678 731 ut
714 662 1019 747 amicus;
1054 660 1165 731 vel
1200 662 1617 747 arcessitus,
1654 675 1738 733 ut
1770 663 2053 745 socius;
2092 661 2205 731 vel
2238 677 2606 745 evocatuS,
2639 676 2727 733 ut

594 776 686 855 is,
732 771 859 866 qui
895 774 1171 842 senatui
1206 795 1455 869 parere
1488 770 1851 842 didicisset
1880 798 1897 841 :
1933 786 2299 869 postremo
2330 774 2613 856 venit²‚
2639 787 2725 846 ut

595 877 687 951 ad
724 877 1149 976 fugientem,
1193 905 1344 951 non
1384 896 1464 951 ut
1503 880 1591 952 ad
1631 885 2168 977 insequentem,
2194 881 2266 951 id
2297 896 2426 966 est,
2461 880 2558 951 ad
2596 905 2724 978 pe-

596 990 834 1077 riculi,
875 1015 1025 1064 non
1060 989 1150 1062 ad
1190 993 1494 1063 victoriae
1532 993 1968 1063 societatem„
2002 995 2293 1086 Itaque,
2320 989 2726 1060 Pharsalico

598 1099 840 1196 praelio
884 1097 1116 1188 facte,
1160 1125 1203 1171 a
1237 1103 1586 1198 Pompeio
1630 1097 2035 1188 discessit33
2078 1124 2281 1197 spem
2318 1097 2724 1175 infinitam⁴

599 1212 937 1308 persequi
1002 1212 1271 1299 ‚noluit;
1328 1212 1439 1282 vel
1495 1210 1771 1299 officie,
1832 1215 1892 1288 si
1944 1209 2125 1308 quid
2176 1208 2555 1292 debuerat,
2610 1208 2727 1279 vel

598 1322 859 1407 errori,
895 1325 954 1395 si
991 1322 1167 1419 quid
1213 1325 1593 1408 nescierat,
1628 1320 2066 1394 satisfactum
2106 1344 2259 1392 esse
2297 1319 2546 1404 duxit3
2586 1317 2732 1388 do-
2773 1378 2788 1388 .

602 1454 799 1499 mum
842 1432 1315 1526 secontulit,
1377 1447 1597 1529 teque
1655 1431 2221 1503 Alexandrinum
2277 1428 2554 1500 bellum
2601 1453 2729 1523 ge·
2811 1467 2814 1468 ⁷

597 1553 836 1629 rent'e,
892 1541 1318 1613 utilitatibus
1377 1545 1519 1615 tuis
1574 1540 1884 1639 paruit⁵.
1947 1542 2077 1614 Ille
2136 1543 2533 1612 exercitum
2585 1542 2724 1609 Cn.

599 1648 962 1739 Domitii⁶,
999 1650 1414 1747 amplissimi
1459 1654 1622 1739 viri,
1662 1654 1812 1725 suis
1839 1653 2049 1724 tectis
2080 1665 2152 1722 et
2181 1651 2411 1747 copiis
2441 1663 2726 1720 susten-

599 1759 808 1845 tavit3
859 1757 977 1831 ille
1027 1760 1395 1858 Ephesum
1442 1762 1534 1833 ad
1577 1785 1782 1843 eum,
1817 1785 2038 1858 quem
2077 1775 2159 1834 tu
2218 1784 2308 1830 ex
2359 1760 2507 1829 tuis
2546 1757 2728 1831 fide-

600 1865 945 1938 lissimum
985 1885 1059 1942 et
1088 1871 1669 1969 probatissimum
1699 1869 2043 1942 omnibus
2078 1868 2405 1964 delegisti
2429 1879 2483 1952 ⁷,
2521 1891 2732 1964 pecu·

598 2081 858 2141 occupavit
872 2115 887 2140 ‚
910 2093 963 2131 ut
987 2099 1131 2131 nemo
1156 2087 1319 2134 mirari
1337 2087 1510 2137 debeat
1525 2089 1618 2137 hu·

600 2173 738 2204 mana
775 2162 976 2208 consilia
1022 2161 1183 2211 divina
1221 2166 1473 2214 voluntate
1517 2184 1617 2216 esse

599 2248 835 2298 superata.
854 2240 1036 2301 Quarta
1064 2244 1311 2291 excusatio
1334 2245 1532 2294 ducitur
1554 2246 1616 2293 ab

597 2315 1015 2380 antecedentibus,
1023 2322 1154 2383 quia,
1162 2338 1311 2385 quum
1329 2325 1464 2389 pn‘us
1476 2327 1618 2374 Pom·

597 2395 761 2459 peium
780 2398 923 2457 J‘ustis
958 2400 1312 2468 hostilibusque
1354 2405 1491 2453 bellis
1528 2406 1618 2454 ad·

597 2472 830 2534 iuvisset,
872 2492 982 2524 eum
1015 2479 1330 2529 deserendum
1353 2500 1454 2532 non
1476 2496 1619 2549 puta·

603 2553 679 2602 vit
697 2587 714 2611 ‚
749 2566 804 2603 ut
833 2557 1082 2621 superiora
1108 2558 1339 2609 beneficia
1365 2578 1501 2611 novo
1535 2563 1618 2611 be-

601 2632 781 2682 neficio
843 2637 1127 2687 cumularet.
1200 2640 1381 2703 Quinta
1400 2677 1416 2702 ,
1482 2642 1619 2705 quod

600 2711 751 2761 fuerit
789 2714 1019 2764 invitatus
1039 2752 1054 2780 ,
1093 2718 1170 2766 vel
1212 2720 1497 2783 arcessitus,
1544 2721 1622 2769 vel

604 2804 852 2842 evocatus.
887 2795 985 2844 Ubi
1013 2797 1207 2845 adverte
1236 2799 1492 2848 verborum
1520 2801 1620 2849 dif-

608 2870 871 2920 ferentiam.
922 2877 1198 2924 Imitantur
1240 2879 1384 2925 amici
1407 2912 1422 2937 ,
1469 2894 1621 2943 quum

607 2953 790 3014 equale
809 2954 889 3014 jus
914 2965 986 3002 est
1007 2957 1275 3021 utriusque.
1296 2960 1623 3007 Arcessuutur

607 3031 728 3077 socii
744 3067 759 3091 ‚
777 3035 863 3096 qui
881 3051 943 3081 ex
964 3034 1144 3083 soedere
1166 3036 1344 3085 debent
1376 3039 1466 3085 sibi
1492 3039 1621 3086 iuvi-

607 3123 713 3156 cem
735 3112 919 3161 auxilio
939 3116 1123 3163 venire.
1145 3117 1423 3165 Evocantur
1439 3134 1466 3164 a
1488 3132 1625 3181 supe-

610 3188 822 3239 rioribus
839 3192 903 3252 ii,
930 3194 1017 3257 qui
1044 3211 1107 3242 ex
1133 3193 1299 3244 officio
1324 3196 1504 3245 debent
1531 3196 1625 3244 ob·

614 3276 892 3331 temperare.

606 3406 613 3411 ι
679 3362 727 3392 a.
776 3351 1014 3399 Postremo
1057 3354 1226 3413 venie,
1265 3365 1319 3401 ree
1343 3352 1625 3418 adsugt‘en·

607 3434 725 3482 oem,
774 3438 871 3476 etc.
926 3432 1129 3478 Auxilio
1187 3434 1315 3480 venit
1372 3434 1628 3492 Deiotarus

607 3503 774 3567 potius
796 3507 880 3568 qui
903 3510 1183 3575 Pompeium
1211 3511 1545 3559 consolaretur
1567 3529 1629 3560 ex

607 3585 744 3632 Italia
787 3586 1051 3651 fugientem
1065 3625 1081 3648 ,
1120 3605 1265 3650 quam
1306 3592 1483 3639 Caesari
1524 3590 1629 3638 bel-

609 3665 711 3715 lum
740 3665 991 3714 indiceret.

680 3746 728 3793 3.
754 3750 800 3792 A
827 3744 1051 3809 Pompeio
1070 3746 1302 3795 «Incessit.
1320 3747 1495 3795 Narrat
1515 3748 1626 3796 Plu-

608 3826 803 3873 tarchus
830 3827 1110 3889 Pompeium
1138 3826 1399 3891 fugientem
1445 3828 1624 3890 postri-

609 3902 689 3951 die
714 3906 768 3951 in
786 3921 955 3954 navem
975 3907 1243 3954 onerariam
1266 3906 1520 3967 cujusdam
1537 3910 1626 3955 Pe-

613 3982 717 4030 ticii
747 3985 1027 4033 mercatoris
1051 4001 1159 4032 cum
1198 3985 1392 4033 duobus
1412 3986 1627 4034 Lentulis

609 4072 658 4109 et
682 4062 865 4109 Faonio
891 4075 1135 4128 receptum
1169 4064 1349 4124 fuisse;
1375 4076 1424 4111 et
1459 4065 1627 4128 paullo

610 4154 731 4205 post
775 4134 941 4212 regem·
978 4145 1263 4205 Deiotarum
1305 4144 1544 4193 videntes·
1567 4161 1627 4191 ex

1705 2102 1829 2140 terra
1847 2090 1909 2138 ad
1931 2090 2065 2154 ipsos
2088 2099 2462 2153 properantem,
2482 2104 2588 2136 eum
2604 2104 2732 2151 quo-

1704 2187 1800 2234 que
1826 2169 2083 2232 accepisse.
2119 2167 2332 2231 Quando
2352 2180 2512 2214 antem
2534 2185 2559 2214 a
2583 2170 2733 2215 Pom-

1705 2249 1819 2312 peio
1841 2247 2115 2295 discesserit
2128 2282 2143 2305 ,
2178 2262 2280 2294 non
2296 2245 2466 2309 liquet.
2488 2249 2638 2293 Forte
2668 2261 2733 2293 ex

1705 2327 1859 2375 insula
1883 2328 2052 2393 Cypro
2068 2362 2083 2386 ,
2100 2341 2252 2391 quum
2265 2324 2384 2372 inde
2402 2341 2569 2373 versus
2582 2328 2732 2388 11:35·

1702 2420 1843 2473 ptum
1882 2409 2090 2458 solveret
2142 2407 2408 2471 Pompeius
2433 2442 2449 2468 ,
2485 2406 2549 2455 ad
2593 2421 2730 2453 snam

1707 2488 2009 2536 tetrarchiam
2040 2487 2198 2536 rediit.

1779 2574 1828 2622 4.
1858 2565 2127 2631 Infinitum.
2155 2564 2309 2625 eujus
2346 2563 2513 2612 exitus
2547 2574 2600 2611 et
2619 2561 2735 2610 suis

1707 2660 1810 2693 non
1834 2644 2200 2709 praevideretur.
2304 2651 2309 2655 '

1781 2726 1829 2774 5.
1856 2723 2038 2773 Paruit.
2071 2722 2331 2771 Lambinus
2340 2732 2398 2769 et
2426 2720 2618 2786 plures,
2639 2736 2734 2784 pu·

1708 2803 1817 2851 mie.
1859 2802 2009 2850 Male.

1781 2882 1831 2930 6.
1871 2881 1958 2929 Cn.
1992 2879 2204 2928 Domiu'i.
2239 2880 2340 2941 Qui
2385 2878 2554 2926 consul
2581 2878 2737 2924 sues-at

1710 2977 1820 3009 cum
1865 2961 1937 3007 M.
1982 2957 2224 3006 Messalla.
2266 2959 2383 3005 Post
2413 2956 2736 3005 Pharsalicam

1708 3054 1919 3104 pugnam
1943 3040 2036 3087 Cn.
2077 3035 2320 3085 Domitius
2351 3036 2586 3085 Calvinus
2605 3036 2735 3083 Asiae

1709 3115 2023 3179 finitimisque
2060 3114 2331 3179 provinciis
2371 3115 2634 3177 praefectus
2666 3122 2734 3159 est

1711 3213 1738 3245 a
1769 3194 2104 3246 CaesareNide
2123 3193 2340 3241 Hirtium
2361 3191 2422 3240 de
2446 3191 2586 3239 Bello
2601 3192 2735 3239 Asia·

1713 3275 1844 3333 fico,
1880 3289 1989 3338 cap.
2012 3274 2096 3327 34.
2126 3273 2373 3319 Domitius
2399 3283 2564 3319 autem
2603 3271 2731 3318 Ahe-

1713 3353 1963 3402 nobarbus
1990 3368 2102 3400 cum
2124 3351 2359 3415 Pompeio
2386 3350 2498 3397 fuit.

1791 3450 1839 3494 7.
1865 3434 2018 3495 Quem
2048 3442 2098 3477 ω
2127 3446 2192 3476 ex
2220 3429 2316 3476 tuis
2319 3427 2658 3496 fidelissimum
2687 3438 2736 3473 et

1711 3512 1906 3576 probae.
1931 3528 2064 3559 omn.
2086 3510 2335 3574 delegati.
2359 3508 2528 3557 Credit
2547 3507 2735 3555 Abram.

1718 3590 1780 3637 de
1815 3606 1875 3649 eo
1909 3593 1985 3654 agi
2009 3624 2025 3649 ,
2066 3606 2211 3653 quem
2245 3590 2370 3646 Dio,
2405 3588 2490 3634 lib.
2520 3588 2734 3642 XLVII,

1717 3682 1876 3718 narrat
1910 3671 2058 3718 fuisse
2085 3672 2288 3718 Sextum
2315 3668 2501 3717 Julium
2528 3666 2619 3730 qui
2644 3668 2736 3730 Sy-

1717 3749 1801 3797 riae
1827 3760 2059 3813 praerat,
2102 3759 2151 3796 et
2190 3764 2336 3811 quem
2372 3757 2659 3811 quaestorem
2689 3756 2736 3791 et

1712 3830 2042 3893 propinquum
2062 3843 2199 3875 suum
2226 3828 2388 3875 Cesar
2406 3826 2456 3872 in
2478 3841 2563 3871 sua
2579 3840 2643 3870 ex
2658 3824 2738 3869 Ε-

1714 3920 1871 3972 gypto
1897 3918 2064 3956 contra
2100 3905 2395 3953 Pharnacem
2427 3902 2737 3967 expeditione

1714 3987 1940 4035 omnibus
1957 3987 2018 4033 iis
2037 3983 2319 4048 regionibus
2343 3983 2734 4046 prefeceranve·

1715 4081 1820 4114 rum
1859 4077 1908 4113 et
1946 4067 2050 4128 ipse
2099 4079 2198 4112 nou
2248 4062 2401 4110 firmis
2441 4059 2736 4123 argumentis

1715 4144 1805 4213 uiti
1832 4162 1883 4193 se
1910 4146 2102 4192 fatetur.
