2994 4778
692 404 1069 473 ORATIO
1120 403 1326 472 PRO
1378 405 1452 472 P.
1505 406 1900 476 SEXTIO.
2269 407 2349 479 15

232 528 554 600 homines
589 522 1083 596 nobilissimos
1120 522 1575 623 temporibus
1613 529 1946 623 optimis²
1981 526 2211 602 factus
2243 555 2356 602 es-

233 654 361 725 set,
413 636 718 734 reliquis
764 631 1220 706 honoribus³
1265 658 1420 706 non
1471 648 1624 706 tam
1674 638 1783 706 uti
1824 636 2090 729 voluit,
2135 663 2356 736 quam

231 747 485 845 dignus
526 744 783 817 videri.
822 747 929 815 Eo
963 757 1256 816 auctore
1301 743 1513 815 duxit
1553 744 2036 817 honestissimi
2078 762 2156 821 et
2189 773 2357 847 spe-

226 857 593 931 ctatissimi
611 855 746 926 viri
763 858 821 941 ⁴,
841 856 923 925 C.
941 851 1215 925 Albini⁵
1241 851 1464 925 filiam
1495 881 1513 923 ε
1541 876 1631 925 ex
1655 878 1804 951 qua
1830 852 1950 926 hic
1975 854 2120 926 est⁶
2146 880 2355 955 puer,

225 982 292 1040 et
314 980 553 1066 nupta
576 965 743 1061 jam·
754 962 924 1035 filia.
951 962 1260 1036 Duobus
1277 963 1393 1054 his
1416 967 1886 1062 gravissimam
1915 965 2357 1063 antiquitatis

223 1079 391 1149 viris
447 1076 553 1147 sic
604 1072 958 1173 probatus
1010 1071 1187 1162 fuit,
1246 1089 1328 1147 ut
1382 1075 1675 1170 utrique
1732 1098 1989 1146 eorum
2037 1090 2114 1147 et
2159 1098 2360 1148 carus

225 1188 573 1273 maxime,
613 1200 693 1257 'et
726 1180 1141 1280 jucundus⁸
1192 1199 1400 1257 esset.
1451 1183 1782 1256 Ademit⁹
1828 1183 2093 1258 Albino
2132 1188 2361 1258 soceri

229 1322 507 1370 nomen
539 1319 740 1367 mors
772 1293 974 1385 filiae,
1011 1292 1138 1367 sed
1182 1294 1550 1366 caritatem
1593 1294 1781 1366 illius
1817 1293 2368 1366 necessitudinis

228 1423 297 1481 et
333 1406 908 1479 benivolentiam
949 1429 1099 1476 non
1135 1404 1425 1477 ademit.
1464 1402 1697 1476 Hodie
1733 1404 1834 1476 sic
1866 1403 2064 1477 hunc
2091 1402 2366 1502 diligit,

230 1533 312 1590 ut
345 1541 487 1588 vos
522 1514 853 1586 facillime
890 1516 1187 1612 potestis
1212 1539 1302 1587 ex
1329 1514 1465 1585 hac
1490 1514 1605 1584 vel
1636 1512 2046 1586 assiduitate
2072 1524 2135 1559 ¹⁰
2169 1514 2364 1610 ejuS,

232 1626 343 1697 vel
386 1621 876 1697 sollicitudine
912 1637 987 1694 et
1024 1622 1349 1694 molestia
1378 1623 1723 1719 judicare.
1769 1625 1992 1694 Duxit
2024 1648 2362 1712 uxorem,

234 1749 438 1832 patre
480 1735 650 1803 vivo
674 1742 765 1819 ¹¹,
802 1732 1057 1829 optimi
1108 1742 1263 1804 et¹²
1317 1732 1905 1804 calamitosissimi
1938 1731 2073 1803 viri
2106 1730 2363 1821 filiam,

235 1849 308 1917 C.
343 1838 805 1941 scipionis¹³.
843 1841 1048 1913 Clara
1082 1844 1159 1913 in
1178 1841 1320 1913 hoc
1336 1846 1412 1913 P.
1430 1843 1651 1914 Sextii
1687 1843 1912 1940 pietas
1949 1844 2219 1915 exstitit
2240 1897 2260 1933 ‚
2291 1860 2365 1917 et

236 1952 583 2025 omnibus
617 1965 852 2049 grata,
883 1949 1088 2049 quod
1126 1964 1200 2022 et
1226 1950 1610 2023 Massiliam
1629 1950 1694 2008 ¹4
1727 1953 1962 2024 statim
1997 1952 2364 2050 profectus

238 2077 385 2149 est,
433 2075 523 2133 ut
562 2084 892 2133 socerum
943 2058 1189 2132 videre
1244 2061 1744 2159 consolarique
1800 2076 2078 2160 posset,
2128 2062 2362 2138 flucti-

236 2173 374 2245 bus
390 2168 454 2216 ¹⁵
475 2172 581 2242 rei
586 2168 892 2269 publicae
912 2169 1287 2267 expulsum
1317 2222 1337 2257 ,
1367 2171 1438 2240 in
1458 2169 1707 2242 alienis
1730 2172 1939 2241 terris
1968 2169 2321 2264 jacentem
2344 2227 2366 2258 ‚

240 2397 365 2445 xime
385 2393 631 2446 beneficio
657 2410 686 2443 e
712 2406 959 2462 postremo
988 2397 1038 2444 in
1063 2397 1255 2444 tertium

242 2475 404 2523 locun
424 2491 529 2524 eane
547 2475 838 2524 subvectum
857 2497 905 2525 -.

1418 2396 1468 2444 8.
1496 2397 1563 2443 Ee
1587 2409 1727 2443 eurus
1750 2396 1969 2444 maxime
1987 2431 2002 2456 ,
2028 2407 2078 2444 ee
2089 2397 2362 2462 jucundus.

1345 2474 1497 2524 Cama
1513 2506 1529 2532 ‚
1547 2474 1659 2537 quia
1677 2471 1806 2521 filim
1830 2484 1879 2522 et
1897 2489 2075 2537 gener:
2094 2476 2366 2537 jucundus,

317 2569 364 2600 α.
396 2551 696 2618 Temporibus
717 2553 924 2618 optimis.
947 2551 1140 2618 Quibus
1162 2551 1260 2599 vir-

242 2633 355 2691 tuti,
372 2646 471 2681 non
489 2631 764 2692 ambitioni,
780 2632 844 2680 ad
861 2632 1074 2679 honores
1097 2630 1259 2680 aditus

242 2721 446 2776 patene

311 2792 363 2840 3.
393 2788 612 2855 Reliquis
627 2788 906 2840 honoribus.
934 2790 1088 2838 Geato
1108 2789 1262 2837 tribu-

241 2881 384 2931 natu,
400 2868 638 2933 petebant
655 2866 961 2927 trinitatem,
976 2879 1234 2933 praeturam
1246 2903 1261 2925 ,

240 2949 555 2997 consulatum
567 2981 585 3008 ,
603 2961 856 2996 censuram
874 2962 890 2995 ε
909 2963 1034 3013 qnos
1052 2948 1263 2996 honores

242 3039 383 3093 pater
401 3027 557 3075 Sextii
581 3041 684 3073 non
707 3027 866 3091 petiit.

312 3115 369 3161 ὅ.
397 3103 722 3154 Bomm‘ssimi
732 3115 782 3154 ee
795 3104 1129 3170 spectatissimi
1143 3104 1258 3153 viri.

241 3184 430 3233 Laudat
458 3193 513 3232 et
538 3182 760 3231 :antliam
786 3194 834 3232 et
857 3184 1101 3232 hominem
1124 3196 1139 3230 τ
1175 3182 1261 3230 Ιιο-

242 3261 509 3314 nesen'uimi
520 3297 537 3322 ,
576 3262 914 3311 honestissimo
965 3261 1080 3311 loco
1117 3261 1218 3309 nati
1244 3275 1258 3310 ε

241 3340 581 3407 spectatiuimi
591 3378 608 3403 ‚
631 3357 718 3388 sna
745 3343 924 3390 virtute
947 3340 1166 3405 insignis.

313 3425 364 3472 5.
411 3422 467 3471 C.
503 3419 690 3468 Albini.
718 3421 996 3479 Senatorio,
1036 3420 1174 3481 eujus
1200 3436 1263 3468 ex

243 3499 338 3549 filia
356 3512 504 3550 natm
522 3509 597 3548 est
624 3499 679 3548 1..
701 3497 784 3547 hic
807 3500 1019 3548 Sextius.
1051 3499 1127 3546 Ad
1149 3500 1262 3545 Div.

245 3580 393 3643 xm,
419 3581 471 3629 8.
506 3580 656 3627 Putat
678 3578 972 3628 Garatoniua
1007 3577 1265 3641 legendum

246 3659 426 3707 Affinis·
437 3695 454 3721 ‚
482 3658 549 3705 ita
577 3667 632 3705 nt
656 3672 721 3707 ex
743 3656 932 3722 plebeia
961 3667 1101 3721 gente
1128 3656 1266 3705 Albi-

250 3739 320 3785 nia
344 3740 407 3786 sit
431 3748 594 3786 ortus.

315 3818 363 3865 ὅ.
395 3817 491 3865 Hie
513 3825 590 3865 ese
601 3829 749 3880 puer.
785 3816 840 3863 1..
868 3813 1060 3862 Sextius
1085 3827 1099 3862 τ
1129 3823 1183 3862 ut
1208 3822 1267 3861 ex

255 3909 337 3948 ea,
363 3897 497 3957 enin·
522 3895 753 3960 proxime
788 3892 912 3941 faeta
948 3893 1132 3940 mentio
1165 3903 1269 3950 est,

254 3974 441 4035 epistola
462 3973 809 4046 cognoscitur.

322 4068 370 4114 7.
404 4053 731 4102 Gravissima.
767 4050 900 4101 Male
927 4050 1067 4112 olim,
1092 4049 1273 4116 gravis-

250 4131 391 4181 uinis.
417 4135 464 4182 J.
486 4133 552 4181 V.
583 4135 642 4181 1..

1346 2551 1460 2617 qnia
1491 2552 1617 2601 bene
1640 2562 1881 2612 moratus,
1909 2563 1958 2601 et
1992 2551 2128 2602 bono
2165 2555 2364 2620 ingenio

1345 2630 1601 2696 praeditns.

1417 2725 1469 2774 9.
1521 2708 1735 2759 Adeenit.
1775 2710 1985 2773 Propter
2024 2725 2179 2758 novas
2214 2713 2367 2760 Sextii

1347 2788 1544 2855 nuptias
1560 2823 1576 2848 ‚
1606 2789 1693 2852 qui
1718 2787 2002 2858 Scipionem
2023 2801 2242 2838 aocet-nnn
2275 2791 2367 2840 ha·

1348 2867 1462 2917 bere
1479 2867 1648 2932 coepit.

1426 2961 1506 2996 xo.
1543 2945 1855 2996 Assiduitaee.
1899 2945 2193 3011 Quotidiana
2238 2965 2369 3015 prae·

1349 3026 1518 3074 sentia.

1426 3119 1448 3151 r
1461 3121 1480 3151 x
1491 3141 1504 3154 .
1534 3106 1680 3152 Patre
1695 3103 1815 3154 vivo.
1842 3103 2051 3152 Volente
2067 3114 2116 3151 et
2132 3115 2345 3154 numere.

1426 3195 1510 3229 ιιι.
1571 3179 1753 3244 Optimi
1803 3191 1863 3226 ee.
1916 3179 2138 3227 Graevina
2206 3182 2375 3246 optimi

1350 3272 1416 3308 ae.
1441 3262 1491 3309 J.
1510 3261 1577 3307 V.
1601 3259 1656 3305 1..

1426 3338 1510 3385 13.
1565 3335 1617 3384 C.
1654 3334 1908 3400 Scipionis.
1967 3337 2177 3401 Quinam
2225 3340 2371 3388 fuerit

1349 3416 1432 3466 ille
1475 3417 1619 3465 facile
1668 3431 1814 3464 nemo
1865 3418 2184 3481 expediverit.
2227 3421 2374 3470 Putat

1350 3496 1617 3546 Asiaticum
1639 3509 1744 3543 ense
1768 3496 2048 3556 Manutius3
2074 3496 2196 3544 illud
2217 3514 2370 3546 unum

1353 3586 1575 3634 constat,
1607 3573 1839 3623 Massiliae
1879 3573 2120 3624 Sullanam
2161 3580 2374 3639 promri-

1350 3655 1572 3720 ptionem
1587 3686 1606 3715 ,
1627 3661 1867 3702 autcerte
1892 3651 2132 3701 bellorum
2158 3656 2371 3705 civilium

1355 3732 1620 3799 procellam
1644 3729 1884 3779 vitavisse.

1430 3820 1514 3868 14.
1544 3808 1827 3860 Massiliam.
1852 3810 1931 3856 Sic
1953 3820 2002 3856 et
2023 3810 2150 3859 Milo
2165 3844 2182 3872 ‚
2204 3813 2290 3876 qui
2313 3816 2369 3863 P.

1356 3891 1583 3940 Clodium
1604 3887 1869 3946 interfecit,
1901 3887 2162 3936 Massiliam
2181 3891 2234 3939 in
2251 3897 2379 3940 exst-

1356 3970 1477 4017 lium
1507 3968 1642 4016 abiit.

1439 4048 1518 4094 15.
1559 4044 1814 4095 Fluctibus.
1858 4045 2003 4094 Bellis
2035 4047 2296 4096 civilibus:
2333 4057 2383 4094 et

1363 4127 1561 4192 proprie
1578 4126 1806 4175 fluctibns
1822 4160 1836 4184 ,
1859 4127 1970 4189 quia
1982 4161 1998 4184 ,
2019 4126 2144 4174 sicut
2161 4125 2387 4175 fluetibus
