2994 4778
655 384 820 470 486
1283 384 1380 451 Μ.
1434 384 1512 451 Τ.
1567 381 2145 451 CICERONIS

648 509 722 576 in
761 505 906 575 vita
959 500 1324 575 nitebatur
1358 502 1549 573 salus
1585 504 1918 585 civitatis3
1964 526 2055 572 eo
2109 525 2331 597 porro
2367 500 2796 598 reipublicae

649 630 1000 710 tempore,
1026 639 1178 710 quo
1204 616 1260 683 si
1289 637 1476 685 unus
1505 613 1622 683 ille
1650 609 2105 683 occidisset¹⁹
2124 667 2144 701 ,
2177 637 2325 681 non
2361 611 2519 682 haec
2545 613 2793 683 solum

654 720 1010 806 civitas¹⁸‚
1058 722 1182 795 sed
1238 737 1484 819 gentes
1532 746 1784 793 omnes
1830 721 2326 793 concidissent.
2358 725 2516 794 Nisi
2562 722 2794 806 forte,

651 838 820 931 quia
852 830 1167 930 perfecta
1192 856 1306 904 res
1335 857 1487 902 non
1515 847 1659 919 est,
1688 858 1842 903 non
1869 830 2004 903 fuit
2029 832 2392 929 punienda
2427 859 2443 900 :
2477 833 2793 930 perinde

640 946 859 1042 quasi
904 945 1135 1017 exitus
1181 967 1459 1031 rerum,
1517 969 1668 1014 non
1717 943 2096 1013 hominum
2155 943 2448 1012 consilia
2502 941 2794 1039 legibus

650 1054 1109 1127 vindicentur
1127 1062 1214 1127 ¹⁹.
1255 1055 1497 1125 Minus
1526 1052 1925 1124 dolendum
1953 1051 2121 1136 fuit,
2148 1077 2228 1123 re
2258 1077 2408 1122 non
2435 1051 2792 1149 ρει-ἱρείη

653 1163 780 1237 sed
805 1160 1256 1260 puniendum
1282 1177 1480 1234 certe
1502 1163 1735 1234 nihilo
1753 1165 2013 1234 minus.
2039 1164 2344 1256 Quoties
2370 1174 2588 1259 ego²⁰
2610 1166 2790 1260 ipse,

646 1272 968 1368 judiceS‚
1006 1296 1094 1344 ex
1132 1276 1204 1342 P.
1245 1271 1483 1345 Clodii
1530 1273 1722 1358 telis,
1765 1288 1837 1344 et
1881 1298 1972 1343 ex
2011 1276 2334 1343 cruentis
2367 1273 2525 1367 ejus
2558 1278 2790 1343 mani-

651 1383 792 1455 bus
823 1380 1178 1478 effugiv?
1223 1406 1312 1455 ex
1355 1380 1629 1479 quibus
1657 1383 1719 1453 si
1762 1406 1877 1453 me
1916 1406 2069 1452 non
2110 1382 2225 1452 vel
2271 1405 2467 1466 mea,
2508 1381 2607 1450 vel
2648 1384 2790 1449 rei·

651 1491 955 1591 publicae
1015 1490 1307 1569 fortuna
1350 1507 1737 1580 servasset,
1791 1497 1953 1588 quis
2004 1491 2296 1564 tandem
2340 1491 2432 1563 de
2490 1494 2786 1563 interitu

655 1628 818 1674 meo
864 1607 1344 1698 quaestionem
1381 1603 1706 1674 tulisset?

749 1715 937 1783 VIII.
989 1710 1131 1783 Sed
1179 1712 1383 1782 stulti
1422 1721 1746 1793 sumus1,
1794 1714 1921 1809 qui
1966 1717 2318 1796 Drusum,
2356 1714 2486 1809 qui
2525 1709 2787 1781 Africa-

652 1846 867 1911 num,
901 1825 1367 1918 Pompeium,
1407 1838 1692 1893 nosmet
1728 1824 1956 1920 ipsos,
2000 1847 2165 1893 cum
2197 1828 2267 1893 P.
2305 1822 2566 1893 Clodio
2611 1846 2789 1891 con-

654 1930 842 2003 ferre
883 1930 1293 2007 audeamus.
1346 1930 1776 2005 Tolerabilia
1825 1931 2129 2003 fuerunt
2171 1932 2333 2002 illa²
2384 1960 2400 2000 τ
2437 1937 2515 2002 Ρ.
2558 1929 2787 2000 Clodii

656 2055 964 2111 mortem
998 2066 1207 2137 aequo
1246 2043 1492 2115 animo
1531 2066 1749 2112 nemo
1787 2039 1977 2112 ferre
2012 2057 2272 2138 potest.
2312 2047 2547 2137 Luget
2583 2063 2785 2109 sena-

660 2164 774 2225 tus
793 2146 859 2235 3;
891 2165 1154 2225 moeret
1184 2168 1522 2247 equester
1539 2150 1723 2222 ordo
1743 2178 1767 2235 3
1794 2165 1943 2223 tota
1967 2153 2212 2222 civitas
2236 2148 2567 2221 confecta
2588 2151 2786 2219 senio

658 2274 796 2344 est3
828 2260 1166 2355 squalent
1206 2262 1593 2357 municipia
1615 2286 1634 2347 3
1663 2258 2097 2330 afflictantur
2122 2259 2461 2345 coloniae3
2491 2261 2640 2354 agri
2666 2256 2786 2327 de-

657 2370 878 2466 nique
913 2370 1049 2467 ipsi
1087 2384 1233 2442 tam
1277 2368 1724 2456 beneficum,
1771 2384 1913 2441 tam
1952 2364 2376 2452 salutarem,
2415 2383 2565 2440 tam
2601 2393 2786 2438 man·

659 2496 942 2553 suetum
996 2480 1228 2552 civem
1264 2480 1697 2552 desiderant.
1752 2485 1920 2551 Non
1971 2480 2107 2552 fuit
2149 2505 2232 2550 ea
2275 2479 2560 2564 causa⁴‚
2603 2480 2785 2576 judi·

731 2690 810 2732 17.
832 2673 921 2718 MS
945 2671 1126 2718 Erfnrt.
1147 2670 1407 2720 cecidisset.
1435 2674 1482 2719 J.
1502 2676 1565 2718 V.
1591 2675 1641 2720 i..
1839 2673 1975 2744 vm·
2035 2690 2077 2719 ι.
2128 2674 2227 2720 Sed
2266 2673 2403 2720 stulti
2439 2690 2628 2723 mmm.
2675 2677 2785 2724 Cum

737 2754 813 2799 18.
844 2750 1042 2800 Civitas.
1075 2750 1240 2811 Quum
1272 2751 1370 2809 jam
1413 2767 1514 2799 non
1542 2752 1683 2799 multi

663 2841 845 2888 essent,
873 2830 958 2892 qui
993 2844 1144 2892 remp.
1175 2827 1434 2888 defendere
1468 2842 1681 2893 possent.

660 2910 785 2958 Nam
827 2910 1001 2957 Cicero
1046 2907 1098 2952 in
1139 2905 1360 2953 exsilium
1382 2941 1397 2964 ,
1441 2909 1516 2956 M.
1562 2909 1685 2958 Cato

661 2989 858 3037 nomine
875 2985 1142 3050 provineiae
1163 2984 1215 3030 in
1235 2985 1440 3033 insulam
1464 2987 1685 3054 Cyprum

663 3070 818 3116 fuerat
833 3066 1108 3128 ablegatum
1129 3063 1431 3130 Clodinsque
1448 3073 1499 3113 et
1518 3082 1686 3114 omnes

661 3147 881 3196 Furorum
916 3147 1101 3194 conscii
1136 3148 1308 3194 Romae
1343 3163 1471 3195 nova
1499 3163 1688 3212 semper

665 3226 1011 3275 moliebantur.

737 3318 816 3365 ¹9·
851 3306 1056 3370 Legibus
1071 3305 1404 3353 vindicentur.
1436 3307 1560 3354 Nam
1584 3307 1685 3369 lege

662 3381 883 3428 Cornelia
907 3384 1107 3430 sicarius
1126 3394 1338 3444 tenetur,
1355 3385 1440 3446 qui
1460 3386 1686 3432 occiden-

662 3459 712 3506 di
736 3458 946 3506 hominis
968 3476 1109 3508 cansa
1128 3478 1239 3508 cnm
1260 3461 1358 3507 telo
1376 3461 1657 3511 ambulavit.

736 3550 821 3584 20.
848 3537 979 3583 Olim
1001 3539 1157 3585 abfuit
1184 3555 1305 3601 ego,
1334 3540 1472 3602 quod
1495 3541 1684 3605 optimo

658 3618 767 3676 inre
799 3616 988 3662 Ernest.
1015 3616 1210 3662 Lallem.
1239 3616 1304 3662 sl.
1335 3632 1361 3661 e
1390 3618 1515 3666 MSS
1541 3618 1684 3667 addi-

667 3697 859 3743 derunt.
883 3695 931 3741 J.
946 3696 1010 3740 V.
1032 3697 1086 3741 1..

734 3791 819 3822 αι.
850 3770 1039 3838 Effigi.
1059 3775 1154 3820 Ter
1179 3773 1370 3821 insidiis
1392 3776 1555 3824 Clodii
1580 3778 1687 3825 fne-

665 3865 741 3900 rat
783 3854 1043 3916 appetitus.
1103 3854 1265 3901 Primo
1319 3866 1573 3918 antequam
1627 3872 1685 3906 ex

659 3933 778 3979 nrbe
821 3933 1098 3995 pelleretur,
1143 3932 1319 3981 deinde
1358 3935 1527 3998 paullo
1571 3947 1683 4001 post

659 4012 866 4060 reditum
884 4044 900 4068 ‚
942 4009 1149 4075 denique
1183 4013 1350 4077 paullo
1387 4024 1500 4061 ante
1539 4032 1682 4079 qnam

656 4092 741 4140 illa
763 4090 1018 4138 haberetur
1037 4091 1207 4138 oratio.

777 4285 862 4340 «fi

1769 2762 1909 2799 antea
1942 2755 2217 2800 memoratis
2244 2753 2489 2809 caedibus,
2524 2753 2688 2803 Clodii
2714 2768 2788 2798 ne-

1770 2848 1873 2879 cem
1904 2842 2147 2894 tamqnam
2181 2833 2472 2880 atrociorem
2509 2845 2560 2880 et
2587 2833 2677 2879 viri
2698 2847 2786 2878 ms·

1767 2910 1890 2971 ioris
1922 2910 2107 2956 ironice
2134 2912 2341 2958 confert.

1847 3003 1894 3036 a.
1936 2987 2230 3036 stlerabe‘lia
2250 2988 2465 3054 fuerunt
2501 2990 2614 3040 illa.
2654 2987 2785 3054 Quod

1773 3070 1957 3114 Drusus
1984 3077 2033 3115 et
2061 3069 2319 3116 Africanus
2369 3069 2524 3116 domo
2575 3088 2657 3117 sna
2697 3069 2786 3114 fue·

1772 3147 1871 3193 rint
1908 3146 2181 3204 interfecti,
2217 3163 2403 3210 nosque
2442 3159 2493 3196 et
2536 3148 2787 3213 Pompeius

1772 3224 1922 3273 simus
1949 3235 2022 3272 tot
2049 3225 2238 3273 insidiis
2265 3227 2607 3275 circumventi.

1844 3306 1893 3352 3.
1945 3306 2094 3367 Luget
2136 3317 2350 3352 senatus.
2392 3308 2556 3368 Quem
2600 3304 2787 3355 Clodius

1776 3384 1873 3431 sere
1905 3384 2231 3441 exstinxeram
2268 3402 2515 3450 quemque
2552 3389 2720 3434 Pisone
2746 3395 2789 3432 et

1774 3462 1985 3512 Gabinio
2011 3479 2137 3510 coss.
2160 3464 2367 3512 maxime
2388 3478 2707 3529 oppresserat.
2725 3489 2785 3500 -·

1773 3543 2013 3605 Equester
2028 3542 2162 3591 ordo.
2183 3542 2277 3590 Cui
2302 3545 2593 3592 Ciceronem
2614 3544 2789 3592 amicis·

1772 3621 1948 3667 simum
1972 3622 2021 3667 in
2042 3623 2263 3670 exsilium
2284 3624 2491 3672 miserat.
2514 3652 2582 3662 —-·
2609 3623 2786 3673 civicas.

1773 3700 1929 3762 Quam
1952 3700 2273 3750 seditionibus
2290 3720 2479 3768 semper
2492 3704 2789 3751 laceraverat.

1774 3806 1841 3814 —
1864 3779 2146 3845 Munieipia.
2168 3782 2288 3844 Quae
2308 3782 2560 3832 Ciceronis
2578 3784 2788 3830 exsilium

1772 3873 1873 3904 non
1903 3858 2132 3907 ferebant.

1845 3946 1893 3990 6.
1941 3937 2052 3984 Non
2084 3937 2194 4002 finit
2239 3955 2300 3984 ea
2340 3955 2509 3987 eausa.
2559 3941 2791 3988 Hactenus

1774 4013 1968 4073 docuit,
1990 4032 2078 4063 cur
2100 4017 2161 4063 de
2184 4016 2345 4064 Clodii
2370 4034 2491 4066 nece
2513 4037 2642 4068 nova
2671 4035 2788 4083 qnae·

1773 4094 1866 4140 stin
1907 4093 2016 4141 ferri
2060 4111 2159 4142 non
2202 4094 2451 4154 debuerit;
2493 4115 2620 4146 nnnc
2664 4108 2789 4163 post·
