2994 4778
704 438 1092 507 ORATIO
1142 438 1253 508 IN
1305 436 1847 507 VATINIUM.
2217 437 2349 536 159

223 560 687 658 sperabasne²
719 559 829 644 id,
859 573 943 630 ut
969 571 1212 656 patres
1244 558 1634 655 conscripti
1670 582 1759 633 ex
1779 558 2144 656 republica
2180 559 2347 633 fun-

227 674 416 743 ditus
445 669 920 742 tollerentur?
945 693 1039 740 ne
1062 667 1204 739 hoc
1233 667 1527 764 quidem
1556 669 1839 739 senatui
1861 668 2347 768 relinquebaS,

225 781 416 881 quod
442 805 665 852 nemo
687 801 1040 875 umquam
1078 777 1380 863 ademit,
1417 790 1501 847 ut
1528 777 1739 873 legati
1776 801 1866 848 ex
1893 778 2050 873 ejus
2077 780 2346 854 ordinis

220 895 639 962 auctoritate
697 887 1158 986 legarentur?
1215 886 1496 957 adeone
1540 885 1673 957 tibi
1710 886 2083 958 sordidum
2121 894 2350 962 consi-

218 1001 383 1071 lium
413 999 794 1097 publicum
830 999 1064 1069 visum
1097 1011 1242 1082 est,
1267 995 1448 1067 adeo
1475 994 1781 1067 afflictus
1808 1012 2140 1089 senatuS,
2168 1001 2347 1074 adeo

217 1115 469 1182 misera
520 1126 595 1181 et
636 1122 989 1207 prostrata
1023 1105 1466 1205 respublica,
1505 1120 1591 1177 ut
1628 1131 1777 1177 non
1822 1108 2120 1180 nuntios
2159 1113 2350 1207 pacis

215 1244 289 1290 ac
314 1219 495 1291 belli
518 1218 576 1308 ³,
600 1245 754 1289 non
784 1233 1154 1290 curatores
1169 1215 1226 1303 4,
1255 1241 1404 1286 non
1433 1217 1867 1313 interpretes
1885 1272 1905 1301 ,
1934 1243 2086 1289 non
2111 1218 2349 1291 bellici

215 1332 492 1401 consilii
521 1338 854 1401 auctores
867 1325 920 1417 ⁵,
950 1353 1103 1417 non
1140 1327 1508 1397 ministros
1539 1328 1860 1398 muneris
1893 1329 2348 1426 provincialis

217 1455 504 1512 senatus
537 1464 746 1510 more
773 1439 1125 1534 majorum
1164 1436 1474 1534 deligere
1512 1437 1802 1535 posset?
1824 1439 2206 1536 Eripueras
2242 1464 2351 1511 se·

217 1551 411 1621 natui
443 1550 832 1648 provinciae
864 1547 1336 1620 decernendae
1364 1560 1799 1644 potestatem
1820 1545 1875 1633 ⁶,
1899 1550 2347 1645 imperatoris
2398 1596 2411 1609 -

217 1658 570 1756 deligendi
588 1658 969 1753 judicium,
994 1658 1220 1729 aerarii
1239 1657 1848 1754 dispensationem
1866 1670 1928 1727 7:
1954 1682 2115 1755 quae
2142 1684 2348 1733 nurn-

222 1792 433 1864 quam
501 1767 647 1840 sibi
717 1766 1037 1865 populus
1093 1788 1440 1836 romanus
1499 1767 1884 1863 appetivit,
1954 1769 2081 1864 qui
2143 1794 2349 1841 num—

223 1902 427 1973 quam
473 1878 630 1949 haec
663 1903 705 1947 a
747 1875 1009 1947 summi
1047 1877 1322 1946 consilii
1350 1874 1873 1973 gubernatione
1909 1875 2189 1950 auferre
2225 1903 2346 1950 co·

226 2004 424 2059 natus
482 2003 613 2060 est.
664 1994 815 2085 Age
853 2013 871 2056 ε
941 1984 1211 2056 facturn
1262 2000 1370 2056 est
1410 1986 1675 2056 horum
1726 1985 1996 2083 aliquid
2041 1989 2118 2057 in
2160 1989 2348 2078 aliis;

227 2122 407 2168 raro:
448 2097 576 2169 sed
620 2094 1160 2179 tamenfactum
1187 2110 1330 2183 est,
1367 2110 1449 2166 ut
1480 2094 1801 2194 populus
1839 2095 2180 2194 deligeret
2210 2100 2345 2170 im-

228 2223 545 2304 peratore
741 2209 924 2297 Quis
971 2203 1237 2302 legatos
1272 2231 1617 2304 umquam
1647 2205 1923 2277 audivit
1960 2210 2115 2279 sine
2152 2233 2349 2282 sena-

229 2316 616 2391 tusconsult
707 2326 730 2381 f
769 2331 915 2400 ,nte
941 2330 1012 2387 te
1037 2338 1257 2387 nemo
1285 2343 1301 2385 ε
1340 2330 1503 2412 post
1530 2317 1930 2386 continuo9
1957 2315 2126 2388 fecit
2152 2318 2342 2392 idem

235 2428 618 2502 inqchobus
648 2427 1069 2527 ptffligiis1⁰
1107 2426 1519 2526 reipublicae
1556 2426 1858 2499 Clodius
1890 2453 1905 2496 :
1948 2452 2098 2524 quo
2131 2431 2344 2501 etiam

1317 2588 1652 2652 ..eripuerisne
1682 2571 1912 2650 pecunias
1950 2603 2011 2635 ex
2051 2590 2222 2637 oerario
2249 2591 2346 2639 tuis

1315 2662 1539 2733 legibus?
1568 2688 1592 2708 ι·
1621 2668 1738 2714 Eam
1773 2666 2028 2729 pecuniam
2055 2667 2107 2715 in
2138 2670 2345 2733 emptio·

233 2588 323 2646 n‘u‘,
339 2606 448 2653 qus
468 2591 629 2638 invito
657 2600 826 2637 senatu
850 2589 994 2648 tulit,
1016 2606 1070 2638 ea
1107 2589 1198 2637 suit
1213 2624 1227 2648 ,

229 2678 280 2715 ut
314 2669 488 2732 legatos
533 2686 640 2718 non
685 2679 910 2728 senatus,
970 2678 1026 2717 ut
1062 2680 1227 2726 antea,

226 2746 302 2793 aed
318 2749 534 2813 populus
556 2749 774 2813 eligeret.

284 2841 332 2875 a.
349 2829 478 2886 Alii,
505 2844 814 2894 sperat-asne.

284 2907 330 2953 3.
353 2907 505 2955 Pacis
538 2925 602 2954 ae
642 2905 771 2955 betti.
815 2907 1020 2969 Legatos
1058 2906 1231 2970 stepius

218 2984 391 3034 hilum
416 2999 467 3035 et
491 3002 658 3050 pacem
692 2987 938 3035 nuntiasse
972 3002 1034 3035 ex
1064 2987 1233 3035 multis

218 3075 283 3111 est
301 3075 623 3129 compertum.
647 3065 743 3113 Sed
771 3076 893 3129 puto
923 3065 1004 3125 jus
1035 3081 1231 3130 quoque

218 3142 450 3190 tentanum
472 3161 554 3191 eos
577 3142 811 3192 habuisse.

280 3219 335 3283 ⁴.
369 3222 602 3271 Gulielm.
626 3224 763 3284 conj.
793 3233 1024 3270 oratores.

284 3300 330 3349 5.
343 3303 403 3348 B.
413 3318 461 3349 e.
476 3311 711 3348 auctores.
720 3300 800 3348 Ad
817 3299 869 3349 id
882 3300 1009 3347 enim
1023 3316 1050 3347 a
1064 3309 1236 3347 senatu

221 3378 544 3436 mittebantur,
554 3391 610 3427 ut
622 3395 791 3427 eorum
807 3379 1023 3427 consiliis
1037 3379 1100 3426 im
1105 3395 1235 3443 pera-

222 3467 336 3506 tores
352 3469 626 3520 uterentur,
642 3474 796 3522 quum
809 3458 940 3506 bella
954 3467 1230 3506 tractarent.

280 3538 330 3586 6.
357 3536 633 3586 Provincia
668 3538 990 3587 decernendae
1020 3547 1234 3601 potesta-

225 3625 322 3664 ten.
350 3619 559 3664 Senatus
583 3631 734 3679 quum
759 3628 1054 3679 grassantem
1086 3617 1234 3664 latius

223 3693 407 3743 Castris
436 3695 757 3743 ambitionem
792 3704 1053 3754 metueret,
1091 3695 1137 3742 ei
1160 3695 1234 3743 in-

225 3773 364 3820 cultas
375 3787 524 3823 terras
537 3786 588 3823 et
598 3775 701 3822 vias
715 3773 1043 3823 conficiendas
1054 3775 1106 3821 in
1120 3790 1235 3840 pro-

225 3853 412 3902 vinei-m
423 3855 648 3912 dede-rau
668 3853 755 3902 sed
769 3870 853 3902 sua
869 3864 1113 3901 senatores
1125 3870 1234 3918 spes

221 3930 404 3996 &elliu
421 3951 534 3982 nam
542 3934 779 3982 Vatinius
797 3934 949 3996 legem
966 3933 1074 3980 tulit
1089 3966 1103 3990 ,
1138 3948 1233 3997 qna

221 4009 383 4059 casati
415 4013 588 4077 Illyria
623 4028 740 4060 cum
767 4011 1013 4075 Cisalpina
1043 4011 1232 4072 Gallia,

222 4097 267 4134 et
299 4091 448 4139 tribus
471 4091 754 4156 legionibus
785 4090 1140 4138 decerneretur.

286 4183 335 4228 7.
359 4171 553 4219 AEtaen'ae'
578 4169 1000 4233 dispensationem.
1036 4171 1191 4235 Supra
1220 4188 1233 4222 :

1317 2763 1429 2795 nem
1450 2748 1552 2811 agri
1576 2745 1837 2810 Campani,
1864 2743 1969 2809 lege
1990 2746 2216 2808 Cauris,
2238 2765 2349 2798 ero·

1318 2828 1418 2890 gari
1442 2826 1737 2890 oportebat:
1774 2825 1826 2873 id
1855 2825 2129 2889 pertinebat
2161 2827 2226 2876 ad
2266 2844 2343 2876 se-

1317 2917 1522 2954 natum:
1553 2905 1639 2953 sed
1674 2903 1931 2964 Vatinius,
1965 2904 2099 2953 nulla
2147 2917 2343 2955 senatus

1317 2986 1505 3033 ratione
1539 2984 1733 3046 babita,
1772 3000 1878 3032 eam
1905 2984 2043 3047 ipse,
2077 3001 2140 3034 ex
2171 2988 2343 3034 erario

1321 3074 1586 3127 sumptam,
1602 3061 1833 3110 arbitratu
1858 3078 1948 3108 suo
1968 3062 2344 3113 administravit.

1397 3143 1443 3190 8.
1475 3144 1539 3188 Ue
1566 3140 1773 3205 populus
1814 3138 2048 3201 deligeret
2083 3141 2347 3205 imperato·

1322 3236 1439 3268 rem.
1484 3219 1678 3282 Delegit
1730 3216 1949 3281 populna
1989 3218 2197 3267 Gabinia
2236 3220 2343 3284 lege

1323 3298 1608 3364 Pompeium
1651 3297 1988 3360 imperatorem
2038 3295 2169 3346 bello
2214 3299 2341 3364 pira·

1322 3379 1449 3436 tico,
1474 3375 1867 3424 dissuadentibus
1898 3375 2213 3438 optimatibus
2235 3412 2252 3439 ,
2290 3389 2344 3427 ut

1321 3458 1388 3506 ait
1408 3457 1648 3505 Velleius:
1670 3471 1821 3519 quum
1848 3453 2119 3503 Trebellius
2140 3471 2341 3525 quoque

1320 3537 1545 3586 tribunus
1595 3535 1752 3600 plebis
1804 3533 2101 3584 intercedere
2141 3551 2340 3586 conare·

1321 3630 1437 3665 tur:
1466 3632 1575 3664 nam
1618 3615 1807 3664 senatui
1847 3615 2164 3680 promiserat,
2207 3618 2341 3664 utin

1320 3696 1536 3745 Pediano
1561 3695 1766 3758 legimus
1786 3728 1801 3753 ,
1829 3695 2117 3742 moriturum
2154 3711 2205 3742 se
2230 3708 2341 3745 ante

1321 3791 1464 3839 quam
1502 3775 1584 3822 lex
1621 3774 1703 3821 illa
1733 3774 2025 3838 perferretur
2057 3786 2072 3822 :
2114 3774 2338 3823 eumdem

1322 3854 1451 3903 bello
1502 3853 1839 3902 Mithridatico
1862 3887 1877 3912 ‚
1949 3852 2149 3901 Manilia
2198 3855 2336 3919 lege,

1323 3945 1492 3981 contra
1508 3933 1804 3982 voluntatem
1819 3934 2108 3998 optimatum
2127 3936 2341 3999 populus

1323 4013 1517 4077 delegit.
1539 4013 1824 4061 Plutarchus
1839 4049 1854 4074 ,
1869 4014 2150 4079 Appianas,
2170 4016 2285 4064 Dio.

1392 4108 1443 4154 9.
1462 4094 1578 4142 Post
1592 4091 1839 4142 continuo.
1862 4095 2010 4141 Anno
2033 4094 2270 4156 sequenti.

1398 4187 1477 4221 ro.
1507 4174 1701 4221 Duobus
1715 4171 1974 4238 prodigiis.
2011 4174 2066 4218 In
2091 4172 2265 4218 Pisone
2292 4181 2339 4217 et
