2994 4778
529 408 542 469 ῖ
622 424 761 510 468
1356 423 1861 493 ARGUMEN
1878 423 2111 491 TUM.

695 543 1031 604 vulneribus
1069 543 1428 612 confossum,
1471 541 1661 601 media
1703 544 1763 601 in
1799 543 1893 601 via
1929 542 2247 621 projectum
2281 543 2394 601 fuit
2422 562 2489 601 ac
2526 542 2753 602 dereli-

691 654 869 699 ctum.
900 644 986 707 Re
1012 650 1373 716 perpetrata,
1396 636 1850 715 disturbatisque
1874 638 2113 697 omnino
2146 636 2474 711 Clodianis,
2504 639 2561 696 in
2590 640 2753 698 viam

694 738 838 796 Milo
864 757 925 794 se
956 735 1206 812 conjicit.
1236 740 1465 795 Interea
1492 739 1649 795 Sext.
1673 735 1892 794 Tedius
1930 733 2189 805 s'enator,
2217 736 2318 813 qui
2350 757 2425 794 ex
2454 736 2597 794 villa
2627 741 2755 796 Ur-

696 834 829 893 bem
857 831 1187 911 repetebat,
1227 831 1473 890 cadaver
1513 833 1768 903 sustulit,
1797 832 2115 910 lecticaque
2141 832 2472 911 impositum
2500 838 2755 892 Romam

696 932 909 993 deferri
932 930 1176 989 curavit.
1201 929 1384 990 Simul
1409 949 1476 987 ac
1502 928 1671 989 caedis
1696 930 1848 989 fama
1876 931 2108 1007 vulgata
2133 943 2248 1000 est,
2276 930 2474 990 infima
2505 930 2673 1008 plebs
2694 944 2758 990 et

699 1024 1110 1108 perditissimus
1138 1025 1379 1104 quisque
1418 1039 1552 1089 ante
1594 1025 1784 1087 Clodii
1813 1026 1966 1086 πόα
1995 1039 2441 1086 concurrerunt.
2485 1032 2653 1101 Quos
2689 1043 2756 1088 ut

695 1126 885 1189 acrius
921 1123 1263 1185 accenderet
1300 1143 1451 1185 uxor
1491 1122 1684 1185 Clodii
1716 1123 1951 1197 Fulvia,
1993 1124 2187 1185 mariti
2227 1143 2443 1203 corpus
2480 1125 2756 1199 nudavit,

699 1224 1054 1299 vulneraque
1087 1220 1303 1298 objecit
1331 1221 1590 1283 omnium
1623 1222 1808 1281 oculis
1839 1220 2270 1283 contrectanda.
2304 1223 2582 1282 Postridie
2606 1244 2755 1282 vero

697 1338 1001 1379 numerosa
1052 1318 1228 1395 magis
1284 1317 1596 1376 multitudo
1647 1319 1927 1377 confluxit
1949 1360 1966 1386 ‚
2022 1317 2509 1397 incitantibusque
2558 1321 2756 1379 acrius

697 1405 899 1476 Fulvia
915 1459 932 1488 ,
963 1415 1345 1491 Munatioque
1371 1415 1583 1477 Planco
1599 1456 1617 1485 ,
1641 1428 1700 1475 et
1727 1420 1800 1488 Q.
1829 1415 2143 1493 Pompeio,
2169 1435 2385 1494 corpus
2410 1435 2751 1495 suscepere,

695 1526 755 1575 ct
782 1514 842 1577 in
868 1513 1059 1575 forum
1090 1509 1423 1571 detulerunt
1457 1508 1728 1571 omnibus
1756 1510 2163 1588 spectandum3
2195 1510 2278 1569 ibi
2305 1532 2445 1570 vero
2475 1518 2546 1585 Q.
2569 1518 2755 1572 Pom-

698 1610 863 1688 peius
889 1619 1106 1673 mentes
1128 1605 1386 1671 omnium
1417 1606 1496 1667 ita
1524 1605 1711 1673 acuit,
1740 1618 1805 1664 ut
1836 1605 2018 1683 raptis
2039 1605 2326 1669 subselliis
2340 1606 2553 1685 quibus
2572 1610 2755 1688 vulgo

696 1704 928 1765 stabant
976 1702 1236 1781 judices,
1284 1701 1578 1778 ingentem
1633 1721 1840 1779 pyram
1896 1703 2250 1775 struxerint,
2301 1704 2759 1784 impositumque

696 1799 1079 1867 cremaverint
1121 1817 1367 1877 corpus3
1416 1797 1519 1857 sed
1570 1796 1736 1857 brevi
1783 1812 1957 1859 vento
2001 1798 2420 1859 vehementiori
2461 1801 2761 1879 aspirante

647 1952 654 1961 r
702 1900 921 1961 curiam
951 1895 1280 1960 incendium
1304 1896 1624 1974 corripuit,
1648 1895 1905 1973 dumque
1930 1915 2130 1957 omnes
2153 1897 2341 1957 territi
2366 1897 2720 1976 diffugerent
2736 1945 2758 1972 ‚

696 1996 980 2075 dejectum
1011 2015 1155 2073 rogo
1182 1993 1373 2057 Clodii
1393 2014 1607 2073 corpus
1630 1994 1968 2055 semiustum
1988 1995 2180 2055 medio
2200 1997 2331 2057 foro
2350 1997 2613 2057 relictum
2641 2013 2757 2058 cst.

779 2098 915 2153 Haee
956 2095 1149 2153 omnia
1184 2092 1406 2156 animos
1452 2090 1660 2169 optimi
1701 2089 1980 2168 cujusque
2023 2092 2085 2150 in
2134 2092 2445 2153 Clodianos
2489 2115 2761 2154 commo-

701 2211 864 2263 vere;
895 2209 1289 2267 conversaque
1314 2189 1377 2253 in
1399 2208 1460 2247 se
1485 2187 1676 2251 studia
1695 2201 1851 2249 ratus
1872 2188 2040 2262 Milo,
2062 2194 2308 2250 Romam
2334 2191 2555 2270 regredi
2574 2213 2762 2251 ausus

700 2300 815 2359 cst;
860 2287 1145 2364 populum
1190 2285 1523 2361 alloquutus
1568 2297 1686 2355 est,
1733 2283 2033 2362 pecuniam
2077 2285 2348 2363 largitus3
2400 2286 2499 2345 sed
2539 2288 2761 2348 frustra

701 2384 824 2443 haec
851 2382 1047 2448 omnia
1079 2382 1268 2442 fuere:
1300 2378 1525 2444 tribuni
1551 2378 1779 2459 plebem
1801 2381 2040 2440 incitare
2061 2402 2182 2440 non
2209 2381 2575 2444 destiterunt.
2603 2387 2762 2460 Qui—

700 2481 811 2540 bus
854 2479 1029 2538 rebus
1059 2479 1296 2544 omnino
1332 2497 1614 2538 concussa
1658 2477 1886 2549 civitas,
1935 2479 2219 2557 veritique
2266 2495 2461 2558 patres
2506 2503 2582 2540 ne
2615 2484 2763 2561 quid

697 2578 928 2659 gravius
960 2576 1275 2646 accideret,
1300 2590 1483 2651 quum
1527 2589 1813 2653 perpetuo
1854 2594 2016 2634 arma
2060 2576 2121 2634 in
2162 2577 2294 2637 foro
2345 2591 2763 2650 uacarentur,

701 2674 1039 2755 Pompeium
1067 2673 1360 2732 consulem
1392 2668 1613 2748 absque
1637 2671 1860 2750 collega
1887 2691 2159 2731 creavere
2189 2673 2407 2747 edicto,
2430 2677 2623 2736 ut-ille
2657 2699 2765 2736 ca·-

706 2784 898 2842 veret,
938 2788 1011 2827 ne
1038 2767 1182 2845 quid
1214 2765 1548 2828 detrimenti
1577 2781 1811 2845 caperet
1839 2768 2183 2847 respublica.
2209 2771 2326 2844 Qui
2355 2791 2505 2831 vero
2533 2774 2765 2832 miino-

704 2887 836 2926 rum
892 2864 1381 2942 exspectationem
1437 2864 1688 2936 fefellit,
1744 2883 1876 2922 nam
1932 2866 2205 2943 praesenti
2267 2868 2537 2945 periculo
2587 2871 2764 2931 nimis

705 2962 1085 3027 conterritus»,
1126 2960 1396 3038 falsisque
1441 2960 1777 3019 rumoribus
1821 2963 2029 3039 populi
2067 2963 2342 3040 agitatus,
2391 2966 2606 3026 milites
2646 2990 2760 3027 un-

706 3046 882 3140 dique
918 3056 1262 3129 conscribit,
1305 3057 1364 3115 in
1402 3055 1703 3135 publicum
1750 3056 1987 3135 prodire
2028 3078 2146 3117 non
2180 3061 2465 3135 sustinet,
2516 3063 2579 3120 in
2617 3063 2764 3123 bor—

709 3159 894 3235 tisque
917 3157 1032 3215 suis
1053 3154 1599 3224 suburbanis-latet,
1627 3152 1857 3213 delectu
1894 3155 2139 3216 militum
2168 3156 2410 3217 cinctus.
2442 3161 2675 3220 Interea
2700 3161 2761 3218 in

589 3309 600 3326 χ
701 3252 986 3328 judicium
1020 3250 1312 3310 vocandus
1357 3262 1484 3318 erat
1533 3248 1614 3312 ob
1660 3248 1871 3309 caedem
1921 3252 2104 3323 Mi103
2165 3272 2380 3314 novum
2429 3257 2767 3333 quastionis

599 3329 613 3354 ⁸
706 3367 884 3425 genus
911 3347 1370 3426 legetPompeius
1398 3347 1732 3417 constituit,
1770 3366 1953 3405 novos
1978 3347 2208 3424 judices
2246 3351 2592 3424 conscribit,
2636 3359 2766 3413 Do-

709 3445 931 3502 mitium
960 3441 1418 3502 Ahenobarbum
1454 3443 1820 3518 quaesitorem
1852 3442 2130 3503 decernit.
2179 3445 2505 3507 obstiterat
2538 3450 2769 3528 legibus

662 3600 669 3607 ,
710 3538 831 3597 istis
868 3545 948 3602 Μ.
977 3539 1224 3607 Coelius;
1266 3535 1365 3594 sed
1401 3555 1581 3613 quum
1624 3540 1977 3615 pertinacius
2017 3542 2201 3619 legem
2230 3544 2586 3623 vituperanti
2616 3547 2773 3606 indi-

710 3635 886 3696 xisset
921 3632 1226 3709 Pompeius
1246 3674 1262 3704 ,
1304 3651 1364 3688 se
1413 3633 1829 3710 rempublicam
1876 3637 2052 3696 armis
2101 3638 2507 3714 defensurum,
2557 3642 2771 3702 cedere

712 3746 942 3791 coactus
976 3743 1078 3789 est.
1110 3729 1376 3790 Trecenti
1397 3727 1625 3805 judices
1654 3731 1814 3790 fuere
1844 3735 2161 3811 propositi,
2196 3749 2256 3794 et
2280 3757 2352 3795 ex
2374 3738 2446 3796 iis
2467 3741 2774 3818 octoginta

712 3843 769 3888 et
791 3849 939 3914 unus
961 3826 1186 3884 delecti.
1218 3826 1334 3886 Sed
1361 3840 1673 3904 postquam
1700 3843 2001 3890 accusator
2023 3832 2232 3908 quinos
2266 3853 2340 3892 ex
2366 3834 2642 3897 omnibus
2673 3859 2776 3896 or--

709 3925 941 3988 dinibus
966 3924 1279 4002 rejecisset,
1314 3924 1675 4002 totidemque
1707 3946 1871 3999 reus,
1916 3940 2066 3988 unus
2116 3942 2339 3990 tantum
2377 3946 2437 3992 et
2479 3936 2774 4015 quinqua·

715 4025 871 4103 ginta
905 4024 1096 4092 fuere,
1127 4042 1273 4098 quos
1315 4023 1466 4082 inter
1494 4022 1692 4090 decem
1722 4035 1781 4080 ct
1811 4035 1946 4080 octo
1981 4040 2307 4103 senatores,
2351 4032 2774 4109 septemdecim

715 4122 935 4200 equites
963 4119 1334 4182 et.sexdeci.m
1361 4121 1555 4178 aerarii
1586 4119 1804 4184 tribuni
1837 4135 2017 4184 erant.
2063 4123 2386 4185 Adstabant
2424 4129 2628 4192 Miloni
2666 4131 2779 4189 de-
