2994 4778
652 421 1034 489 ORATIO
1084 420 1283 487 PRO
1334 422 1410 488 L.
1456 421 1534 488 C.
1581 418 1936 486 BALBO.
2211 413 2354 509 329

231 567 394 615 eam
426 542 823 628 civitatem,
855 541 1074 637 hujus
1100 556 1391 639 rogatu,
1423 538 1664 611 studia
1702 552 1774 609 et
1805 534 2153 608 beneficia
2181 561 2351 607 con-

232 654 498 726 tulerit.
538 652 770 724 Multa
809 667 1189 751 praetereo,
1238 676 1399 749 quoe
1442 647 1806 748 quotidie,
1844 645 2090 717 labore
2131 646 2348 740 hujus

225 779 303 836 et
343 762 631 852 studio,
678 779 802 834 aut
829 767 1175 852 omnino,
1216 776 1339 832 aut
1375 775 1569 832 certe
1597 757 1875 829 facilius
1904 781 2349 852 consequun-

224 888 371 944 tur.
393 879 646 969 Itaque
680 888 752 944 et
769 870 1029 944 adsunt
1062 875 1424 970 principes
1444 869 1744 941 civitatis
1765 921 1785 954 ,
1809 881 1879 937 et
1906 863 2346 952 defendunt:

225 1006 510 1070 amore,
549 996 633 1052 ut
669 1006 883 1053 suum
927 982 1185 1068 civem;
1232 980 1645 1052 testimonio
1669 1033 1689 1066 ,
1720 992 1805 1047 ut
1838 991 2202 1065 nostrum;
2231 973 2345 1045 of-

225 1090 433 1176 ficio,
492 1105 574 1162 ut
601 1117 689 1163 ex
720 1091 1167 1163 nobilissimo
1212 1092 1348 1163 civi
1377 1089 1907 1162 sanctissimum
1947 1085 2349 1183 hospitem3

224 1201 471 1274 studio
490 1218 622 1289 „ut
648 1202 1266 1301 diligentissimum
1302 1199 1760 1273 defensorem
1789 1196 2340 1269 commodorum

223 1336 550 1383 suorum.

316 1427 426 1493 Ac
445 1477 467 1510 ,
509 1447 603 1493 ne
637 1423 773 1520 ipsi
810 1421 1146 1494 Gaditani
1174 1421 1641 1510 arbitrentur,
1672 1443 2112 1518 quamquam
2143 1417 2346 1490 nullo

224 1532 691 1605 incommodo
728 1531 1151 1619 afficiantur,
1187 1533 1247 1604 si
1273 1527 1512 1619 liceat,
1550 1556 1798 1603 eorum
1841 1533 2030 1603 cives
2068 1530 2350 1601 virtutis

227 1668 437 1715 causa
487 1645 566 1713 in
614 1659 931 1724 nostram
977 1643 1335 1714 civitatem
1379 1642 1661 1728 venire,
1712 1655 1951 1712 tamen
2001 1640 2143 1712 hoc
2187 1642 2346 1736 ipso

225 1750 524 1824 inferius
560 1776 713 1824 esse
749 1776 961 1824 suum
996 1751 1232 1823 foedus
1254 1806 1273 1840 ‚
1307 1776 1525 1848 quam
1580 1766 1984 1823 ceterorum
2020 1778 2035 1820 ε
2085 1774 2344 1822 conso-

227 1861 430 1933 labor
451 1861 482 1907 ⁵
510 1877 587 1933 et
619 1863 754 1935 hos
786 1878 1171 1961 praesentes
1191 1917 1211 1950 ,
1239 1866 1430 1934 viros
1471 1864 1785 1959 optimos
1812 1917 1831 1945 ‚
1861 1877 1932 1933 et
1959 1862 2152 1933 illam
2174 1860 2350 1933 fide-

226 1973 563 2044 lissimam
606 1987 824 2069 atque
873 1973 1365 2043 amicissimam
1421 1970 1632 2042 nobis
1686 1973 2086 2059 civitatem3
2132 1970 2344 2042 simul

226 2097 295 2153 et
327 2107 501 2169 vos„
537 2106 690 2152 non
728 2084 1137 2178 ignorantes
1152 2079 1207 2170 ⁶,
1232 2080 1547 2176 judice-S,
1590 2078 2037 2168 admoneb0‚
2064 2105 2216 2178 quo
2254 2080 2346 2152 de

221 2191 379 2287 jure
420 2192 569 2263 hoc
605 2191 957 2287 judicium
997 2191 1469 2263 constitutum
1509 2193 1633 2276 sit,
1684 2190 1774 2261 de
1819 2215 1906 2262 eo
1951 2215 2347 2289 numquam

174 2334 179 2338 ·
226 2302 526 2373 omnino
565 2326 720 2373 esse
755 2301 1185 2372 dubitatum.

324 2417 474 2483 XX.
515 2414 723 2502 Quos
762 2414 978 2508 igitur
1014 2411 1613 2510 prudentissimos
1647 2414 2078 2509 interpretes
2120 2410 2349 2483 foede-

223 2549 419 2609 rum,
456 2548 648 2621 quos
684 2523 1152 2621 peritissimos
1178 2521 1418 2594 bellici
1453 2522 1636 2618 juris
1662 2577 1680 2609 ,
1720 2546 1907 2619 quos
1952 2521 2347 2620 diligentis-

221 2637 437 2706 simos
481 2635 556 2703 in
604 2632 1065 2729 exquirendis
1118 2631 1663 2704 conditionibus
1708 2631 2072 2702 civitatum
2131 2647 2349 2728 atque

216 2749 448 2817 causis
493 2768 647 2816 esse
694 2741 1162 2814 arbitramur?
1189 2766 1314 2814 eos
1349 2741 1718 2841 profecto,
1761 2743 1891 2840 qui
1922 2742 2069 2837 jam
2120 2743 2345 2839 impe-

216 2860 321 2930 ria
376 2884 463 2930 ac
512 2855 699 2929 bella
750 2871 1151 2955 gesserunt.
1212 2861 1537 2944 Etenim,
1590 2860 1645 2929 si
1696 2861 1783 2949 Q.
1832 2860 2184 2929 Scaevola¹
2229 2858 2349 2929 ille

212 3043 672 3106 Carthaginienses,
711 3059 853 3107 quem
888 3042 1050 3091 Julius
1081 3043 1242 3091 cnm

209 3122 508 3182 sustulerit,
544 3123 674 3172 hune
696 3124 864 3172 locum
896 3123 1124 3186 intelligit
1142 3126 1242 3170 Ve-

210 3201 363 3251 lenius
386 3201 455 3250 ad
483 3203 742 3266 fragmenta
770 3203 943 3250 Dionis
964 3202 1159 3252 Coeeeii
1188 3201 1240 3248 in

212 3281 532 3330 Deire-cinni·
558 3282 827 3346 Exuet-ptis.

277 3363 335 3411 5.
366 3361 686 3411 consolabor.
720 3360 990 3408 Gaditanos
1014 3359 1238 3408 consola-

212 3451 292 3488 tur
312 3439 491 3488 eedem
514 3455 694 3504 opere,
719 3456 813 3503 qna
847 3438 1023 3497 docet,
1049 3438 1110 3486 de
1129 3440 1239 3499 jure

208 3520 393 3567 civium
421 3535 488 3568 ex
513 3518 759 3566 foederatis
785 3517 1062 3567 civitatibus
1082 3516 1239 3564 adsci-

207 3598 511 3646 mendorum
535 3612 800 3661 numquam
820 3613 922 3644 esse
944 3595 1234 3644 dubitatum.

204 3676 382 3724 Nihilo
423 3676 557 3725 enim
595 3678 737 3741 pejus
778 3691 889 3722 cum
931 3675 1006 3722 his
1040 3687 1238 3740 agetur,

204 3771 354 3818 quum
395 3771 512 3802 enm
553 3753 659 3803 aliis
690 3755 949 3802 illustrium
988 3755 1236 3803 civitatum

199 3834 634 3895 conjunctissimis
675 3833 921 3882 foederatie
956 3844 1116 3881 actum
1144 3834 1240 3880 fue·

196 3914 283 3960 rit.
301 3913 564 3960 Immerito
584 3912 665 3960 hic
683 3912 821 3960 haesit
841 3914 1030 3960 Ernest.

278 3993 337 4040 6.
352 3992 473 4039 Non
486 3990 781 4056 :knut-antes.
797 3991 941 4038 Solus
953 3992 1063 4039 Car.
1073 3990 1241 4053 steph.

201 4071 353 4134 quod
372 4086 478 4117 noa
506 4069 770 4135 &not-atis,
793 4072 993 4135 ejusque
1019 4070 1164 4118 lectio
1189 4070 1242 4117 in

199 4151 329 4196 Ver.
349 4150 511 4197 Lectt.
530 4149 715 4197 oliveti
735 4149 966 4198 lambino
987 4148 1238 4210 tribuitur;

1327 3043 1412 3091 sed
1431 3058 1581 3107 quum
1600 3044 1842 3106 vulgatam
1856 3076 1872 3101 ‚
1897 3059 1960 3091 ne
1988 3044 2219 3091 varietate
2243 3045 2350 3106 qui-

1332 3121 1444 3169 dem
1470 3131 1639 3169 notata
1661 3155 1676 3179 ‚
1706 3122 1760 3169 in
1781 3122 1901 3169 meis
1926 3121 2251 3170 Lambinianis
2279 3124 2350 3170 in·
2381 3125 2387 3131 ’

1329 3200 1561 3257 venerim,
1578 3199 1807 3256 arbitror,
1830 3201 1989 3247 virum
2008 3202 2348 3264 prudentissi·

1326 3296 1478 3339 mum,
1499 3282 1551 3327 in
1577 3280 1731 3343 primu
1757 3279 1974 3328 editione
1996 3280 2269 3344 Stephano,
2298 3293 2348 3329 et

1327 3361 1430 3420 eius
1472 3358 1633 3407 codici
1669 3358 1907 3423 paruisse,
1948 3357 2125 3406 deinde
2160 3371 2350 3409 senten·

1326 3439 1444 3488 tiam
1471 3450 1696 3487 mnam.

1396 3520 1516 3567 XX.
1542 3534 1588 3569 1.
1614 3521 1672 3582 Q.
1690 3516 1930 3566 Scaevola.
1953 3518 2050 3565 Hie
2064 3530 2138 3567 est
2156 3518 2264 3578 ille,
2286 3521 2346 3567 de

1325 3613 1424 3662 quo
1448 3597 1749 3662 Pomponius
1775 3598 1837 3644 D.
1864 3597 1926 3644 de
1965 3597 2153 3661 origine
2184 3600 2340 3660 juris:

1324 3699 1350 3720 ι
1367 3679 1429 3740 Q.
1458 3672 1654 3726 Mucius
1669 3712 1690 3736 ,
1727 3676 1890 3724 Publii
1929 3674 2084 3739 filius,
2122 3679 2345 3741 pontifex

1325 3756 1562 3804 maximus
1576 3792 1590 3813 ,
1603 3759 1685 3817 jus
1707 3756 1851 3804 civile
1869 3758 2055 3819 primns
2070 3758 2348 3816 constituit,

1328 3836 1592 3898 generatim
1637 3837 1688 3882 in
1728 3835 1880 3882 libros
1927 3837 2096 3884 decem
2139 3849 2186 3884 et
2232 3847 2349 3885 octo

1330 3913 1653 3977 redigendo».
1688 3917 1784 3961 Pro
1821 3915 2035 3964 Caeeina.
2074 3915 2203 3963 Male
2229 3926 2352 3979 puto

1329 4007 1355 4038 a
1382 3990 1548 4037 Lemb.
1578 3990 1744 4038 datum
1770 3993 1991 4040 Scoevula
2012 4027 2027 4048 ,
2059 4009 2350 4055 quemquam

1328 4070 1392 4116 ita
1415 4069 1633 4116 selamin
1662 4070 1752 4119 Ms
1776 4070 2126 4118 Pendectarum
2151 4071 2347 4118 Floren-

1331 4149 1434 4196 tino
1452 4146 1575 4212 legi‚
1593 4148 1708 4196 etin
1731 4148 1838 4197 eliis
1855 4149 1992 4197 libri·
2010 4148 2241 4211 antiquie.
