2994 4778
608 444 998 513 ORATIO
1040 443 1235 509 PRO
1282 443 1357 507 T.
1402 442 1479 508 A.
1529 442 1966 512 MILONE.
2219 441 2358 539 529

227 583 300 639 et
337 565 607 637 libente
647 590 723 636 se
758 563 1044 649 fecisse,
1086 560 1430 632 libertatis
1473 562 1801 632 omnium
1849 586 2062 636 causa
2108 593 2123 634 :
2156 564 2359 662 quod

228 684 294 750 ei
336 692 533 748 certe
569 701 712 746 non
752 670 1250 745 confitendum
1289 670 1619 758 modo¹¹,
1651 695 1904 742 verum
1930 674 2142 743 etiam
2179 698 2357 771 prae-

227 782 644 855 dicandum.

324 897 543 975 XXX.
597 892 881 961 Etenim
910 892 969 960 si
1010 890 1088 961 id
1123 915 1276 961 non
1307 903 1520 985 negat
1540 901 1589 979 ¹,
1638 914 1726 960 ex
1754 915 1906 986 quo
1936 890 2116 960 nihil
2145 894 2363 988 petit,

229 1005 369 1073 nisi
413 1017 495 1073 ut
536 1003 973 1098 ignoscatur,
1022 1000 1388 1072 dubitaret
1435 1000 1510 1071 id
1544 997 1788 1088 fateri,
1829 1025 1917 1071 ex
1955 1027 2106 1099 quo
2144 1004 2366 1074 'etiam

230 1115 517 1210 praemia
562 1110 789 1182 laudis
825 1126 1061 1183 essent
1092 1108 1456 1208 petenda?
1494 1111 1632 1181 nisi
1661 1134 1835 1181 vero
1866 1115 2133 1208 gratius
2160 1127 2368 1209 putat

232 1248 385 1294 esse
421 1221 629 1293 vobis
647 1231 701 1307 ²,
741 1224 853 1292 sui
892 1246 967 1292 se
1013 1222 1302 1317 capitiS,
1347 1243 1565 1316 quam
1601 1217 1864 1290 vestri³
1907 1219 2363 1292 defensorem

231 1332 496 1421 fuisse3
551 1357 776 1429 quum
830 1333 1225 1430 praesertim
1271 1333 1348 1399 in
1405 1353 1489 1399 ea
1530 1328 2024 1423 confessione,
2071 1333 2129 1401 si
2180 1335 2361 1427 grati
2466 1410 2469 1413 Δ

230 1467 384 1513 esse
414 1440 722 1524 velletiS,
757 1439 1079 1511 honores
1098 1443 1603 1536 assequeretur
1621 1437 2121 1535 amplissimos,
2162 1441 2233 1511 Si
2259 1436 2364 1510 sa-

231 1566 432 1622 ctum
468 1548 676 1622 vobis
707 1574 863 1620 non.
895 1549 1353 1647 probaretur,
1396 1551 1885 1645 (quamquam
1918 1550 2048 1645 qui
2086 1562 2371 1646 poterat

234 1661 423 1731 salus
467 1683 592 1730 sua
649 1662 910 1756 cuique
954 1685 1107 1731 non
1162 1655 1541 1756 probari?)
1588 1659 1713 1728 sed
1756 1672 1999 1730 tamen
2034 1663 2093 1730 si
2130 1661 2371 1731 minus

232 1767 601 1839 fortissimi
638 1770 768 1837 viri
806 1769 1034 1839 virtus
1080 1766 1356 1844 civibus
1411 1780 1608 1864 grata
1650 1767 2060 1856 cecidisset,
2102 1793 2369 1866 magno

235 1880 479 1949 animo
514 1879 1022 1973 constantique
1072 1876 1363 1948 cederet
1401 1901 1491 1947 ex
1525 1877 1804 1971 ingrata
1843 1879 2150 1963 civitate.
2188 1883 2373 1955 Nam

236 1988 415 2085 quid
454 2001 640 2058 esset
664 1990 1048 2084 ingratiuS,
1084 2012 1303 2084 quam
1342 1985 1566 2057 laetari
1590 1999 1866 2058 ceteros
1888 2040 1908 2073 ‚
1936 1988 2180 2085 lugere
2206 2014 2377 2060 eum

234 2099 474 2169 solum
496 2152 515 2186 ‚
570 2112 868 2195 propter
911 2110 1131 2194 qu'em
1167 2098 1389 2169 ceteri
1423 2096 1883 2167 laetarentur?
1918 2100 2375 2196 Quamquam

234 2209 382 2281 hoc
433 2211 726 2293 animo‘*
777 2232 1065 2306 semper
1111 2206 1380 2278 fuimus
1426 2231 1678 2278 omnes
1726 2210 1804 2276 in
1849 2208 2094 2303 patriae
2133 2208 2377 2305 prodi·

236 2317 523 2391 toribus
551 2318 1086 2417 opprimendi8‚
1119 2333 1236 2405 ut,
1271 2318 1619 2416 quoniam
1650 2331 1894 2387 nostra
1922 2315 2165 2389 futura
2192 2334 2380 2393 esset

233 2431 506 2526 gloria,
544 2430 952 2527 periculum
981 2454 1312 2528 quoque,
1352 2443 1425 2500 et
1455 2427 1795 2499 invidiam
1826 2444 2142 2500 nostram
2172 2445 2380 2527 puta-

235 2543 717 2611 remus.¹Nam
755 2565 915 2637 quae
952 2540 1130 2610 mihi
1157 2540 1295 2637 ipsi
1327 2537 1709 2610 tribuenda
1736 2539 1887 2610 laus
1916 2555 2121 2628 esset,
2144 2565 2376 2637 quum

238 2664 522 2720 tantum
567 2651 643 2718 in
680 2650 1059 2721 consulatu
1094 2675 1259 2721 meo
1305 2675 1440 2748 pro
1480 2649 1687 2721 vobis
1720 2675 1801 2720 ac
1840 2648 2084 2720 liberis
2125 2654 2376 2723 vestris

236 2779 459 2829 ausus
486 2780 709 2829 essem
730 2812 750 2846 ,
786 2760 845 2828 si
876 2759 948 2829 id
968 2809 996 2844 ,
1020 2758 1222 2855 quod
1258 2758 1598 2846 conabar,
1633 2762 1790 2831 sine
1818 2761 2144 2831 maximis
2174 2761 2378 2831 dimi·

238 2865 644 2939 cationibus
702 2871 879 2937 meis
939 2894 1056 2940 me
1111 2894 1264 2943 esse
1319 2895 1666 2941 ausurum
1726 2869 2156 2941 arbitrarer?
2214 2896 2376 2968 quae

239 2967 548 3049 mulier⁵
594 2977 1020 3048 sceleratum
1080 3004 1162 3050 ac
1217 2981 1703 3077 perniciosum
1760 2981 1988 3051 civem
2043 2981 2372 3068 occidere

317 3173 339 3204 1
356 3173 401 3205 1.
432 3156 577 3219 Quod
588 3155 637 3204 ei
661 3167 788 3203 certe
808 3173 907 3204 non
930 3155 1263 3224 cotfitendum
1354 3172 1463 3204 nam
1490 3154 1714 3203 beneficii
1744 3156 1795 3203 in
1825 3141 2172 3220 rempublicam
2202 3168 2379 3204 coutu-

239 3236 405 3283 modo.
432 3237 676 3296 Heuman,
707 3236 935 3296 conjicit,
964 3234 1102 3298 quod
1124 3235 1171 3281 ei
1190 3251 1264 3282 es·
1351 3235 1488 3292 lerit,
1519 3236 1561 3282 si
1588 3234 1815 3285 Clodium
1841 3235 1908 3282 ob
1941 3234 2066 3282 hanc
2092 3251 2239 3282 unam
2277 3252 2376 3283 rem

240 3326 323 3362 set.
354 3313 548 3364 Lallem.
576 3325 689 3379 post
714 3315 858 3362 modo
873 3348 889 3374 ‚
916 3311 1262 3377 additsuisset.
1351 3314 1613 3375 occiderit,
1649 3323 1704 3360 ut
1722 3330 1773 3362 se
1791 3315 1953 3378 ipsum
1972 3324 2201 3361 tueretur.

241 3394 293 3441 J.
311 3395 377 3443 V.
400 3394 458 3441 L.
1255 3438 1262 3450 ,
1427 3394 1473 3442 3.
1503 3396 1620 3441 Fere
1644 3410 1811 3441 omnes
1837 3393 2046 3453 habent,
2072 3394 2228 3443 vestri
2248 3394 2377 3443 ordi-

311 3472 483 3519 XXX.
513 3485 556 3519 1.
585 3471 639 3518 Si
653 3470 709 3518 id
721 3486 820 3518 non
848 3481 1015 3535 negat.
1043 3469 1093 3515 Si
1114 3467 1266 3532 profl-
1354 3472 1443 3522 nis.
1468 3475 1518 3522 J.
1538 3475 1602 3520 V.
1631 3475 1684 3521 L.
2216 3524 2231 3537 ‚

242 3560 376 3597 tetur
401 3549 633 3598 Clodium
657 3565 685 3596 a
708 3567 758 3598 se
777 3551 922 3598 fuisse
948 3565 1260 3613 oppressum,
1428 3562 1478 3610 4.
1517 3556 1824 3619 Quamquam
1852 3553 1944 3602 hoc
1973 3554 2157 3604 animo,
2194 3558 2379 3618 Quam.

240 3645 397 3692 quum
437 3630 536 3676 vim
575 3630 625 3677 vi
666 3629 947 3693 repelleret,
982 3629 1204 3692 nihilque
1238 3645 1266 3676 a
1355 3649 1501 3697 qnam
1540 3635 1699 3698 parati
1736 3635 1938 3682 omnino
1973 3636 2121 3683 simus
2156 3635 2220 3682 ad
2257 3636 2381 3684 tole·

242 3707 387 3754 vobis
417 3709 568 3771 petit,
601 3708 696 3757 uisi
722 3718 778 3756 ut
803 3708 993 3755 veniam
1020 3708 1267 3771 irrogeti⁸3
1355 3712 1556 3759 nudam
1572 3713 1774 3777 ingrata
1786 3714 1996 3762 civitatis
2013 3695 2377 3777 negligendam,

241 3802 306 3833 an
360 3786 607 3834 dubitaret
658 3787 818 3852 palam
874 3786 1172 3852 proclamare
1218 3804 1269 3834 se
1354 3800 1412 3836 ut
1439 3791 1525 3852 qui
1552 3789 1736 3838 bonum
1760 3788 2108 3848 consectamur,
2128 3807 2230 3839 nou
2256 3809 2383 3840 mer-

241 3876 432 3930 pestem
476 3868 643 3931 patriae
688 3867 1015 3925 interfecisse,
1066 3881 1167 3928 quo
1211 3880 1270 3912 ex
1359 3866 1475 3915 cede
1510 3867 1742 3927 adducti,
1782 3871 1868 3918 sed
1914 3882 1972 3918 ut
2010 3883 2172 3935 pestes
2211 3873 2382 3935 patria:

241 3947 376 3992 facto
402 3944 599 3993 laudem
625 3960 682 3992 ac
718 3947 893 3994 samam
931 3960 1193 4009 perennem
1219 3959 1270 3991 se
1358 3947 1504 4010 longe
1524 3964 1549 3993 a
1570 3947 1760 3994 civibus
1782 3950 1962 3997 nostris
1983 3950 2284 4014 repellamus.

242 4035 664 4087 consequuturum
687 4026 930 4089 potuisset
954 4039 1164 4089 sperare.
1434 4025 1486 4074 5.
1517 4028 1641 4088 Quoe
1659 4027 1849 4079 mulier.
1875 4031 1992 4076 Vox
2015 4029 2101 4077 illa
2122 4046 2224 4078 nou
2248 4031 2385 4077 femi-

315 4119 370 4151 2.
420 4107 572 4150 Putat
609 4121 708 4152 esse
742 4104 906 4152 vobis.
946 4102 1097 4164 Quod
1135 4102 1273 4151 nullo
1361 4120 1473 4152 nam
1502 4106 1864 4162 tautummodo,
1889 4105 1976 4153 sed
2005 4108 2161 4155 virum
2188 4108 2383 4157 mollem

241 4183 400 4231 modo
420 4199 564 4231 sanus
585 4185 659 4231 vir
673 4184 987 4249 cogitaverim
1006 4200 1116 4231 nam
1137 4183 1278 4247 quid·
1365 4195 1415 4233 et
1437 4184 1764 4233 effeminatum
1789 4184 1994 4234 indicat.

402 4273 486 4341 V.
542 4287 633 4333 Cio.
651 4303 764 4348 pars
787 4284 998 4333 secunda.
2060 4270 2149 4357 34
