2994 4778
639 407 741 477 80·

1260 402 1357 470 M.
1408 396 1486 468 T.
1539 397 2118 469 CICERONIS

732 531 837 595 Ac
872 525 932 595 si
965 537 1140 594 tunc
1172 526 1244 591 P.
1286 520 1607 605 SextiuS,
1641 516 1955 611 judices,
2001 518 2078 585 in
2118 516 2391 614 templo
2445 519 2763 587 Castoris

641 636 990 719 animam,
1040 655 1257 728 quam
1309 629 1428 697 vix
1476 628 1813 713 retinuit,
1855 622 2222 712 edidisset,
2273 650 2426 696 non
2464 624 2765 709 dubito,

646 747 862 842 quin,
895 744 956 812 si
990 739 1206 811 modo
1244 752 1428 810 esset
1460 741 1541 806 in
1575 734 1943 832 republica
1978 750 2303 839 senatuS,
2333 738 2391 806 si
2430 737 2768 828 majestas

647 852 896 952 populi
941 851 1221 921 romani
1265 847 1668 932 revixisset,
1714 843 2099 941 aliquando
2148 857 2380 916 statua
2414 845 2621 931 huic,
2657 843 2764 914 ob

646 960 1167 1060 rempublicam
1193 953 1608 1042 interfecte,
1636 956 1713 1024 in
1745 951 1905 1023 foro
1928 968 2380 1024 statueretur.
2414 958 2561 1025 Nec
2583 976 2767 1023 vero

647 1073 935 1143 illorum
974 1067 1356 1164 quisquam
1379 1119 1397 1152 ,
1447 1089 1632 1161 quos
1675 1088 1715 1133 a
1753 1061 2144 1156 majoribus
2191 1064 2488 1149 nostris,
2527 1076 2765 1132 morte

647 1179 882 1266 obita,
923 1176 1192 1272 positos
1224 1176 1299 1243 in
1328 1172 1451 1246 illo
1481 1173 1642 1243 loco
1662 1222 1682 1258 ,
1716 1186 1934 1267 atque
1963 1172 2039 1241 in
2073 1175 2344 1243 Rostris
2379 1171 2767 1243 collocatos

648 1288 948 1372 videtiS,
1003 1298 1189 1356 esset
1248 1288 1320 1354 P.
1367 1283 1608 1352 Sextio
1667 1294 1792 1351 aut
1852 1279 2232 1351 acerbitate
2293 1284 2582 1365 mortis,
2636 1294 2771 1350 aut

651 1400 888 1468 animo
916 1396 992 1463 in
1021 1391 1540 1489 rempublicam
1576 1387 2145 1488 praeponendus:
2183 1391 2310 1486 qui
2340 1415 2566 1487 quum
2600 1413 2770 1460 cau-

650 1528 801 1577 sam
843 1503 1016 1574 civis
1051 1501 1485 1587 calamitosi,
1522 1522 1804 1570 causam
1848 1499 2095 1584 amici,
2132 1521 2413 1568 causam
2452 1498 2637 1569 bene
2670 1496 2770 1568 de

649 1612 1019 1712 republica
1079 1613 1354 1697 meriti,
1420 1633 1705 1680 causam
1768 1622 2092 1694 senatus,
2158 1631 2440 1679 causam
2501 1607 2719 1677 Italiae
2747 1661 2770 1693 ,

650 1746 935 1795 causam
998 1718 1409 1816 reipublicae
1470 1720 1940 1814 suscepisset;
2000 1739 2376 1812 quumque
2432 1717 2776 1813 auspiciis

647 1832 1124 1928 religionique
1184 1851 1441 1925 parcns
1506 1826 2091 1910 obnuntiaret¹¹,
2149 1825 2350 1921 quod
2403 1839 2776 1908 senseratr,

650 1944 851 2028 luce,
910 1939 1183 2037 palam,
1228 1963 1267 2007 a
1325 1934 1611 2007 nefariis
1660 1934 1982 2030 pestibus
2034 1937 2111 2003 in
2165 1933 2470 2005 deorum
2527 1933 2776 2004 homi-

651 2073 975 2144 numque
1010 2059 1399 2142 conspectu
1434 2057 1618 2114 esset
1648 2043 1960 2128 occisus,
1993 2045 2434 2113 sanctissimo
2469 2047 2545 2112 in
2581 2058 2780 2114 tem-

650 2158 815 2256 plo,
855 2155 1292 2227 sanctissima
1328 2156 1404 2223 in
1443 2177 1690 2238 causa,
1735 2152 2177 2222 sanctissimo
2214 2153 2289 2221 in
2327 2154 2772 2248 magistratu.

651 2267 823 2360 Ejus
873 2265 1089 2360 igitur
1140 2265 1359 2332 vitam
1411 2263 1795 2357 quisquam
1847 2260 2286 2357 spoliandam
2327 2265 2777 2334 ornamentis

655 2401 807 2448 esse
874 2372 1105 2460 dicet,
1177 2371 1381 2466 cujus
1457 2387 1763 2443 mortem
1833 2368 2227 2441 ornandam
2290 2386 2777 2446 monumento

652 2485 1090 2582 sempiterno
1130 2483 1522 2578 putaretis?

746 2613 1062 2681 XXXIX.
1090 2591 1426 2677 Homines
1450 2659 1468 2689 ,
1488 2607 1749 2701 inquit,
1773 2608 2003 2676 emisti
2030 2616 2079 2691 ¹,
2117 2607 2436 2702 coegisti,
2472 2611 2769 2703 parasti.

655 2719 848 2813 Quid
895 2720 1002 2788 uti
1060 2714 1422 2786 faceret2?
1473 2726 1807 2785 senatum
1845 2712 2301 2786 obsideret3?
2353 2718 2539 2787 cives
2564 2718 2777 2789 inde-

652 2931 934 2981 Numerium
951 2927 1172 2978 occidere
1186 2961 1201 2987 ,
1220 2928 1333 2991 quia
1354 2926 1577 2975 tribunus
1594 2925 1664 2990 pl.

651 3022 779 3070 παις
803 3009 888 3057 ned
916 3018 1102 3071 gratum
1128 3007 1313 3055 civitati
1346 3006 1527 3064 scelus,
1552 3005 1665 3069 quia

655 3089 775 3137 civia
793 3086 1060 3152 improbus.

726 3184 810 3216 11.
864 3162 1215 3229 Pantagathus,
1269 3184 1294 3204 α
1330 3162 1628 3212 renuntiaret
1651 3196 1665 3220 ,

648 3245 784 3308 quod
803 3253 1015 3292 servarat
1028 3265 1071 3292 n.
1096 3241 1194 3304 Qui
1222 3258 1387 3290 sensus
1412 3241 1542 3289 idem
1562 3253 1634 3288 est
1648 3273 1665 3301 ,

649 3321 968 3383 facillimeque
985 3335 1048 3366 ex
1071 3316 1263 3380 vulgata
1280 3318 1452 3365 elucet.

719 3399 961 3444 XXXIX.
1004 3410 1046 3441 1.
1079 3393 1333 3442 Homines.
1356 3428 1370 3441 .
1391 3428 1406 3441 .
1427 3428 1440 3440 .
1494 3392 1667 3442 emisti.

650 3478 763 3524 Hoc
790 3474 917 3522 enim
946 3474 1140 3520 nomine
1172 3487 1283 3517 reus
1312 3481 1412 3518 erat
1444 3471 1665 3529 Sextius,

651 3553 786 3618 quod
801 3554 853 3599 in
872 3550 1116 3599 tribunatu
1134 3563 1354 3611 magnam
1373 3559 1667 3596 armatorum

649 3647 843 3680 manum
861 3632 988 3676 circa
1007 3645 1058 3675 se
1074 3627 1311 3675 habuerit.

720 3727 769 3758 2.
812 3707 944 3768 Quid
975 3707 1047 3753 uei
1068 3703 1302 3768 faceret?
1344 3706 1458 3755 Non
1501 3717 1667 3771 potest

647 3788 819 3837 Cicero
836 3821 851 3846 ,
877 3784 1013 3848 quod
1038 3785 1284 3845 objicitur,
1317 3783 1516 3834 infitiari
1540 3800 1553 3835 ε
1581 3787 1670 3834 sed

647 3876 873 3927 excusat,
919 3875 1065 3927 atque
1116 3863 1295 3922 elevat,
1335 3881 1487 3928 quum
1536 3864 1668 3914 dicat

645 3944 864 3994 Sextium
899 3943 1166 3990 necessario
1196 3942 1394 4002 fecisse,
1430 3956 1486 3993 ut
1514 3945 1662 3993 vitam

1752 2925 2060 2978 multitudine
2086 2942 2200 2975 usus
2224 2939 2298 2976 est
2323 2928 2519 2977 Sextius
2539 2928 2592 2976 in
2615 2928 2781 2977 tribu·

1754 3015 1900 3052 natu:
1929 3021 2025 3069 qua
2059 3005 2118 3052 de
2148 3022 2289 3053 causa
2322 3023 2435 3054 usus
2461 3008 2568 3055 est?
2596 3023 2684 3066 an,
2716 3019 2783 3056 ut

1753 3094 1971 3131 senatum
1997 3083 2276 3132 obsideret?
2312 3085 2441 3132 cives
2465 3086 2781 3134 indemnatos

1753 3162 2015 3226 expelleret
2028 3164 2051 3210 ἓ
2073 3173 2154 3211 aut
2175 3162 2360 3226 aliquid
2377 3179 2545 3212 eorum
2565 3164 2780 3224 faceret,

1752 3257 1862 3304 quae
1887 3242 2085 3291 Clodius
2117 3243 2389 3291 commisit?
2420 3244 2543 3290 nihil
2571 3244 2782 3294 omnino

1752 3320 1868 3366 fecit
1889 3320 2125 3380 eiusmodi
2148 3336 2162 3367 ε
2193 3337 2293 3369 nou
2321 3323 2467 3386 igitur
2492 3323 2621 3370 malo
2647 3339 2784 3371 con-

1754 3397 1861 3444 eilio
1880 3431 1894 3455 ,
1920 3398 2007 3445 aed
2035 3401 2305 3448 necessario
2335 3401 2610 3465 praesidinm
2634 3417 2783 3449 com-

1754 3476 1957 3539 paravit.
1970 3479 2232 3527 Enumeret
2249 3491 2408 3528 autem
2422 3479 2595 3528 cicero
2609 3478 2785 3530 Clodii

1752 3553 1997 3614 faciunt-⁸3
2019 3557 2131 3619 quia
2154 3556 2516 3619 quodammodo
2536 3558 2607 3605 rei
2629 3574 2781 3606 censa

1752 3631 2055 3691 sublevatur,
2089 3625 2239 3697 qu'um
2277 3635 2654 3683 adversariorum
2686 3635 2784 3685 de-

1753 3710 1999 3775 primitur.

1825 3791 1873 3838 3.
1901 3792 2130 3837 Senatum
2155 3790 2427 3838 obsideret?
2456 3793 2719 3840 Obsessum
2746 3812 2776 3842 a

1752 3866 1930 3917 Clodio
1952 3880 2168 3917 senatum
2191 3868 2429 3934 significat
2448 3872 2500 3918 in
2518 3871 2774 3932 consulatu

1750 3945 1938 3993 Pisonis
1959 3959 2009 3994 et
2027 3948 2250 4008 Gabinii5
2271 3950 2410 4012 quia,
2435 3961 2489 3997 ut
2509 3949 2642 4014 apud
2661 3950 2775 3998 Plu·

597 4067 606 4074 .
638 4038 775 4071 suam
804 4019 1032 4086 praeaidio
1063 4020 1306 4070 muniret:
1339 4023 1473 4085 quod
1500 4033 1556 4071 ut
1588 4023 1658 4072 ita
1743 4023 1963 4072 tan-chum
2004 4028 2057 4074 in
2102 4028 2349 4076 Ciceronis
2402 4030 2497 4075 vita
2537 4029 2770 4092 legimus,

631 4117 736 4150 cue
762 4097 1000 4158 credatur,
1026 4115 1051 4147 a
1082 4099 1432 4163 posterioribus
1457 4101 1617 4164 arguit
1639 4115 1654 4149 :

1747 4102 1949 4152 Clodius
1985 4121 2095 4153 cum
2130 4107 2324 4156 armatis
2356 4107 2645 4157 satellitibus
2681 4122 2772 4156 cu·
