2994 4778
621 426 1004 493 ORATIO
1054 427 1245 493 PRO
1294 429 1371 494 T.
1422 430 1501 494 A.
1555 428 1988 498 MILONE.
2229 425 2355 498 501

235 548 672 616 sententiam
703 561 992 617 senatus
1024 540 1258 617 omnis
1291 548 1382 618 de
1421 549 1649 620 salute
1689 575 1846 619 mea
1887 552 2365 645 gravissimam

234 676 310 729 et
347 661 877 728 ornatissimam
917 673 1204 729 secutus
1249 675 1388 746 est;
1430 650 1556 756 qui
1595 660 1950 759 populum
1989 685 2369 730 romanum

237 770 660 839 cohortatus
713 783 855 854 est3
897 770 1061 864 qui,
1107 793 1336 863 quum
1385 768 1476 840 de
1522 795 1639 839 me
1688 770 2058 839 decretum
2106 774 2368 865 Capuae

236 878 442 961 fecit,
493 881 645 975 ipse
693 893 968 947 cunctae
1018 878 1229 946 Italiae
1278 881 1598 975 cupienti
1654 894 1725 948 et
1766 880 1922 972 ejus
1966 877 2183 947 fidem
2234 879 2369 945 im-

238 990 550 1085 ploranti
593 990 877 1083 signum
926 984 1191 1073 dedit⁶,
1236 1002 1318 1057 ut
1355 988 1442 1058 ad
1490 1013 1606 1058 me
1641 987 2168 1091 restituendum
2224 991 2369 1056 Ro-

235 1123 428 1167 mam
468 1111 1006 1168 concurrerent.
1049 1099 1313 1166 Omnia
1334 1113 1487 1167 tum
1518 1097 1832 1193 denique
1863 1098 1934 1165 in
1976 1095 2179 1165 illum
2211 1095 2372 1165 odia

233 1210 503 1278 civium
533 1206 883 1277 ardebant
909 1205 1266 1277 desiderio
1295 1209 1436 1276 mei
1466 1235 1481 1277 ι
1517 1231 1733 1303 quern
1767 1209 1894 1302 qui
1922 1207 2372 1275 tum7‘inter-

234 1321 560 1404 emisset,
596 1343 748 1388 non
779 1318 869 1387 de
898 1318 1327 1413 impunitate
1363 1319 1556 1415 ejuS,
1601 1318 1726 1388 sed
1767 1318 1858 1388 de
1902 1317 2209 1413 praemiis
2256 1322 2372 1384 co·
2438 1372 2448 1376 -

233 1432 606 1525 gitaretur.
660 1434 930 1498 Tamen
976 1453 1050 1498 se
1092 1428 1266 1498 Milo
1319 1420 1754 1514 continuitss,
1790 1441 1859 1496 et
1907 1429 1979 1494 P.
2034 1422 2370 1496 Clodium

234 1540 323 1609 ad
363 1539 722 1633 judicium
771 1536 915 1623 bis,
973 1537 1063 1607 ad
1114 1539 1258 1606 vim
1320 1562 1723 1634 numquam
1777 1538 2077 1607 vocavit.
2134 1532 2374 1624 Quid?

235 1650 518 1745 privato
542 1648 812 1717 Milone
828 1660 882 1731 9,
921 1663 990 1717 et
1018 1672 1145 1719 reo
1173 1647 1259 1717 ad
1284 1647 1637 1744 populum
1659 1703 1677 1733 ,
1706 1659 2085 1718 accusante
2110 1650 2184 1715 P.
2214 1645 2374 1714 Clo-

231 1757 398 1837 dio,
447 1782 674 1852 quum
727 1760 798 1824 in
853 1762 983 1827 Cn.
1027 1760 1450 1853 Pompeium
1501 1781 1634 1853 pro
1693 1757 1968 1827 Milone
2008 1755 2376 1825 dicentem*

231 1868 548 1963 impetus
581 1865 809 1935 factus
846 1880 989 1947 est;
1033 1891 1193 1962 quae
1233 1880 1385 1937 tum
1440 1892 1589 1936 non
1637 1866 1857 1937 modo
1894 1863 2371 1952 occasiossed

232 1977 453 2046 etiam
485 1999 695 2044 causa
734 1974 919 2045 illius
946 1976 1408 2073 opprimendi
1436 1974 1623 2046 fuit?
1660 1980 1909 2072 Nuper
1940 2001 2110 2047 vero
2138 1998 2369 2072 quum

228 2089 329 2153 M.
379 2085 815 2155 Antonius¹⁰
852 2108 1203 2154 summam
1230 2105 1449 2182 spem·
1489 2087 1735 2156 salutis
1779 2085 1991 2155 bonis
2032 2084 2370 2155 omnibus

231 2194 627 2279 attulisset,
671 2194 1300 2289 gravissimamque
1338 2194 1753 2265 adolescens
1778 2204 1836 2237 ¹¹
1869 2190 2371 2263 ⁴nobilissimus

228 2302 649 2401 reipublicae
687 2319 963 2401 partem
1002 2302 1382 2377 fortissime
1421 2305 1888 2402 suscepisset,
1918 2317 2137 2400 atque
2178 2303 2366 2375 illam

228 2414 591 2498 belluam,
630 2414 879 2508 judicii
931 2414 1224 2510 laqueos
1266 2415 1777 2497 declinantem,
1821 2416 1965 2508 jam
2022 2416 2368 2484 irretitam

231 2523 554 2611 teneret;
601 2527 728 2620 qui
772 2525 1010 2614 locuS,
1056 2524 1252 2622 quod
1288 2540 1576 2623 tempus
1609 2524 1893 2608 illudu,
1930 2525 2027 2594 dii
2072 2516 2367 2593 immor*-

230 2661 524 2707 ciceronem
570 2657 696 2704 votis
738 2658 957 2705 omnium
1003 2660 1255 2716 revocari,
1414 2676 1467 2722 9.
1518 2658 1715 2707 Privato
1763 2658 1958 2705 Milone.
2003 2658 2167 2718 Quum
2215 2656 2370 2718 magi·

130 2755 139 2760 ·
230 2739 391 2800 legem
410 2736 472 2784 de
492 2736 771 2784 reducendo
792 2753 853 2784 eo
878 2738 931 2782 in
953 2738 1154 2799 patriam
1185 2746 1259 2783 tu·
1342 2749 1496 2785 stratu
1530 2737 1811 2785 exceisisset
1845 2735 2000 2795 Milo,
2042 2751 2070 2780 a
2102 2734 2286 2782 Clodio
2316 2735 2368 2781 in

229 2818 316 2873 lit,
340 2815 603 2879 multisque
620 2833 729 2863 enm
751 2816 978 2864 laudibus
1005 2816 1212 2862 ornavit.
1337 2817 1575 2877 judicium
1599 2828 1673 2864 ost
1699 2825 1916 2864 vocatus.
1935 2814 2103 2863 Causae
2124 2812 2255 2860 illius
2279 2828 2370 2876 pa-

306 2897 360 2942 6.
382 2893 581 2958 Signum
601 2895 751 2943 dedit.
778 2896 943 2957 Quum
962 2895 1142 2958 capuae
1165 2894 1252 2941 de-

233 2986 428 3020 cretum
457 2975 649 3030 suisset,
687 2975 757 3021 uti
784 2975 959 3022 Cicero
987 2975 1049 3020 ab
1081 2974 1253 3020 exsilio

232 3066 568 3111 revocaretur,
589 3055 733 3117 legati
759 3070 821 3101 ex
854 3053 1079 3101 omnibus
1103 3054 1255 3101 Italiae

228 3133 461 3196 partibus
493 3134 778 3196 Pompeium
812 3133 1256 3196 adiemnt,quibus

228 3212 317 3259 ille
338 3212 590 3275 imperavit
609 3215 812 3260 Romam
835 3223 1025 3276 petere,
1049 3223 1098 3259 et
1124 3230 1151 3260 ει
1177 3228 1255 3259 se-

230 3304 357 3341 natu
384 3308 485 3338 rem
510 3292 769 3355 postulare.

307 3390 359 3432 7.
404 3371 505 3436 Qui
543 3382 657 3419 eum.
692 3373 824 3419 vett.
866 3371 981 3419 edd.
1021 3372 1165 3418 Rom.
1210 3380 1260 3418 et

227 3452 445 3502 Mediol.
475 3450 520 3498 si
544 3462 658 3498 tum.
699 3450 842 3499 Unde
861 3452 1052 3497 Ernest.
1074 3449 1230 3498 edidit
1247 3484 1262 3508 ,

230 3532 313 3579 «si
346 3530 433 3595 qni
459 3541 560 3577 tum
585 3531 902 3577 interemisset
920 3551 962 3576 ιι.
988 3530 1021 3575 J
1027 3531 1111 3574 Ν.
1134 3530 1188 3577 L.

307 3610 361 3660 8.
402 3613 466 3656 Se
505 3609 628 3658 Milo
672 3608 926 3656 continuit.
982 3609 1261 3671 Numquam

230 3690 364 3739 Milo
400 3705 500 3737 rem
545 3689 689 3736 armis
725 3688 949 3734 dirimere
973 3697 1045 3734 eat
1073 3702 1263 3750 aggres-

229 3788 317 3818 ans
335 3807 350 3828 ,
397 3783 693 3834 quamquam
742 3782 963 3830 magnam
1009 3768 1262 3814 materiam

230 3849 469 3898 saeviendi
527 3848 576 3894 in
633 3846 860 3896 Clodium
926 3846 1142 3893 haberet.
1201 3847 1263 3892 Et

230 3928 458 3992 quamvis
496 3928 596 3973 vim
624 3926 674 3971 vi
710 3925 966 3988 repulerit,
1003 3939 1264 3986 numquam

231 4007 467 4057 Clodium
495 4006 559 4053 ad
587 4020 799 4069 pugnam
828 4005 1049 4063 vocavit,
1084 4003 1171 4050 aed
1194 4003 1267 4050 la·

232 4088 473 4148 censitus,
498 4080 655 4134 vitam
679 4099 814 4131 suam
833 4100 889 4131 ac
920 4083 1122 4131 salutem
1149 4099 1266 4129 mo-

234 4184 344 4216 rum
366 4167 517 4216 armis
539 4173 728 4213 tutatus
750 4174 839 4211 est.

1345 2896 1605 2943 trooinium
1633 2894 1894 2959 Pompeius
1912 2893 2152 2956 auset-piu
2172 2889 2258 2938 aed
2279 2893 2366 2938 vix

1342 2974 1475 3038 loqui
1496 2975 1808 3037 incipientem
1829 2972 2055 3022 Clodiani
2074 2969 2369 3018 clamoribus

1346 3052 1616 3101 disturbare
1635 3053 1845 3116 aggressi
1865 3063 1993 3098 sunt.
2013 3051 2254 3098 Restitere
2277 3048 2370 3095 Mi-

1343 3132 1474 3179 lonis
1507 3132 1741 3187 fautorem
1770 3145 2033 3193 pugnaque
2063 3127 2201 3175 brevi
2228 3142 2365 3172 com-

1344 3209 1485 3258 afim
1506 3246 1520 3268 ,
1546 3225 1656 3257 cum
1694 3209 1793 3257 suis
1813 3211 2006 3271 fugatus
2035 3220 2106 3254 est
2137 3206 2371 3264 Clodius,

1344 3301 1393 3339 et
1437 3308 1464 3337 e
1514 3290 1705 3338 Rostris
1750 3289 1803 3336 in
1844 3303 1955 3352 quae
1995 3286 2375 3344 conscenderat,

1347 3370 1598 3418 demissus.
1921 3373 1928 3376 ”
2043 3365 2046 3368 ⁴

1426 3465 1502 3498 ιο.
1531 3452 1605 3497 Μ.
1633 3446 1891 3497 Antonius.
1917 3449 1964 3494 1⁸
1986 3457 2059 3494 eat
2087 3447 2172 3510 qni
2203 3439 2370 3510 pcistea

1348 3530 1703 3577 triumvir-atum
1730 3545 1840 3576 cum
1878 3528 2086 3574 Octavio
2117 3537 2166 3574 et
2185 3524 2396 3589 Lepido·

1353 3612 1532 3658 tenuit.
1579 3601 1719 3659 Tune
1759 3609 1993 3673 temporis
2039 3605 2141 3655 erat
2189 3607 2374 3653 amicus

1352 3691 1611 3749 Ciceroni,
1635 3691 1721 3755 qui
1748 3691 1793 3738 ei
1819 3691 1871 3737 in
1897 3687 2104 3753 petenda
2140 3685 2373 3733 aedilitate

1355 3768 1561 3815 [avebat.

1432 3862 1454 3895 1
1470 3863 1511 3894 r.
1540 3846 1832 3893 Adolescens
1859 3843 2191 3893 nobilissimus.
2228 3839 2375 3888 Rese-

1357 3924 1492 3972 rebat
1529 3926 1656 3972 enim
1702 3925 1941 3987 originem
1977 3939 2108 3970 suam
2148 3919 2212 3966 ad
2247 3922 2377 3967 Her·

1357 4002 1681 4143 0⁰¹5:·Qnod
1693 4092 1876 4145 tempus
1894 4081 2030 4128 illud.
2044 4081 2202 4140 Quam
2214 4085 2381 4138 aptum

1356 4161 1534 4211 Clodio
1559 4157 1896 4212 interficiendo
1918 4160 1929 4204 !
1952 4204 1964 4212 ,
2063 4221 2066 4226 Ι
2110 4204 2120 4210 ,
