2994 4778
710 444 1091 512 ORATIO
1143 416 1341 513 PR'o
1393 448 1486 514 M.
1539 448 1929 515 coemo.
2227 471 2355 517 ποι

252 564 435 635 batis
474 559 608 632 illis
634 616 654 651 ,
703 587 855 633 non
903 566 1035 636 hac
1079 564 1463 652 barbula&
1510 564 1698 661 qua5
1756 568 1887 636 ista
1929 565 2360 657 delectatur-3

260 671 380 744 sed
421 671 533 742 illa
569 672 864 743 horrida
892 727 911 761 ,
966 698 1178 771 quam
1226 676 1300 743 in
1351 678 1602 745 statuis
1647 677 1958 771 antiquis
1999 692 2072 747 et
2113 680 2362 776 imagi-

262 780 463 852 nibus
508 780 881 872 videmus3
931 785 1056 881 qui
1103 783 1436 880 objurget
1482 783 1890 869 mulierem,
1945 799 2017 856 et
2062 810 2192 882 pro
2248 813 2362 860 me

261 891 613 987 loquatur,
641 916 730 961 ne
765 893 900 964 ista
931 892 1101 962 mihi
1137 893 1319 964 forte
1351 909 1785 965 succenseat.
1824 897 2128 963 Exsistat
2154 897 2365 992 igitur

253 1026 337 1071 cx
359 1000 502 1079 hac
529 1001 680 1096 ipsa
708 998 970 1073 familia
996 1001 1288 1098 aliquis;
1318 1027 1398 1072 ac
1425 1003 1874 1099 potissimum
1905 998 2182 1072 Caecus⁶
2211 1002 2363 1072 ille:

253 1109 629 1177 minimum
667 1109 855 1179 enim
888 1110 1211 1180 dolorem
1257 1112 1524 1207 capiet,
1570 1113 1695 1207 qui
1741 1114 1945 1181 istam
1992 1137 2142 1181 non
2180 1110 2368 1182 vide-

249 1216 376 1286 bit.
415 1217 564 1305 Qui
603 1215 925 1313 profecto
949 1224 1045 1302 ‚si
1065 1220 1408 1290 exstiterit
1431 1275 1450 1305 ,
1491 1222 1590 1292 sic
1624 1235 1822 1316 aget,
1865 1234 1936 1290 et
1972 1222 2072 1291 sic
2116 1221 2366 1317 loque·

251 1340 413 1396 tur:
451 1356 485 1389 α
513 1327 798 1413 Mulier,
847 1327 1022 1423 quid
1066 1329 1196 1400 tibi
1233 1354 1395 1399 cum
1444 1330 1770 1400 Coeli07?
1821 1330 1995 1427 quid
2035 1355 2197 1400 cum
2242 1329 2402 1400 ho-·

247 1438 443 1505 mine
466 1431 498 1477 ⁸
543 1433 1132 1507 adolescentulo?
1171 1438 1346 1535 quid
1391 1463 1558 1509 curn
1595 1439 1875 1509 alieno?
1905 1463 2037 1509 cur
2070 1453 2192 1509 aut
2225 1453 2370 1508 tam

247 1545 618 1616 familiaris
641 1545 811 1616 huic
834 1544 1100 1634 fuistis»,
1129 1563 1209 1617 ut
1236 1573 1493 1618 aurum
1522 1547 2043 1633 commodares),
2074 1562 2198 1618 aut
2228 1562 2370 1618 tarn

248 1657 580 1742 inimica,
636 1671 717 1726 ut
765 1681 1122 1727 venenum
1174 1661 1502 1728 timeres?
1547 1662 1709 1729 Non
1756 1666 2117 1755 patrem¹⁰
2163 1672 2369 1727 tuum

250 1765 529 1835 videras
550 1819 571 1850 ‚
613 1790 761 1834 non
796 1780 1129 1861 patruum
1155 1774 1244 1853 ¹¹,
1269 1792 1421 1837 non
1450 1792 1662 1837 avum
1687 1774 1774 1854 ¹²,
1809 1791 2186 1864 proavum,
2222 1781 2367 1836 ata-

254 1974 430 2027 partem
452 1962 616 2027 plebis
633 1974 813 2011 vestem
836 1975 1042 2012 mutasse
1056 1999 1070 2022 ‚
1091 1965 1286 2039 multos·

256 2044 479 2091 mortales
515 2042 744 2105 capillum
779 2046 834 2090 et‘
856 2043 1051 2090 barbam
1088 2047 1269 2107 promi-

258 2123 427 2168 sisse-n.
466 2122 540 2168 Ex
565 2137 668 2184 quo
692 2121 814 2169 bene
842 2122 1066 2186 Lipsius:
1093 2146 1117 2165 ιι
1137 2124 1189 2170 Si
1217 2125 1269 2171 in

257 2201 381 2249 luctu
409 2200 729 2264 promiserint
751 2199 978 2259 barbam,
1012 2217 1126 2265 ergo
1153 2201 1271 2250 alias

265 2295 403 2325 rasan.
421 2283 492 2326 At
508 2293 627 2325 vero
643 2278 815 2327 Cicero
833 2289 973 2325 vocat
987 2296 1087 2327 non
1108 2281 1271 2343 paucis

270 2368 369 2419 post
387 2357 522 2405 anuis
541 2357 762 2421 Appium
784 2358 974 2406 Caecum
996 2357 1271 2422 barbatum,

273 2452 404 2498 quem
420 2446 607 2483 constat
624 2436 752 2482 eirca
771 2451 950 2482 annum
970 2443 1070 2491 440
1088 2436 1271 2485 floruis-

269 2529 339 2572 ⁸0.-
378 2515 538 2561 Postea
589 2525 751 2560 tamen
788 2529 901 2560 usus
941 2514 1178 2575 invaluit,
1217 2525 1271 2564 ut

267 2592 459 2654 singulis
475 2609 626 2658 prope
643 2591 844 2639 modum
863 2591 1034 2640 diebus
1049 2593 1274 2641 raderen-

266 2682 360 2727 tur,
379 2682 546 2734 preter
562 2671 913 2728 adolescentes,
936 2672 1020 2734 qui
1043 2671 1272 2735 aliquam-

261 2751 345 2798 din
387 2752 582 2800 barbam
634 2751 927 2799 nutriebant.
973 2752 1273 2814 Tonsoribus

260 2845 360 2877 non
385 2817 498 2879 usos
533 2834 785 2879 Romanos
817 2842 928 2878 aute
956 2847 1136 2877 annum
1173 2832 1273 2887 ’454

255 2909 438 2957 Plinius
470 2922 690 2970 testatur,
719 2912 1024 2974 primumque
1061 2909 1275 2956 omnium

254 2987 362 3034 radi
405 2989 684 3036 Africanum
723 2989 1006 3036 instituisse.
1052 2988 1152 3037 Cic.
1184 3004 1275 3052 pro

249 3065 466 3132 Murena
485 3080 498 3111 ε
523 3089 548 3106 α
567 3068 682 3114 nac
700 3068 798 3128 jam
825 3078 925 3114 tum
943 3066 1154 3114 barbatis
1179 3065 1277 3113 illis

249 3143 467 3191 ridicula
494 3144 777 3192 videbantur
794 3166 834 3191 a.

322 3231 380 3278 4.
417 3223 524 3268 Noa
550 3221 642 3270 kae
669 3221 893 3270 barbula.
922 3223 1023 3270 Etsi
1048 3222 1276 3269 raderen-

202 3301 208 3316 '
247 3314 328 3348 tur
359 3300 614 3349 Ciceronis
639 3312 806 3359 aetate,
835 3299 1179 3348 adolescentuli
1207 3309 1277 3345 ta-

245 3395 394 3438 men,
432 3380 695 3443 prasertim
730 3378 1020 3437 lasciviores,
1045 3377 1277 3441 aliquam·

245 3457 330 3505 diu
355 3460 517 3521 prima
533 3458 734 3505 barbula
755 3457 1138 3515 delectabantur3
1163 3457 1279 3503 hinc

246 3536 369 3583 illud
403 3537 474 3582 ad
504 3537 748 3593 Atticum,
770 3536 856 3585 lib.
884 3539 906 3583 1
929 3550 985 3582 :a
1006 3537 1278 3584 Concursa-

246 3613 364 3663 bant
415 3615 659 3663 barbatuli
689 3617 923 3677 juvenes,
968 3614 1089 3662 duce
1131 3611 1280 3661 filiola

242 3694 488 3741 Curionis
506 3716 547 3741 n.

321 3775 371 3818 5.
405 3774 598 3820 Anton.
631 3771 889 3836 Augustin.
920 3773 1049 3832 conj.
1076 3788 1175 3841 qua
1204 3771 1284 3819 isti

240 3851 577 3908 delectantur,
601 3852 840 3915 probante
859 3854 1052 3900 Ursino.
1075 3853 1108 3898 J
1112 3886 1125 3898 .
1145 3853 1207 3899 V.
1227 3853 1281 3897 L.

312 3934 368 3978 6.
401 3931 574 3978 Ca’cus
598 3931 695 3979 ille.
723 3932 800 3980 Sc.
827 3931 1021 3995 Appius
1053 3931 1285 3979 Claudius

235 4010 492 4066 Granum,
511 4010 587 4055 cui
610 4011 754 4057 Caeco
783 4025 1053 4073 cognomen
1083 4009 1203 4066 fuit,
1229 4018 1285 4055 ut

233 4090 534 4136 Frontinus
558 4098 780 4146 testatur,
810 4088 872 4135 de
898 4104 998 4151 quo
1025 4088 1194 4135 Cicero
1223 4087 1283 4136 de

232 4168 560 4223 Senectute,
585 4181 687 4229 cap.
728 4169 787 4226 ὃς
818 4168 992 4229 Pomp.
1018 4166 1076 4214 de
1100 4167 1284 4230 origine

1343 2594 1554 2660 quidem
1583 2613 1636 2653 ις

1349 1968 1465 2028 iun
1487 1969 1691 2031 Eutrop.
1718 1966 1804 2016 lib.
1838 1969 1913 2025 11;
1935 1968 2029 2031 Ep.
2070 1967 2177 2014 Liv.
2214 1968 2371 2021 11113

1356 2047 1554 2094 Sueten.
1583 2047 1636 2092 in
1661 2045 1771 2092 Tib.
1804 2042 1992 2094 Censor
2023 2055 2072 2093 et
2098 2043 2173 2091 bis
2199 2045 2371 2091 consul

1358 2125 1543 2184 fuerat,
1571 2139 1672 2171 sese
1700 2125 1749 2170 in
1774 2134 1990 2171 senatum
2018 2123 2188 2171 devehi
2203 2124 2376 2184 jussit,

1356 2214 1411 2250 ut
1449 2219 1617 2266 pacem
1645 2218 1755 2250 cum
1793 2202 1982 2267 Pyrrho
2021 2201 2371 2250 conficiendam

1357 2280 1666 2328 dissuaderet.

1432 2375 1477 2420 7.
1516 2359 1648 2421 Quid
1672 2358 1759 2406 cibi
1787 2374 1896 2406 cum
1924 2358 2104 2407 Coelioe’
2124 2360 2375 2408 Terentius

1357 2439 1407 2485 in
1432 2439 1700 2496 Eunucho,
1730 2447 1823 2486 act.
1845 2441 1945 2494 111,
1971 2455 2099 2489 seen.
2136 2439 2183 2487 5.
2213 2441 2375 2502 Rogat

1357 2518 1466 2580 quis
1489 2531 1503 2565 ε
1534 2539 1559 2558 οι
1576 2517 1696 2579 quid
1723 2515 1811 2562 tibi
1839 2532 1948 2563 cum
1974 2512 2092 2564 illa?
2122 2533 2183 2563 ne
2211 2533 2373 2564 coram

1682 2595 1794 2642 item
1839 2604 1950 2641 actu
1994 2597 2082 2655 IV,
2123 2610 2253 2642 scen.
2300 2610 2326 2652 7
2356 2610 2371 2639 ε

1359 2697 1385 2716 ιι
1405 2674 1527 2737 quid
1553 2674 1642 2722 tibi
1674 2674 1775 2721 vis?
1801 2672 1923 2737 quid
1947 2688 2058 2720 cum
2082 2672 2165 2719 illa
2191 2673 2260 2718 rei
2287 2672 2379 2719 tibi

1358 2755 1464 2800 ent?
1484 2774 1511 2795 ι·

1433 2832 1482 2879 8.
1532 2831 1677 2879 Abest
1712 2829 1904 2878 homine
1938 2844 2016 2892 ap.
2055 2828 2277 2892 Aquilam
2318 2827 2378 2876 ‹le

1361 2909 1574 2971 Figuris,
1601 2924 1708 2972 cap.
1740 2911 1767 2955 3
1788 2942 1803 2965 ‚
1829 2906 1913 2955 ubi
1949 2906 2174 2955 laudatur
2199 2907 2278 2954 hic
2301 2907 2380 2954 lo-

1362 3002 1464 3034 cus.
1497 2988 1546 3034 J.
1567 2987 1630 3032 V.
1663 2989 1716 3034 1..

1434 3081 1486 3125 9.
1518 3063 1905 3128 Tamfizme'lian’s
1922 3061 2202 3126 huicfm'sti.
2219 3062 2386 3110 Julius

1364 3141 1649 3190 severianus
1692 3158 1744 3204 p.
1782 3144 1881 3190 338
1917 3142 2061 3189 Rhet.
2087 3157 2195 3205 cap.
2232 3142 2380 3188 omit·

1366 3223 1426 3273 tit
1452 3218 1583 3267 huic.
1832 3260 1839 3266 .

1442 3315 1519 3346 10.
1560 3300 1673 3347 Non
1704 3315 1759 3361 p.
1786 3309 1939 3347 tuum.
1985 3300 2199 3362 Appium
2242 3299 2386 3348 Clau·

1367 3379 1500 3426 dium
1532 3377 1822 3437 Pulchrum,
1851 3377 1938 3439 qui
1966 3378 2132 3425 consul
2160 3378 2249 3426 fuit
2273 3395 2383 3426 cum

1365 3456 1567 3504 Publice
1590 3455 1794 3502 Servilio
1819 3455 2030 3503 Isaurico
2066 3473 2199 3504 anno
2238 3459 2384 3506 Urbis

1366 3535 1577 3583 conditae
1617 3534 1719 3593 674
1737 3568 1752 3591 ‚
1798 3534 1935 3594 cujus
1983 3535 2199 3582 meminit
2239 3537 2385 3584 initio

1366 3614 1599 3662 orationis
1623 3613 1683 3660 de
1707 3616 1915 3676 Har-usp.
1941 3630 2066 3677 resp.

1444 3710 1499 3748 υ
1511 3726 1522 3738 .
1536 3694 1647 3740 Non
1663 3703 1913 3755 patr-ecum.
1926 3693 2095 3741 Caium
2119 3692 2379 3740 Claudium

1368 3772 1615 3820 consulem
1638 3787 1747 3818 cum
1764 3773 1842 3819 M.
1863 3771 2110 3835 Perpenna
2128 3787 2243 3818 ann.
2264 3773 2359 3820 661
2373 3806 2388 3819 .

1446 3865 1525 3899 ια.
1553 3850 1665 3896 Non
1702 3864 1863 3897 avum.
1907 3849 1962 3897 C.
1987 3849 2269 3909 Claudium,
2303 3851 2389 3913 qui

1369 3928 1543 3976 consul
1556 3927 1649 3975 fuit
1665 3943 1777 3973 cum
1788 3929 1858 3976 M.
1877 3930 2127 3990 Perpenna
2140 3944 2252 3978 anu.
2268 3931 2331 3976 62
2342 3932 2390 3976 3.

1376 4034 1440 4044 --
1463 4010 1715 4053 proavum.
1743 4006 1799 4054 C.
1832 4005 2090 4054 Claudium
2120 4022 2253 4055 cous.
2278 4023 2388 4054 cum

1371 4085 1482 4135 Tib.
1534 4083 1773 4132 Graccho.
1816 4111 1884 4121 -—
1928 4087 2156 4133 Atavum.
2203 4084 2395 4145 Appius

1371 4163 1603 4216 Claudius
1619 4164 1788 4213 Cecu-
1809 4165 1919 4223 fuit,
1942 4162 2003 4210 de
2023 4178 2124 4225 quo
2146 4163 2318 4214 Cicero
2341 4162 2390 4209 in
