2994 4778
602 415 743 487 380
1230 416 1325 484 Μ.
1374 419 1449 485 Τ.
1502 418 2080 487 CICERONIS

599 536 916 607 exercitu
949 591 968 622 ,
1034 538 1404 633 provincia
1461 539 1827 610 consulari
1858 540 1889 609 Ρ
1956 540 2153 627 Quas
2210 561 2324 607 res
2392 540 2739 635 gesserit,

595 669 843 742 quaero
865 673 880 716 :
903 648 1069 743 qui,
1095 660 1180 716 ut
1197 648 1432 735 venit,
1463 649 1700 718 statim
1709 703 1827 719 .....
1834 639 1864 692 ⁵
1882 648 2204 720 nondum
2234 672 2743 719 commemoro

592 756 913 851 rapinas,
957 754 1285 826 nondum
1319 772 1601 828 exactas
1637 762 1980 856 pecunias
2004 813 2025 845 ,
2068 781 2217 827 non
2259 772 2542 855 captas,
2578 784 2740 829 nou

596 868 1013 963 imperataS‚
1058 891 1207 936 non
1254 887 1467 939 neces
1517 870 1878 939 sociorum
1907 922 1926 956 ‚
1981 892 2132 937 uon
2174 865 2435 937 caedem
2478 866 2741 966 hospi-

599 989 756 1046 tum
787 1030 806 1063 ,
851 1001 1000 1046 non
1045 975 1452 1075 perfidiam,
1494 1002 1647 1047 non
1678 979 2230 1057 immanitatem,
2257 973 2420 1047 ‘non
2463 978 2743 1049 scelera

599 1084 911 1182 praedico
961 1112 979 1155 ε
1027 1111 1199 1156 mox
1225 1141 1244 1172 ,
1313 1089 1374 1158 si
1415 1085 1821 1175 videbitur,
1860 1102 1946 1158 ut
1987 1111 2158 1157 cum
2197 1084 2396 1170 fure,
2444 1102 2526 1157 ut
2557 1112 2738 1158 cum

598 1196 981 1293 sacrilego,
1028 1210 1110 1266 ut
1167 1221 1332 1268 cum
1401 1198 1654 1268 sicario
1678 1249 1697 1282 ‚
1755 1194 2184 1294 disputabo;
2243 1218 2440 1266 nunc
2490 1220 2738 1267 meam

591 1305 968 1403 spoliatam
1027 1305 1391 1377 fortunam
1448 1302 1815 1377 conferam
1874 1329 2043 1376 cum
2087 1304 2392 1376 florente
2433 1303 2738 1377 fortuna

589 1417 1058 1513 imperatoris.
1105 1419 1286 1505 Quis
1322 1439 1669 1512 umquam
1713 1416 2153 1513 provinciam
2201 1440 2369 1487 cum
2404 1418 2735 1487 exercitu

593 1517 910 1597 obtinuit
931 1580 950 1611 ‚
974 1529 1102 1623 qui
1128 1525 1361 1597 nullas
1390 1525 1479 1596 ad
1500 1540 1826 1598 senatum
1853 1524 2093 1596 literas
2108 1525 2426 1596 miserit?
2452 1539 2732 1597 tantam

591 1659 766 1705 vero
828 1637 1267 1733 provinciam
1330 1660 1499 1706 cum
1552 1650 1757 1706 tanto
1822 1636 2175 1717 exercitu,
2225 1634 2736 1708 Macedoniam

592 1746 1017 1840 praesertim,
1064 1769 1225 1841 quae
1269 1747 1486 1816 tantis
1534 1743 2010 1816 barbarorum
2060 1743 2395 1841 gentibus
2433 1746 2738 1843 attingi*

592 1869 747 1941 tur,
775 1869 856 1925 ut
892 1879 1180 1953 semper
1205 1855 1684 1927 Macedonicis
1715 1853 2274 1954 imperatoribus
2299 1853 2513 1924 iidem
2536 1853 2733 1926 fines

590 1966 975 2062 provinciae
1005 1964 1308 2053 fuerint,
1337 1967 1463 2063 qui
1491 1961 1946 2062 gladiorum6
1984 1980 2205 2061 atque
2243 1964 2592 2063 pilorum3
2626 1990 2729 2036 ex

591 2099 738 2170 qua
762 2075 1041 2173 aliquot
1066 2077 1405 2173 praetorio
1425 2076 2138 2172 imperio‚consulari
2173 2076 2466 2172 quidem
2495 2099 2732 2147 nemo

589 2184 839 2270 rediit,
870 2189 993 2283 qui
1023 2185 1406 2257 incolumis
1441 2185 1661 2257 fuerit
1684 2240 1705 2272 ,
1741 2188 1865 2283 qui
1898 2211 2050 2256 non
2079 2184 2554 2283 triumpharit.
2587 2189 2730 2257 Est

589 2293 733 2365 hoc
788 2321 1096 2384 novum3
1144 2297 1376 2368 multo
1427 2296 1604 2368 illud
1647 2298 1921 2396 magis:
1972 2295 2377 2396 appellatus
2433 2310 2539 2367 est
2595 2295 2730 2367 hic

588 2405 949 2477 vulturius
968 2419 993 2462 7
1031 2406 1217 2478 illius
1247 2407 1635 2505 provinciae
1655 2409 1748 2502 (si
1770 2406 1905 2478 diis
1931 2406 2192 2503 placet)
2223 2403 2696 2506 imperatorssl

678 2517 901 2586 XVII.
946 2517 1054 2587 Ne
1090 2531 1244 2586 tum
1282 2514 1857 2612 quidem‚Paulle
1889 2527 2192 2600 noster¹,
2218 2513 2535 2586 tabulas²
2572 2521 2728 2587 Ro·-

586 2651 778 2698 mam
815 2651 980 2698 cum
1017 2626 1258 2704 laurea
1287 2630 1572 2697 mittere
1608 2624 1972 2696 audebas?
2000 2626 2195 2703 Misi,
2229 2627 2496 2722 inquit.
2536 2625 2728 2714 Quis

589 2761 937 2833 umquam
977 2735 1338 2807 recitavit?
1379 2737 1583 2831 quis,
1628 2750 1711 2805 ut
1745 2737 2243 2819 recitarentur,
2280 2734 2729 2832 postulavit?

585 2846 776 2920 Nihil
797 2847 989 2917 enim
1018 2868 1177 2914 mea
1199 2841 1444 2927 refert,
1464 2858 1707 2914 utrum
1734 2859 1836 2932 tu,
1861 2844 2300 2916 conscientia
2326 2866 2727 2941 oppressus

586 2955 933 3027 scelerum
959 2969 1250 3024 tuorum
1276 3007 1295 3039 ‚
1330 2953 1513 3023 nihil
1540 2965 1886 3051 umquam
1915 2979 2131 3026 ausus
2160 2957 2252 3026 sis
2282 2951 2596 3025 scribere
2623 2954 2721 3024 ad

584 3090 751 3138 eum
811 3065 1190 3153 ordinem,
1245 3088 1465 3161 quem
1521 3064 1986 3163 despexeras,
2050 3087 2272 3163 quem
2315 3060 2668 3134 afflixeras
2692 3116 2720 3148 ,

582 3202 800 3273 quem
827 3176 1189 3249 deleveras
1205 3231 1224 3265 ,
1248 3201 1340 3247 an
1359 3177 1567 3246 amici
1582 3178 1688 3246 tui
1704 3173 1984 3247 tabulas
2010 3173 2450 3262 abdiderint,
2469 3171 2717 3243 iidem-

667 3401 716 3449 5.
741 3401 1066 3464 Lagomarsin.
1088 3401 1170 3448 bie
1184 3435 1200 3457 ,
1226 3410 1280 3447 ut
1297 3400 1414 3447 alias
1438 3400 1488 3446 iu
1512 3400 1602 3448 bae

580 3477 829 3536 oratione,
856 3495 961 3526 ease
983 3479 1202 3527 lacunam
1225 3480 1528 3541 putat.J.V.
1546 3482 1601 3527 L.

651 3558 701 3607 6.
720 3555 1029 3604 Gladim-um.
1046 3556 1177 3605 Certi
1192 3570 1453 3616 numquam
1468 3555 1600 3604 fuere

576 3638 881 3690 Macedoniae
917 3637 1039 3686 fines
1054 3671 1068 3696 ‚
1107 3637 1204 3685 nisi
1245 3639 1330 3699 qui
1368 3636 1511 3682 armis
1551 3647 1600 3684 et

576 3720 754 3766 virtute
788 3731 1097 3764 romanorum
1129 3717 1475 3779 imperatorum
1504 3724 1600 3761 ata-

577 3807 845 3846 tuerentur.

650 3894 699 3938 7.
724 3872 991 3922 ranarius.
1013 3874 1186 3921 Praedo
1208 3890 1263 3921 ac
1288 3873 1529 3938 direptor.

650 3957 702 4003 8.
724 3957 1014 4018 Imperator.
1033 3951 1598 4002 Honorilieentissimum

582 4050 763 4084 nomen
788 4031 912 4080 illud
935 4032 997 4080 ab
1024 4034 1260 4094 exercitu,
1280 4045 1365 4081 aut
1383 4049 1410 4080 a
1430 4043 1601 4081 senatu

581 4115 643 4162 iis
663 4111 1018 4178 imponebatur,
1041 4113 1128 4178 qui
1146 4113 1361 4162 facinore
1386 4111 1598 4175 quodam

1690 3402 1866 3450 illustri
1918 3402 2263 3451 inclaruerunt.
2316 3397 2425 3446 Piso
2472 3381 2598 3443 illud
2639 3397 2711 3444 ab

1688 3481 1906 3528 exercitu
1930 3495 2021 3527 suo
2040 3479 2132 3526 sibi
2161 3476 2370 3526 dandum
2397 3483 2670 3522 curaverat.

1760 3561 1925 3607 xvu.
1968 3573 2012 3605 1.
2052 3557 2227 3604 Puulle
2265 3566 2433 3602 noster.
2476 3553 2714 3604 Paullum

1688 3637 1933 3685 AEmilium
1982 3635 2242 3699 iutelligit,
2290 3635 2369 3698 qui
2420 3632 2482 3680 de
2527 3627 2716 3683 Perseo

1686 3715 1990 3765 Macedouiae
2026 3731 2134 3779 rege
2179 3713 2480 3778 triumphum
2524 3724 2714 3775 egerat.

1687 3824 1755 3833 —
1773 3794 1886 3841 Cum
1908 3796 2096 3842 laurea.
2114 3796 2231 3842 Mos
2250 3793 2333 3840 hic
2351 3790 2563 3838 ducibus
2580 3801 2684 3839 erat
2698 3826 2718 3851 ‚

1687 3885 1742 3922 ut
1768 3875 1928 3921 literas
1954 3873 2103 3921 lauris
2127 3871 2373 3919 involutas
2394 3869 2458 3917 ad
2487 3882 2717 3917 senatum

1687 3954 1934 4002 mitterent
1953 3989 1969 4013 ,
2006 3968 2157 4016 quum
2195 3950 2457 3998 victoriam
2488 3961 2719 4015 reporta?

1689 4043 1871 4081 verant.

1763 4128 1814 4160 α.
1837 4111 2030 4160 Lallem.
2050 4110 2130 4159 hic
2151 4120 2203 4160 et
2222 4110 2376 4170 iufra,
2400 4107 2636 4159 mbeltm.
