2994 4778
407 429 699 497 ORAT.
750 433 886 499 DE
934 429 1223 499 PROV.
1278 428 2099 500 CONSULARIBUS.
2204 432 2341 527 287

226 550 363 625 Sed
395 575 534 621 non
584 556 646 621 is
696 553 935 624 solum
974 567 1220 651 gratus
1258 549 1475 622 debet
1508 575 1699 637 esse,
1742 555 1868 647 qui
1902 557 2172 652 accepit
2210 554 2342 626 be·

224 659 541 734 neficium
564 714 584 743 ‚
642 685 896 732 verum
958 664 1172 733 etiam
1233 663 1329 746 is,
1395 664 1513 732 cui
1576 674 1893 759 potestas
1948 666 2344 760 accipiendi

223 771 368 843 fuit.
398 775 546 868 Ego
577 770 700 841 illa
734 788 1195 857 ornamenta,
1232 770 1505 868 quibus
1540 770 1659 841 ille
1695 795 1812 842 me
1854 770 2191 858 ornabat,
2226 775 2347 846 (le-

225 906 373 953 oere
402 906 517 953 me
541 936 562 965 ‚
594 895 670 952 et
706 884 1091 953 convenire
1130 886 1213 952 iis
1248 880 1467 953 rebus
1489 935 1509 970 ,
1555 905 1733 979 quas
1766 904 2158 977 gesseram,
2195 909 2344 956 non

225 991 552 1091 putabam
594 1017 611 1061 t
661 992 866 1063 illum
937 991 1230 1090 quidem
1296 992 1529 1061 amico
1595 991 1838 1061 animo
1899 1016 2015 1061 me
2084 989 2348 1064 habere

224 1102 458 1173 eodem
497 1102 693 1188 Ιοοο,
722 1128 874 1199 qno
909 1105 1313 1201 principem
1353 1102 1579 1173 civem
1606 1113 1693 1188 ¹²,
1724 1126 1937 1171 suum
1965 1125 2340 1197 generum,

223 1210 627 1283 sentiebam.
671 1212 1014 1283 Traduxit
1077 1211 1166 1282 ad
1220 1211 1509 1309 plebem
1558 1209 2021 1284 inimicum¹³
2064 1237 2298 1282 meum
2328 1269 2347 1301 ‚

222 1322 353 1391 sive
389 1322 618 1391 iratus
657 1321 834 1390 mihi
856 1324 946 1406 14,
976 1320 1179 1419 quod
1211 1347 1327 1393 me
1364 1346 1609 1393 secum
1656 1347 1749 1391 ne
1785 1320 2158 1392 beneficiis
2191 1329 2349 1418 qui-

221 1429 370 1500 dem
414 1430 709 1502 videbat
746 1456 956 1529 posse
996 1433 1375 1530 conjungi,
1417 1434 1561 1503 sive
1589 1446 1945 1502 exoratus.
1976 1436 2084 1503 Ne
2111 1431 2342 1503 haec¹⁵

221 1539 497 1635 quidem
532 1538 675 1611 fuit
707 1542 992 1637 injuria.
1026 1546 1203 1613 Nam
1240 1556 1488 1639 postea
1518 1566 1668 1625 me,
1711 1556 1789 1611 ut
1819 1540 1956 1612 sibi
1985 1566 2213 1612 essem
2248 1542 2343 1613 le-

222 1664 447 1745 gatus,
482 1676 642 1721 non
678 1651 913 1722 solum
954 1656 1217 1735 suasit,
1256 1677 1508 1724 verum
1554 1655 1765 1723 etiam
1802 1653 2098 1749 rogavit.
2133 1656 2236 1722 Ne
2270 1653 2342 1723 id

224 1757 498 1855 quidem
554 1764 850 1857 accepi:
908 1787 1060 1832 non
1114 1760 1354 1859 quo¹⁶
1410 1763 1725 1833 alienum
1783 1787 1943 1833 mea
1996 1762 2344 1860 dignitate

220 1866 615 1955 arbitrarer,
668 1869 791 1940 sed
852 1872 1053 1967 quod
1104 1886 1387 1942 tantum
1441 1871 1853 1970 reipublicae
1890 1873 2174 1945 sceleris
2210 1875 2341 1944 im·-

224 1977 525 2074 pendere
560 2004 600 2048 a
641 1982 1062 2053 consulibus
1101 1984 1520 2081 proximis¹⁷
1558 2008 1706 2053 non
1743 1983 2177 2081 suspicabar.

301 2093 561 2159 XVIII.
612 2094 802 2216 Ergo
848 2092 1086 2163 adhuc
1136 2096 1358 2190 magis
1409 2108 1518 2164 est
1564 2092 1742 2162 mihi
1782 2093 2215 2181 verendum,
2250 2120 2341 2167 ne

221 2221 359 2269 mea
392 2199 788 2297 superbia
771 2228 844 2272 ιιι
877 2203 1070 2274 illius
1102 2203 1562 2286 liberalitate,
1608 2227 1825 2299 quam
1865 2227 1959 2273 ne
2004 2203 2248 2327 illius
2230 2231 2338 2275 m·
2355 2288 2361 2294 ,

221 2306 389 2401 juria
413 2309 491 2378 in
523 2325 772 2382 nostra
802 2314 1112 2385 amicitia
1138 2311 1736 2414 reprehendatur.

314 2419 479 2488 Ecce
537 2419 657 2490 illa
718 2435 1100 2520 tempestas
1132 2437 1182 2512 ¹,
1238 2424 1466 2522 caligo
1522 2421 1930 2512 bonorum,
1980 2438 2053 2495 et
2104 2425 2342 2497 subita

222 2541 414 2622 atque
457 2531 853 2627 improvisa
890 2532 1244 2622 formido,
1287 2534 1604 2607 tenebrae
1641 2533 2096 2632 reipublicae‚
2133 2537 2342 2606 ruina

218 2652 416 2735 atque
451 2640 873 2712 incendium
913 2646 1215 2716 civitatis
1239 2700 1258 2730 ‚
1297 2661 1533 2716 terror
1575 2645 1882 2741 injectus
1923 2646 2220 2716 Caesari²
2252 2644 2343 2716 de

218 2821 361 2879 timor,
410 2823 487 2871 vis
542 2824 704 2880 nulla,
750 2826 881 2875 nulla
926 2828 1224 2888 auctoritas,

214 2900 401 2949 Movere
436 2903 609 2967 potnit
652 2903 704 2951 in
741 2906 941 2966 juventa
979 2906 1040 2954 de
1072 2918 1222 2967 statu,

214 2979 326 3028 Eece
372 2981 429 3028 ἱιι
474 2994 664 3029 senecta
717 2994 769 3030 ut
818 2985 957 3032 facile
1002 2985 1227 3035 labefecit

212 3058 318 3107 1000
349 3083 393 3107 n.

283 3157 364 3190 ια.
417 3142 523 3203 Quo
557 3141 823 3206 prim-Ipem
866 3144 1032 3192 civem.
1081 3148 1227 3193 Pom-

215 3219 389 3280 peium.
438 3222 556 3268 Post
584 3221 750 3269 Redit.
777 3221 840 3268 nd
866 3223 1113 3286 Quirites,
1158 3242 1183 3285 7
1209 3240 1223 3274 ε

216 3299 339 3347 ·Cn.
391 3301 696 3364 Pompeius,
737 3302 813 3348 vir
855 3304 1100 3360 omnium,
1141 3304 1228 3369 qui

216 3389 339 3439 tum,
356 3380 587 3441 fuerunt,
605 3390 747 3427 erunt
759 3415 772 3437 ,
790 3382 1017 3445 princeps
1029 3384 1227 3442 virtute,

216 3458 467 3521 sapientia,
497 3458 650 3522 gloria
672 3481 711 3506 ι.
750 3462 807 3507 In
835 3462 947 3508 Seu.
976 3462 1040 3510 3:
1067 3484 1092 3503 α
1112 3463 1225 3510 Vir-

218 3545 331 3593 tute,
373 3537 557 3601 gloria,
598 3536 741 3585 rebus
773 3541 917 3602 gestis
950 3541 1043 3589 Cn.
1074 3545 1224 3589 Pom·

218 3616 334 3676 peius
408 3617 631 3663 omnium
701 3617 914 3678 gentium
935 3652 948 3676 ‚
1007 3620 1226 3667 omnium

215 3694 475 3742 seculorum
499 3728 514 3752 ,
585 3695 743 3741 omnis
795 3698 1038 3745 memoriae
1091 3699 1229 3747 facile

212 3773 429 3839 princeps
448 3795 492 3820 n.

280 3855 354 3902 13.
388 3852 653 3901 Inimicum
685 3870 859 3902 mum.
890 3855 943 3901 Ρ.
972 3854 1224 3913 Clodium,

211 3934 286 3991 qui
328 3933 423 3980 nisi
475 3932 696 3997 plebeius
746 3951 773 3981 e
819 3935 1027 3998 patricio
1070 3936 1226 3982 sactus

211 4008 395 4073 fuisset,
436 4027 597 4075 neque
646 4012 871 4060 tribunus
922 4014 1078 4078 plebis
1122 4031 1224 4063 esse

212 4093 471 4148 potuisset,
499 4105 662 4153 neque
681 4091 906 4140 Ciceroni
928 4108 1123 4141 nocere.

280 4177 358 4224 ιι.
378 4169 495 4218 'Sive
516 4168 819 4219 ir-ammim.
848 4170 1006 4218 Aliam
1033 4181 1223 4220 cstnsam

1312 2829 1476 2885 affert,
1497 2844 1590 2893 pro
1611 2823 1775 2876 Domo
1788 2863 1801 2887 ‚
1821 2845 1931 2891 cap.
1963 2828 2024 2875 16
2041 2863 2055 2885 ‚
2076 2811 2164 2875 cur
2180 2829 2341 2876 Caesar

1314 2909 1545 2955 exarserit
1569 2923 1582 2956 :
1613 2931 1637 2950 α
1655 2911 1869 2970 Questus
1897 2924 2001 2954 sum
2043 2908 2095 2954 in
2119 2908 2307 2969 iudicio
2325 2945 2338 2964 ,

1315 3002 1463 3049 quum
1489 2988 1548 3036 C.
1571 2988 1868 3045 Antonium,
1894 2987 2126 3050 collegam
2151 3004 2309 3036 meum
2326 3023 2339 3044 ‚

1315 3066 1621 3114 defenderem
1637 3101 1654 3126 ,
1696 3065 1917 3130 quaedam
1956 3066 2018 3114 de
2063 3065 2308 3131 republica
2325 3103 2338 3125 ,

1315 3161 1425 3208 quoe
1462 3144 1580 3191 mihi
1617 3145 1716 3190 visa
1756 3156 1872 3191 sunt
1908 3145 1970 3191 ad
2008 3144 2138 3192 illius
2179 3145 2340 3193 miseri

1315 3234 1467 3271 status
1507 3238 1697 3270 cansam
1735 3223 1979 3286 pertinere
2002 3246 2045 3270 a.
2094 3224 2240 3272 Nunc
2276 3224 2337 3272 ad

1317 3319 1417 3350 rem
1459 3312 1744 3366 praesentem
1779 3302 2003 3364 apposite
2040 3318 2144 3349 eam
2184 3304 2336 3368 ipsam

1314 3398 1506 3430 causam
1524 3380 1689 3438 affert,
1709 3396 1853 3445 quam
1868 3381 2027 3430 Caesar
2040 3397 2089 3428 se
2105 3397 2337 3432 excusans

1312 3462 1564 3510 asserebat.

1390 3544 1468 3592 15.
1493 3544 1633 3590 Hoec.
1657 3540 1742 3590 Al.
1764 3539 1873 3589 hoc.
1896 3542 1942 3588 J.
1961 3542 2029 3589 V.
2057 3544 2111 3590 L.

1391 3623 1471 3669 ιδ.
1503 3621 1616 3669 Non
1636 3637 1751 3685 quo.
1770 3620 1938 3668 Lamb.
1958 3637 2056 3666 ηοη
2081 3620 2232 3684 quod.

1390 3716 1473 3761 17.
1533 3703 1581 3746 A
1616 3699 1884 3747 consulibus
1913 3697 2169 3762 proximis.
2225 3697 2342 3745 Seil.

1316 3781 1492 3828 Pisone
1511 3791 1560 3828 et
1577 3779 1807 3828 Gabinio.

1387 3859 1577 3906 xvnl.
1602 3875 1644 3905 1.
1670 3860 1795 3906 Ecce
1811 3858 1896 3906 illa
1915 3868 2190 3921 tempestas.
2213 3856 2345 3903 Piso·

1314 3938 1391 3984 nis
1418 3948 1466 3984 et
1499 3936 1696 3984 Gabinii
1722 3937 2052 3994 consulatum,
2081 3934 2341 3997 Clodiique

1312 4014 1577 4063 seditiones
1595 4018 1802 4080 exponit
1828 4016 2048 4064 oratione
2065 4013 2291 4063 translata
2316 4029 2344 4060 a

1313 4105 1598 4159 tempestate
1609 4129 1624 4153 ‚
1648 4096 1856 4143 tenebris
1870 4132 1886 4158 ‚
1907 4095 2048 4143 ruina
2059 4129 2073 4152 ‚
2093 4091 2341 4141 incendio.

1387 4190 1434 4220 2.
1473 4175 1647 4220 Terror
1680 4168 1882 4236 injectu
1918 4171 2118 4222 ausari.
2158 4170 2341 4216 Timuit
