2994 4778
720 422 1101 491 ORATIO
1153 426 1350 494 PRO
1404 427 1474 491 P.
1534 425 1917 493 SEXTIO.
2284 451 2363 494 21

267 539 554 635 quando
615 540 707 611 ad
762 541 912 613 haec
966 546 1307 641 propiora
1364 549 1670 617 veniam.
1730 548 2178 640 Quamquam
2227 572 2376 617 non

267 662 363 716 est
414 648 824 721 omittenda
873 638 1246 747 singularis
1294 653 1413 724 illa
1464 656 1836 750 integritas
1885 655 2375 750 provincialis,

259 759 463 851 cujus
518 783 658 855 ego
715 770 1026 857 nuper¹¹
1089 766 1166 832 in
1217 763 1633 834 Macedonia
1682 760 1829 831 vidi
1889 763 2173 858 vestigia
2225 788 2376 834 non

252 889 507 961 pressa
542 869 796 939 leviter
830 870 921 940 ad
959 872 1193 966 exigui
1227 871 1800 970 praedicationem
1832 874 2208 966 temporis,
2250 873 2375 944 sed

250 971 394 1043 fixa
433 974 530 1045 ad
569 981 990 1049 memoriam
1027 978 1216 1050 illius
1259 982 1640 1078 provinciae
1676 981 2203 1076 sempiternam.
2234 985 2373 1053 Ve-

250 1106 417 1152 rum
457 1084 614 1156 haec
648 1087 750 1157 ita
784 1102 1283 1184 praetereamus
1306 1144 1324 1177 ‚
1369 1105 1451 1161 ut
1482 1105 1721 1161 tamen
1757 1090 2120 1160 intuentes
2162 1105 2235 1161 et
2263 1115 2373 1162 re-

250 1207 667 1287 spectantes
708 1195 1218 1292 relinquamus.

345 1304 470 1370 VI.
511 1302 624 1373 Ad
661 1303 1147 1393 tribunatum,
1190 1309 1358 1402 quia
1403 1308 1550 1404 ipse
1590 1306 1681 1377 ad
1725 1331 1874 1379 sese
1914 1307 2058 1401 jam
2098 1304 2374 1376 dudum

249 1426 505 1496 vocat,
553 1427 628 1482 et
676 1413 1212 1509 quodammodo
1255 1414 1596 1488 absorbet
1649 1418 2046 1486 orationem
2100 1439 2373 1504 meam,

253 1534 608 1591 contento
652 1520 893 1592 studio
935 1547 1297 1619 cursuque
1332 1527 1721 1594 veniamus.
1757 1528 1864 1593 De
1901 1547 2049 1619 quo
2070 1521 2370 1617 ‘quidem

252 1627 634 1701 tribunatu
679 1635 777 1701 ita
827 1631 1100 1703 dictum
1144 1642 1190 1703 ‘a
1225 1635 1312 1723 Q.
1360 1633 1786 1720 Hortensio,
1827 1648 1906 1703 ut
1948 1635 2100 1728 ejus
2141 1637 2370 1704 oratio

253 1763 404 1808 non
462 1737 957 1812 defensionem
1016 1741 1236 1812 modo
1292 1744 1670 1813 criminum
1724 1742 2087 1813 videretur
2137 1745 2367 1812 conti·

254 1873 463 1935 nere,
512 1849 640 1919 sed
685 1854 898 1921 etiam
952 1852 1296 1922 memoria
1329 1850 1545 1948 digna
1579 1865 1803 1939 esset,
1857 1853 1959 1921 uti
2015 1865 2087 1920 et
2126 1853 2364 1947 reipu-

253 1955 462 2029 hlicae
478 1961 927 2057 capessendae
953 1959 1484 2053 auctoritatem'1
1520 1959 2111 2058 disciplinamque
2131 1968 2159 1999 ²
2184 1984 2362 2056 prae-

258 2068 627 2140 scriberet.
685 2069 823 2141 Sed
881 2085 1157 2156 tamen,
1216 2074 1558 2168 quoniam
1606 2071 2011 2142 tribunatus
2067 2071 2361 2166 quidem

258 2192 446 2248 totus
496 2182 572 2248 P.
614 2181 833 2250 Sextii
869 2180 1047 2249 nihil
1084 2180 1314 2267 aliud,
1361 2181 1497 2250 nisi
1535 2205 1776 2252 meum
1829 2176 2147 2251 nomen³
2195 2204 2360 2250 cau-

258 2309 548 2383 samque
602 2290 975 2376 sustinuit,
1021 2290 1418 2360 necessario
1472 2289 1647 2359 mihi
1706 2291 1796 2359 de
1844 2288 2090 2360 iisdem
2144 2288 2361 2360 rebus

260 2420 404 2467 esse
431 2396 765 2478 arbitror,
794 2399 1026 2468 sinon
1059 2398 1387 2472 subtilius
1420 2397 1930 2496 disputandum
1952 2397 2007 2484 ⁴,
2035 2411 2106 2467 at
2132 2412 2324 2468 certe
2342 2451 2363 2482 ,

253 2504 560 2597 judices,
600 2507 964 2578 dolentius
1009 2506 1557 2606 deplorandum.
1603 2510 1761 2595 Qua
1810 2508 1883 2575 in
1932 2506 2257 2575 oratione
2301 2507 2360 2574 si

256 2619 573 2712 asperius
621 2617 694 2686 in
748 2615 1097 2712 quosdam
1158 2616 1486 2689 homines
1543 2614 1785 2685 invehi
1846 2613 2100 2684 vellem
2124 2667 2143 2700 ,
2196 2616 2357 2709 quis

253 2747 398 2796 non
431 2723 898 2809 concederet,
933 2739 1015 2795 ut
1045 2749 1169 2795 eos
1190 2720 1242 2811 ⁵,
1275 2749 1585 2820 quorum
1620 2723 1902 2794 sceleris
1931 2720 2173 2793 furore
2209 2725 2355 2792 vio-

250 2829 433 2902 latus
482 2856 748 2918 essem,
802 2835 994 2904 vocis
1055 2832 1380 2904 libertate
1436 2831 2039 2931 perstringerem?
2092 2833 2224 2903 Sed
2275 2849 2355 2902 ut

248 3072 351 3109 stor
368 3063 468 3110 ruit
480 3063 680 3110 Antonii
699 3064 933 3117 consulis,
950 3064 1258 3128 ejusdemque

246 3140 588 3188 Macedoniam
603 3143 934 3206 proconsulari
958 3142 1161 3206 imperio
1182 3158 1257 3189 re·

246 3220 405 3281 gentis
422 3237 437 3267 τ
466 3237 609 3284 qmm
633 3222 925 3285 provinciam
952 3237 1100 3284 quum
1124 3219 1255 3268 haud

245 3298 360 3346 sutis
381 3299 681 3348 abstinenter
697 3300 1092 3355 administrasset,
1117 3314 1256 3346 accu-

245 3386 397 3434 setus,
415 3388 465 3424 et
482 3377 828 3426 condemnatus
840 3389 938 3426 est:
959 3378 1021 3425 ad
1039 3381 1147 3427 Διί.
1170 3376 1254 3423 lib.

245 3456 297 3513 1,
314 3471 409 3517 pro
430 3456 695 3514 ueneno,
710 3458 762 3503 in
776 3456 1020 3504 Vatinium
1034 3490 1050 3515 ,
1070 3457 1255 3504 Florus.

320 3550 341 3580 ι
356 3550 397 3581 1.
447 3535 630 3599 Nuper.
683 3538 848 3599 Quum
893 3534 1106 3584 abessem
1149 3534 1255 3598 lege

312 3694 401 3741 VI·
438 3708 483 3739 1.
512 3691 877 3743 Auctoritatem.
909 3691 1063 3755 Quia,
1101 3707 1252 3754 quum

253 3784 324 3816 res
346 3785 371 3815 a
397 3771 568 3817 Sextio
589 3770 642 3816 in
669 3768 914 3817 tribunatu
940 3780 1096 3831 gestas
1117 3784 1252 3815 eom-

256 3859 553 3907 muinraret,
577 3847 831 3895 videbatur
856 3847 1050 3910 reliquis
1068 3846 1255 3895 civibus

249 3927 553 3987 lamet-ibere
570 3960 589 3986 ,
620 3926 740 3991 qnid
780 3942 871 3991 pro
901 3927 1052 3974 salute
1088 3925 1255 3990 patrioe

248 4003 581 4069 bonta-unque
636 4005 814 4054 civium
869 4005 920 4052 in
977 4004 1253 4069 magistratu

249 4094 365 4130 emet
381 4084 639 4148 agendum.

1417 3081 1466 3114 2.
1510 3064 1935 3127 Disciplinamque.
1970 3062 2103 3124 Quid
2134 3063 2263 3109 cives
2302 3064 2354 3108 Ρ.

1342 3144 1493 3190 Sextii
1516 3142 1739 3206 exemplo
1758 3142 1997 3188 discerent
2009 3175 2024 3200 ‚
2049 3149 2095 3186 et
2121 3140 2172 3185 in
2189 3155 2289 3202 qno
2307 3157 2356 3188 se

1342 3230 1631 3268 exercerent.

1411 3300 1462 3347 3.
1505 3298 1617 3347 Nisi
1648 3313 1802 3345 meum
1840 3313 2030 3345 nomen.
2072 3299 2195 3359 Quia
2231 3298 2352 3345 nihil

1340 3379 1439 3442 egit
1462 3379 1515 3425 in
1540 3377 1788 3426 tribunatu
1814 3378 2033 3435 Sextius,
2063 3377 2153 3424 nisi
2185 3377 2245 3424 de
2273 3378 2358 3425 Ci-

1341 3474 1459 3505 rone
1477 3455 1769 3505 revocando.

1413 3545 1461 3593 4.
1474 3535 1700 3583 Subtilius
1714 3533 2076 3596 disputandum.
2093 3535 2206 3582 Non
2216 3535 2352 3597 qnod

1339 3614 1603 3679 quidquam
1640 3612 1934 3662 defensionis
1966 3610 2234 3660 rationibus
2263 3612 2354 3659 ad·

1341 3693 1476 3749 dere,
1513 3708 1678 3740 verum
1705 3706 1792 3738 vos
1816 3707 2098 3755 permovere
2121 3689 2184 3736 ad
2213 3691 2359 3739 mise·

1339 3769 1597 3818 ticon-diam
1619 3769 1780 3817 velim.

1415 3851 1460 3897 5.
1508 3850 1569 3895 Ut
1603 3863 1684 3894 eos
1703 3883 1719 3908 ,
1756 3861 1956 3910 quorum
1980 3845 2171 3895 sceleris
2182 3843 2360 3910 [ur-ore

1342 3925 1560 3974 violatus
1584 3940 1759 3982 essem,
1781 3935 1875 3973 etc.
1897 3924 2020 3972 Satis
2045 3935 2205 3994 patet,
2240 3926 2355 3973 Clo-

1343 4006 1508 4065 dium,
1535 4006 1789 4067 Pisonem,
1818 4004 2074 4053 Gabinium
2108 4003 2352 4075 praecipue

1343 4082 1618 4149 significari.
2209 4095 2238 4124 ο
