2994 4778
543 463 926 532 ORATIO
975 465 1181 532 PRO
1231 464 1499 533 REGE
1550 466 2107 536 DEJOTARO.
2258 468 2387 539 631

275 599 493 671 tuna,
539 589 813 669 Castor,
861 609 1014 657 non
1052 586 1348 681 potestis
1383 588 1538 655 sine
1587 587 2166 684 propinquorum
2218 593 2396 663 cala-

277 696 529 766 mitate
561 720 713 766 esse
745 694 1110 765 contenti?
2000 778 2019 783 q

384 808 502 874 XI.
550 807 704 875 Sint
735 829 904 875 sane
950 805 1332 875 inimicitiae
1358 817 1407 891 ¹,
1440 830 1602 903 quae
1635 832 1786 878 esse
1819 834 1970 879 non
2007 796 2392 883 debebant.
2474 870 2479 873 ,

275 917 439 983 Rex
477 915 667 985 enim
714 914 1090 1008 Dejotarus
1143 929 1449 986 vestram
1502 915 1836 989 familiam
1860 972 1879 1007 ,
1931 917 2282 1013 abjectam
2327 938 2399 993 et

274 1021 701 1109 obscuram,
739 1048 779 1094 e
827 1022 1145 1095 tenebris
1188 1027 1266 1094 in
1301 1024 1536 1097 lucem
1591 1020 1929 1097 evocavit.
1969 1031 2149 1119 Quis
2192 1044 2397 1101 tuum

278 1147 560 1229 patrem
598 1148 796 1221 ante,
825 1136 950 1230 qui
980 1149 1200 1221 esset,
1228 1159 1445 1231 quam
1475 1136 1680 1230 cujus
1711 1162 1932 1233 gener
1960 1155 2176 1225 esset,
2206 1138 2401 1210 audi-

272 1242 431 1311 vit?
465 1243 603 1314 Sed
644 1244 967 1338 quamvis
998 1230 1272 1340 ingrate
1309 1258 1380 1315 et
1418 1247 1649 1341 impie
1679 1248 2220 1319 necessitudinis
2263 1274 2398 1320 no-

275 1375 450 1423 men
483 1352 973 1449 repudiaritis‚
1022 1368 1260 1424 tamen
1284 1355 1694 1426 inimicitias
1726 1356 2109 1428 hominum
2131 1369 2159 1400 ²
2201 1384 2399 1430 more

274 1486 532 1557 gerere
570 1465 942 1561 poteratis,
975 1489 1123 1534 non
1163 1463 1334 1535 ficto
1363 1467 1661 1538 crimine
1704 1468 2065 1554 insectari,
2100 1495 2251 1540 non
2282 1496 2401 1540 ex-

273 1586 529 1669 petere
563 1576 784 1643 vitam
810 1627 829 1659 ‚
873 1596 1022 1643 non
1077 1575 1326 1670 capitis
1380 1599 1758 1647 arcessere.
1804 1582 2008 1666 Esto;
2050 1577 2400 1649 conceda-

274 1679 446 1751 tur³
517 1683 665 1754 haec
727 1707 1023 1779 quoque
1086 1682 1491 1755 acerbitatis
1555 1699 1628 1756 et
1701 1685 1847 1755 odii
1914 1686 2334 1784 magnitudo
2381 1715 2396 1756 ε

272 1789 559 1865 adeone
601 1808 681 1863 ut
732 1794 990 1864 etiam‘*
1039 1795 1280 1864 omnia
1323 1797 1482 1864 vitae
1534 1795 1926 1892 salutisque
1961 1799 2400 1884 communiS,

271 1916 503 1998 atque
537 1904 746 1974 etiam
783 1902 1245 1973 humanitatis
1283 1903 1445 1998 j'ura
1477 1902 1887 1975 violentur?
1932 1911 2228 1978 Servum
2261 1906 2404 1977 sol·

273 2013 552 2082 licitare
603 2011 888 2098 verbis;
942 2038 1108 2112 spe,
1153 2015 1671 2111 promissisque
1719 2038 2221 2112 corrumpere-3
2272 2015 2403 2087 ab.-

272 2112 596 2194 ducere⁵
645 2122 978 2209 domum;
1019 2137 1274 2195 contra
1312 2123 1692 2195 dominum
1731 2149 2044 2212 armare3
2085 2125 2224 2196 hoc
2260 2142 2403 2211 est,

270 2257 432 2302 non
467 2235 592 2302 uni
630 2234 1045 2331 propinquo
1068 2288 1087 2318 ,
1131 2233 1256 2304 sed
1290 2232 1629 2304 omnibus
1662 2230 1942 2304 familiis
1981 2232 2251 2311 bellum
2281 2263 2404 2308 ne-

265 2341 534 2422 farium
585 2342 920 2416 indicere.
979 2347 1160 2415 Nam
1222 2344 1353 2415 ista
1402 2343 1812 2442 corruptela
1865 2347 2083 2431 servi,
2140 2348 2200 2416 si
2249 2371 2397 2418 non

267 2453 498 2524 modo
533 2456 886 2552 impunita
914 2452 1166 2540 fuerit,
1194 2454 1319 2525 sed
1357 2456 1569 2526 etiam
1609 2480 1648 2526 a
1683 2453 1930 2526 tanta⁶
1972 2459 2396 2530 auctoritate

266 2562 721 2661 approbata3
794 2564 975 2634 nulli
1027 2564 1332 2661 parietes
1393 2581 1709 2636 nostram
1766 2565 2109 2651 salutem,
2180 2566 2394 2637 nullae

270 2675 506 2769 leges,
551 2674 746 2745 nulla
774 2674 939 2770 jura
976 2673 1402 2746 custodient.
1439 2673 1582 2745 Ubi
1612 2676 1803 2746 enim
1832 2672 1935 2760 id,
1971 2675 2168 2771 quod
2198 2679 2394 2750 intus

267 2862 328 2899 et
369 2853 496 2916 patri
539 2864 660 2914 tuo,
691 2855 890 2915 Castor,
927 2870 1030 2902 non
1065 2853 1179 2903 satis
1219 2866 1292 2903 est

269 2931 466 2979 veniam
483 2932 778 2997 impetrasse,
795 2934 887 2983 nisi
907 2935 959 2982 in
975 2934 1292 2982 calamitatem

268 3014 743 3075 consanguineorum
759 3012 1044 3063 abutamini.

345 3091 438 3137 xl.
478 3108 520 3139 ι.
561 3092 666 3140 Sine
692 3108 812 3140 sane
837 3091 1116 3151 initnicitioe.
1157 3093 1291 3141 Con-

267 3169 428 3216 cessio
470 3169 736 3229 rhetorica,
773 3188 883 3220 cum
920 3170 1292 3236 exprobratione

267 3249 450 3312 ingrati
466 3250 643 3310 animi,
660 3250 797 3313 qnod
822 3251 874 3298 in
893 3268 1003 3299 eum
1028 3267 1164 3306 suam
1181 3266 1292 3298 cru-

268 3327 520 3375 delitatem
550 3341 867 3393 expromam,
900 3331 984 3393 qui
1016 3328 1292 3378 Saoconda·

266 3407 397 3454 rium
445 3407 537 3455 sibi
580 3410 804 3472 generum
849 3409 1151 3466 adsciscens,
1201 3408 1293 3456 hac

266 3485 505 3535 affinitate
550 3488 778 3536 familiam
820 3490 923 3550 ejus
958 3487 1189 3536 humilem
1239 3497 1288 3534 et

263 3564 503 3626 abjectam
529 3566 583 3613 in
603 3567 759 3615 lucem
784 3568 994 3615 vocavit.

345 3660 394 3693 α.
423 3646 686 3694 Hominum
704 3661 854 3693 more.
878 3646 1042 3694 Minus
1062 3644 1285 3693 barbam.

266 3723 420 3774 Conf.
437 3724 633 3773 Tuscul.
655 3728 704 3783 Ι,
732 3725 817 3787 59.

1377 2871 1488 2902 nem
1521 2866 1568 2903 et
1598 2855 1859 2903 belluinam
1888 2854 2218 2904 crudelitatem
2251 2873 2394 2920 exag-

1380 2945 1527 2998 geret.
1572 2933 1805 2982 Nondum
1851 2945 2009 2982 tamen
2050 2935 2104 2982 in
2141 2951 2201 2983 eo
2243 2934 2395 2998 gradu

1379 3012 1624 3070 consistit,
1652 3024 1703 3060 et
1738 3014 1873 3077 quasi
1909 3012 2031 3060 nihil
2071 3013 2248 3062 dixerit
2282 3013 2397 3061 hac·

1380 3103 1547 3149 tenus,
1572 3091 1625 3139 id
1644 3103 1883 3154 tamquam
1905 3091 2295 3157 amplificationis
2322 3104 2397 3140 to·

1381 3172 1479 3219 tius
1501 3171 1743 3234 fastigium
1770 3171 1981 3234 imponit
1995 3204 2010 3228 ,
2024 3170 2161 3235 quod
2179 3187 2284 3218 non
2297 3173 2396 3232 jam

1379 3262 1436 3299 ut
1459 3250 1673 3313 ingratus
1693 3283 1709 3309 ,
1749 3260 1802 3296 ut
1838 3250 1998 3298 bellua
2041 3250 2397 3300 benefactorem

1378 3339 1595 3387 accuset,
1622 3329 1710 3377 sed
1746 3331 1896 3377 instar
1934 3329 2083 3393 pestis
2118 3329 2263 3378 latius
2297 3346 2399 3377 ma·

1379 3418 1460 3455 net
1483 3442 1501 3469 ‚
1529 3409 1652 3455 etin
1675 3407 1920 3472 publicam
1947 3408 2198 3457 hominum
2240 3408 2398 3473 perni-

1375 3487 1499 3535 ciem
1515 3485 1770 3535 redundet.
2378 3533 2384 3541 ,

1447 3574 1496 3622 4.
1524 3565 1799 3614 Hoceciam
1821 3566 2057 3614 Patricius
2083 3566 2228 3615 vellet
2250 3565 2395 3614 omis.-

1376 3662 1505 3695 sum.
1534 3644 1724 3692 Deinde
1745 3645 1973 3706 coniicit,
1999 3668 2024 3688 ι
2047 3647 2181 3702 vitat,
2202 3643 2392 3698 salutis,

1375 3733 1521 3787 atque
1577 3726 1722 3771 etiam
1772 3725 2043 3772 communis
2082 3721 2395 3771 humanitatis

343 3805 391 3850 3.
419 3806 565 3858 Erem-
591 3805 905 3852 concedatur.
928 3802 1142 3851 Observa
1174 3801 1285 3864 qui-
1366 3803 1477 3862 jura
1503 3820 1553 3851 v.
1573 3824 1598 3843 ι·
1624 3804 1675 3852 J.
1700 3804 1764 3850 V.
1792 3805 1845 3851 L.

265 3881 363 3929 bus
395 3881 546 3929 veluti
577 3881 782 3928 cumulis
806 3892 1087 3945 exaggerata
1110 3883 1285 3929 sensim

267 3972 485 4023 assurgat
529 3960 704 4008 oratio.
748 3963 963 4023 Ingratas
1013 3971 1063 4007 et
1111 3960 1282 4022 impias

217 4057 224 4062 ’
268 4039 549 4087 ostenderat
577 4055 681 4087 esse
706 4039 972 4087 simultates
996 4051 1164 4088 contra
1189 4040 1283 4086 De·

265 4121 481 4179 Jotarum
504 4135 533 4166 a
560 4119 759 4166 Castore
787 4129 1071 4182 susceptas5
1105 4135 1184 4168 eas
1211 4130 1285 4166 ta·

271 4214 383 4245 men
409 4197 639 4247 concedit
658 4197 877 4254 Castori,
904 4209 960 4245 ut
985 4200 1088 4259 ejus
1113 4200 1282 4246 imma·
1307 4243 1310 4246 ,

1446 3883 1494 3929 5.
1527 3881 1608 3929 ΔΙ.
1640 3880 1901 3930 adducere.
1928 3879 2079 3932 Multi
2102 3878 2245 3930 etiam
2271 3894 2396 3942 prae·

1374 3959 1587 4007 tulerunt
1637 3959 1894 4010 lectionem
1937 3958 2075 4006 aliam
2094 3992 2107 4015 ‚
2153 3957 2396 4006 abducere

1371 4039 1528 4086 domo.
1570 4037 1775 4088 Lallem-
1805 4042 1874 4086 sic
1901 4036 2070 4086 edidit.
2110 4038 2236 4084 Mss
2263 4035 2395 4082 enim

1373 4118 1638 4167 Graevianis
1656 4117 1841 4166 accedit
1858 4133 1985 4164 unus
2005 4117 2181 4179 regius.
2198 4116 2313 4162 J.v.
2335 4115 2389 4160 1..

1442 4200 1492 4246 6.
1528 4201 1575 4244 A
1602 4208 1737 4244 tanea
1766 4195 2073 4262 ‹necator-itate.
2101 4196 2297 4256 Quanta
2322 4205 2394 4240 est
