2994 4778
335 570 509 630 «natio
534 568 887 648 optimatum
908 594 967 644 ο,
1010 572 1217 650 arripit
1252 571 1366 630 hoc
1395 569 1651 629 nationis
1692 567 1961 642 verbum,
1997 570 2255 648 dicitque
2296 591 2358 629 se

328 667 480 745 eujus
521 669 601 727 sit
639 685 983 744 agnoscere,
1031 669 1247 728 scilicet
1275 668 1526 739 Vatinii,
1563 666 1670 744 qui
1702 664 1849 723 hanc
1881 667 2224 745 optimatum
2255 689 2360 726 na-

320 764 531 823 tionem
567 762 752 822 deleri
787 777 847 822 et
885 764 1114 823 concidi
1154 765 1469 843 cupiverit,
1506 782 1623 841 qua
1664 762 1966 821 occasione
1995 763 2251 823 abutitur
2282 764 2358 823 ad

319 880 451 920 cum
476 860 848 921 acerbissime
878 860 1414 940 perstringendum,
1454 880 1581 939 cap.
1623 862 1729 930 64,
1764 859 1860 919 65.
1909 861 2130 920 Deinde
2163 862 2358 920 locum

316 958 481 1023 illum
508 957 588 1017 de
614 957 992 1037 optimatibus
1017 959 1335 1032 concludit,
1357 958 1747 1018 adolescentes
1775 957 1850 1016 ad
1876 976 2076 1015 veram
2100 958 2328 1017 laudem
2343 1003 2361 1032 ,

315 1056 666 1134 virtutisque
696 1056 981 1134 majorum
1012 1056 1395 1115 imitationem
1428 1055 1770 1128 excitando,
1800 1054 2091 1133 simulque
2114 1056 2361 1132 optima-

317 1152 459 1211 tium
486 1151 826 1230 dignitatem
851 1154 1129 1231 exemplis
1151 1173 1224 1212 ex
1247 1160 1586 1214 Graeeorum
1615 1166 1676 1212 et
1695 1156 2095 1212 Romanorum
2122 1151 2363 1210 historia

319 1249 514 1327 petitis
540 1249 794 1307 illustrat
809 1290 826 1318 ,
848 1269 975 1327 cap.
999 1251 1192 1309 66-68.

390 1349 473 1423 1¹¹„
488 1346 862 1423 peroratione
887 1348 1144 1406 Sextium
1176 1366 1296 1406 suae
1319 1346 1546 1416 salutis,
1573 1345 1836 1423 judicum
1862 1345 2219 1405 auctoritatis
2240 1364 2362 1403 non

317 1443 493 1500 semel
533 1441 897 1501 defensorem
931 1443 1140 1522 injuria
1168 1444 1241 1503 de
1281 1445 1344 1503 vi
1383 1456 1712 1502 accusatum
1741 1442 2036 1520 judicibus
2066 1461 2366 1501 commen-

318 1537 447 1611 dat,
485 1558 703 1616 eosque
731 1538 1073 1611 obtestatur,
1099 1552 1165 1597 ut
1193 1540 1241 1597 si
1273 1560 1336 1597 se
1366 1540 1588 1598 salvum
1617 1559 1741 1598 esse
1768 1539 1981 1610 velint,
2004 1559 2104 1598 eos
2132 1558 2364 1598 conser-

318 1648 484 1706 vent,
509 1655 621 1712 per
641 1654 787 1714 quos
822 1656 884 1694 se
914 1635 1103 1714 ipsum
1130 1635 1565 1713 recuperarint,
1596 1654 1727 1713 cap.
1755 1634 1853 1712 69.

394 1734 668 1790 Ceterum
694 1733 956 1792 Sextium
988 1732 1320 1792 absolutum
1353 1753 1503 1805 esse,
1531 1752 1781 1810 eumque
1808 1730 2021 1791 deinde
2048 1744 2359 1812 praetorem

322 1827 494 1887 fuisse
525 1849 663 1887 ann.
693 1827 838 1889 Urb.
871 1848 985 1902 7oo
1012 1841 1259 1888 constat.

380 2136 633 2196 Cuilibet
659 2150 851 2196 autem
881 2136 1033 2195 hanc
1057 2137 1379 2196 orationem
1404 2136 1751 2216 perlegenti,
1777 2135 1923 2195 illud
1951 2137 2192 2196 sortasse
2218 2136 2365 2196 sub-

320 2233 558 2302 orietur,
593 2233 776 2291 multo
804 2231 1069 2310 pluribus
1095 2234 1344 2292 oratoris
1370 2232 1638 2292 exsilium
1664 2254 1731 2292 ac
1758 2233 2009 2292 reditum
2026 2278 2043 2307 ,
2084 2254 2260 2312 quam
2281 2235 2366 2293 rei

324 2327 713 2388 defensionem
739 2329 986 2388 facunde
1015 2328 1296 2402 describi;
1328 2329 1488 2408 quod
1532 2328 1679 2387 adeo
1721 2349 1828 2388 nos
1860 2329 2218 2398 dissimulare
2247 2349 2367 2389 non

326 2427 632 2503 quaerimus
651 2469 669 2499 ,
732 2440 798 2485 ut
849 2439 1050 2484 contra
1102 2427 1385 2505 legentem
1438 2426 1762 2485 meminisse
1807 2428 2049 2486 velimus
2069 2471 2088 2498 ,
2132 2427 2370 2486 omnino

329 2543 548 2582 causam
595 2523 669 2583 ab
710 2525 1024 2588 Hortensio
1058 2523 1178 2601 jam
1212 2524 1386 2583 fuisse
1411 2537 1774 2604 peroratam,
1812 2527 1994 2583 multa
2015 2525 2135 2599 jam
2165 2524 2371 2602 dispu-

331 2631 441 2677 tata
479 2639 613 2698 quae
642 2619 900 2678 veritatis
923 2619 1219 2698 judicibus
1250 2620 1424 2678 fidem
1453 2620 1738 2691 facerent3
1765 2619 1907 2678 nihil
1935 2633 2137 2678 nostro
2171 2639 2374 2697 super-

324 2735 471 2788 eme,
507 2735 687 2795 quam
731 2727 799 2773 nt
840 2714 1078 2784 dolore,
1129 2735 1263 2794 quae
1300 2715 1599 2793 praecipua
1644 2714 1698 2773 ei
1740 2714 1848 2774 dos
1892 2714 2033 2787 fuit,
2075 2714 2371 2775 audientes

321 2826 733 2871 commoveret.
763 2816 895 2885 Qua
922 2827 1111 2872 autem
1142 2814 1364 2871 ratione
1390 2813 1597 2872 melius
1624 2813 1685 2871 id
1716 2826 2167 2886 consummaret,
2198 2832 2372 2892 quam

322 2909 369 2966 si
405 2929 786 2987 quaecumque
820 2929 1130 2990 perpessus
1173 2924 1300 2970 erat
1346 2911 1496 2968 mala
1535 2911 1658 2986 ipse
1701 2924 1993 2983 narraret,
2045 2912 2374 2989 gratiasque

320 3006 586 3084 publicas
611 3008 892 3066 servatori
913 3007 1112 3068 Sextio
1131 3020 1190 3066 et
1215 3021 1409 3086 ageret
1428 3021 1489 3067 et
1513 3007 1791 3067 baberet?
1815 3013 1889 3068 Se
1916 3008 2069 3066 enim
2093 3009 2217 3087 ipse
2242 3027 2375 3067 cum

322 3123 429 3162 reo
458 3103 829 3178 defendebat,
860 3105 984 3183 ipse
1009 3126 1043 3164 a
1071 3106 1275 3165 Clodio
1303 3107 1528 3165 occulte
1559 3126 1667 3185 per
1694 3107 1956 3166 Sextium
1989 3106 2318 3183 petebatur,
2341 3125 2377 3163 a

321 3219 443 3277 quo
472 3200 710 3259 factioso
735 3200 969 3260 homine
997 3215 1064 3260 ut
1094 3203 1340 3266 Romani
1383 3201 1769 3259 abhorrerent
1788 3243 1805 3272 ,
1834 3220 2065 3259 necesse
2098 3213 2223 3259 erat
2251 3221 2378 3259 sce-

322 3297 468 3355 lesta
493 3297 615 3375 ejus
653 3298 911 3357 facinora
947 3318 1066 3355 non
1106 3298 1283 3357 semel
1323 3298 1407 3356 eis
1447 3297 1769 3356 ostendere.
1837 3302 1972 3356 Duo
2015 3311 2203 3357 autem
2243 3298 2378 3357 inde

320 3391 817 3470 consequebatur,
845 3395 1090 3453 alterum
1126 3405 1193 3453 ut
1235 3394 1569 3472 reipublicae
1595 3414 1663 3452 ac
1690 3393 1802 3453 sibi
1833 3394 1958 3472 ipse
1984 3395 2377 3470 satisfaceret,

321 3491 569 3549 alterum
609 3505 672 3550 ut
711 3512 814 3550 sua
855 3492 1112 3570 pericula
1156 3512 1286 3551 cum
1318 3492 1595 3552 Romanis
1629 3493 2115 3565 communicaret,
2158 3507 2216 3552 et
2248 3494 2377 3552 illos

320 3587 813 3663 quemadmodum
839 3588 898 3646 in
929 3589 1344 3657 calamitatum,
1366 3588 1444 3646 ita
1470 3589 1531 3646 in
1554 3589 1754 3648 salutis
1774 3589 2106 3647 societatem
2121 3604 2374 3648 vocaret.

398 3690 599 3762 Atque
638 3685 782 3743 illud
826 3686 997 3744 etiam
1027 3685 1196 3744 nobis
1230 3686 1576 3765 plerumque
1605 3692 1885 3746 Veterum
1925 3687 2214 3746 orationes
2265 3700 2378 3746 tra-

322 3784 613 3845 ctantibus
660 3786 857 3845 sucum
904 3787 1073 3862 facit,
1101 3785 1261 3865 quod
1305 3791 1610 3845 advocatos
1658 3787 1792 3866 (qui
1833 3787 1989 3865 apud
2030 3790 2378 3847 recentiores

331 3901 461 3939 usus
491 3882 760 3962 invaluit)
788 3881 992 3941 audire
1018 3902 1124 3941 nos
1154 3895 1454 3961 putamus3
1491 3903 1672 3961 quum
1712 3896 1916 3942 contra
1956 3885 2274 3961 gravissimi
2310 3904 2378 3942 ac

336 3995 561 4038 summae
585 3978 948 4038 auctoritatis
974 3980 1116 4048 viri,
1146 3980 1383 4038 summis
1414 3978 1842 4058 magistratibus
1867 3980 2124 4040 defuncti
2165 3980 2236 4039 ad
2278 3979 2377 4038 de—

335 4072 649 4133 fendendos
673 4095 806 4133 reos
837 4087 1266 4154 consurgerent.
1298 4074 1528 4150 Quibus
1549 4095 1686 4134 sane
1716 4076 2024 4155 pulchrum
2052 4091 2112 4135 et
2147 4094 2377 4153 aequum

331 4185 454 4229 erat
486 4170 563 4230 de
590 4192 653 4230 se
685 4173 826 4251 ipsis
850 4171 1028 4231 verba
1057 4173 1275 4246 facere,
1306 4193 1484 4253 quum
1525 4172 1757 4252 publica
1804 4173 2014 4234 civium
2054 4190 2226 4231 causa
2255 4171 2381 4231 viu·
