2994 4778
652 458 784 530 168
1296 460 2084 532 ARGUMENTUM.

712 581 962 638 nitorem
1001 593 1062 639 et
1103 578 1466 646 altitudinem
1507 579 1718 640 horum
1753 592 2079 661 temporum
2123 577 2505 658 agnoscimus.
2550 581 2763 642 Sordes

715 688 908 738 autem
934 674 1277 751 verborum,
1297 690 1357 737 et
1386 676 1553 739 bians
1579 676 1956 757 compositio,
1973 690 2033 736 et
2052 672 2334 737 inconditi
2358 695 2558 734 seusus
2589 678 2763 737 redo-

715 772 837 831 lent
863 773 1289 851 antiquitatem:
1323 793 1429 831 uec
1469 792 1817 851 quemquam
1859 773 2007 832 adeo
2042 771 2430 849 antiquarium
2478 785 2658 850 puto,
2702 788 2764 834 ut

716 870 959 929 Coelium
979 891 1050 928 ex
1072 890 1139 928 ea
1160 883 1323 949 parte
1346 870 1545 931 laudet
1568 890 1682 948 qua
1709 869 1980 949 antiquus
2002 882 2088 928 est
2102 867 2227 949 (⁶)».
2250 872 2319 926 It.
2344 888 2394 927 c.
2409 865 2486 927 25
2507 889 2523 925 z
2548 870 2762 949 «Apud

713 986 822 1025 uos
850 966 1053 1029 Cicero
1080 965 1312 1044 quidem
1340 980 1565 1027 ceteros
1597 966 1934 1033 eorumdem
1965 979 2293 1046 temporum
2320 963 2569 1026 disertos
2596 979 2762 1026 aute-

713 1063 915 1135 cessit,
937 1063 1149 1123 calvus
1175 1076 1385 1135 autem,
1407 1075 1467 1121 et
1490 1063 1746 1137 Asinius,
1775 1078 1834 1123 et
1863 1066 2081 1137 Caesar,
2108 1075 2166 1121 et
2192 1061 2428 1131 Coelius,
2457 1075 2517 1120 et
2548 1066 2760 1123 Brutus

708 1179 815 1221 suo
837 1160 998 1238 jure,
1035 1171 1094 1217 et
1123 1158 1416 1238 prioribus
1443 1173 1503 1218 et
1528 1159 1902 1238 sequentibus
1927 1171 2388 1239 anteponuntur3
2414 1177 2525 1217 uec
2554 1159 2759 1228 refert,

704 1255 866 1335 quod
895 1257 1048 1314 iuter
1086 1277 1147 1316 se
1189 1257 1379 1336 specie
1408 1257 1717 1331 differant,
1753 1277 1935 1336 quum
1973 1275 2181 1336 genere
2214 1256 2597 1315 consentiant.
2629 1255 2755 1317 Ad-

705 1353 964 1411 strictior
991 1354 1235 1426 Calvus,
1263 1353 1626 1413 numerosior
1650 1355 1916 1426 Asinius,
1953 1352 2315 1433 splendidior
2345 1355 2570 1437 Caesar,
2604 1373 2756 1411 ama·

703 1448 827 1507 rior
848 1450 1091 1522 Coelius,
1115 1451 1348 1528 gravior
1375 1455 1587 1522 Brutus
1602 1493 1620 1520 ,
1640 1448 2036 1517 vehementior
2054 1462 2115 1508 et
2142 1450 2371 1527 plenior
2394 1464 2455 1508 et
2476 1448 2755 1509 intentior

701 1546 940 1618 Cicero,
986 1566 1185 1611 omues
1229 1559 1417 1611 tamen
1460 1546 1740 1613 eamdem.
1772 1546 2071 1606 sanitatem
2113 1544 2465 1623 eloquentiae
2496 1545 2695 1603 ferunt
2710 1572 2750 1605 ο.

697 1645 1039 1717 Quintilian.
1062 1648 1158 1713 X,
1195 1664 1221 1702 1
1246 1665 1263 1705 ε
1295 1644 1586 1705 «Multum
1613 1644 1829 1725 ingenii
1855 1644 1916 1709 iu
1947 1644 2128 1704 Coelio
2156 1656 2214 1702 et
2241 1644 2536 1721 praecipue
2563 1643 2624 1701 iu
2652 1664 2750 1705 ac-

699 1738 957 1797 cusando
982 1740 1159 1801 multa
1188 1738 1513 1824 urbanitas,
1548 1741 1870 1820 dignusque
1891 1739 2002 1813 vir,
2030 1740 2125 1799 cui
2146 1752 2207 1798 et
2229 1759 2391 1801 meus
2426 1739 2665 1812 melior,
2692 1752 2749 1797 et

691 1836 816 1894 vita
841 1837 1072 1914 longior
1094 1836 1426 1915 contigisset
1444 1863 1489 1896 n.
1531 1837 1837 1916 subjungit
1865 1858 1992 1917 cap.
2029 1856 2097 1895 a:
2130 1836 2327 1911 «Quid
2361 1850 2603 1898 noceret
2632 1835 2747 1899 vim

693 1934 968 2005 Caesaris,
1016 1935 1382 2012 asperitatem
1435 1935 1633 2007 Coelii,
1698 1934 2054 2013 diligentiam
2101 1934 2415 2007 Pollionis,
2457 1932 2746 2011 judicium

690 2029 855 2089 Calvi
882 2028 1230 2107 quibusdam
1267 2032 1327 2089 iu
1364 2030 1506 2089 Iocis
1540 2032 1915 2089 assumere?»
1938 2032 2014 2089 Et
2046 2028 2148 2088 lib.
2182 2032 2298 2102 XI,
2341 2050 2470 2107 cap.
2502 2050 2556 2102 ι,
2580 2028 2743 2096 coelii

686 2126 868 2186 verba
906 2128 1110 2186 recitat
1138 2148 1212 2186 ex
1246 2127 1510 2186 oratioue
1548 2148 1722 2206 quam
1759 2126 1834 2185 de
1860 2128 1919 2184 vi
1950 2147 2084 2185 reus
2111 2147 2220 2206 pro
2260 2147 2321 2185 se
2352 2126 2483 2206 ipso
2509 2125 2746 2197 habuit,

683 2223 760 2282 de
786 2244 902 2301 qua
930 2236 989 2282 et
1016 2223 1327 2283 Suetonius
1358 2225 1616 2283 meminit
1644 2226 1704 2284 iu
1727 2223 1879 2282 libro
1908 2222 1982 2281 de
2007 2224 2144 2282 clar.
2173 2223 2417 2289 Rhetor.
2440 2243 2568 2303 cap.
2593 2241 2658 2294 a,
2681 2234 2744 2281 et

684 2324 888 2381 Festus
919 2322 1269 2384 mentionem
1298 2322 1450 2381 facit.
1483 2323 1592 2386 Illa
1624 2341 1857 2401 quoque
1886 2320 2212 2388 notavimus
2240 2318 2395 2399 apud
2434 2319 2707 2378 eumdem
2726 2362 2744 2393 ,

684 2420 787 2486 lib.
814 2425 964 2491 ΧΠ,
993 2441 1123 2500 cap.
1148 2440 1250 2480 io:
1288 2422 1464 2479 «vim
1492 2421 1764 2490 Caesaris,
1818 2419 2076 2482 indolem
2126 2419 2293 2479 Coelii
2315 2460 2332 2488 ,
2359 2417 2746 2478 subtilitatem

683 2518 944 2592 Callidii‚
972 2518 1308 2597 gravitatem
1336 2519 1531 2591 Bruti,
1564 2538 1804 2578 acumen
1823 2518 2097 2595 Sulpicii,
2128 2514 2502 2575 acerbitatem
2524 2515 2741 2586 Cassii,

686 2615 1045 2695 diligentiam
1089 2615 1402 2687 Pollionis,
1448 2616 1785 2694 dignitatem
1817 2615 2129 2682 Messallae,
2173 2613 2538 2672 sanctitatem
2577 2612 2747 2673 Calvi

679 2712 1038 2790 reperiemus
1055 2739 1097 2770 n.
1134 2711 1248 2770 Sed
1277 2711 1579 2769 audiamus
1601 2711 1917 2784 Velleium,
1949 2711 2097 2770 Hist.
2125 2713 2212 2782 11,
2238 2709 2341 2768 68:
2374 2733 2402 2762 α
2423 2713 2581 2772 Dum
2603 2753 2620 2778 ,
2653 2710 2744 2768 iu-

680 2808 838 2884 quit,
866 2806 925 2864 in
957 2807 1079 2865 acie
1105 2805 1459 2878 Pharsalica,
1488 2806 1803 2884 Africaque
1833 2805 1906 2864 de
1935 2825 2157 2865 summa
2197 2824 2390 2872 rerum
2434 2807 2630 2868 Caesar
2658 2806 2744 2864 di·

680 2904 878 2971 micat,
906 2908 989 2961 M.
1016 2903 1229 2961 Coelius
1255 2904 1344 2960 vir
1368 2903 1604 2979 eloquio
1637 2903 1943 2980 animoque
1978 2904 2218 2962 Curioni
2246 2902 2605 2975 simillimuS,
2636 2902 2742 2961 sed

673 2999 734 3061 in
758 3014 1007 3077 utroque
1033 3000 1367 3078 perfectior,
1390 3021 1497 3058 uec
1524 2998 1709 3060 minus
1734 3000 2028 3079 ingeniose
2049 3019 2297 3077 nequam
2313 3022 2355 3056 ι».
2377 3002 2515 3068 Plus
2546 3013 2740 3062 tamen

671 3099 725 3157 ei
768 3098 1052 3160 facultatis
1088 3098 1148 3156 in
1193 3097 1517 3158 accusando
1559 3097 1758 3169 fuisse,
1790 3117 1962 3175 quam
2000 3097 2061 3154 iu
2090 3094 2460 3161 defendendo
2490 3097 2738 3170 Quintil.

668 3196 1024 3268 ostendit,V1
1041 3238 1057 3266 ,
1093 3196 1158 3266 3,
1180 3215 1361 3273 quum
1382 3195 1462 3260 ait
1486 3198 1569 3251 Μ.
1603 3194 1846 3254 Coelium
1866 3235 1883 3264 ,
1914 3193 2052 3271 quia
2079 3193 2285 3251 melius
2312 3190 2603 3269 objiceret
2630 3195 2741 3251 cri·

669 3292 852 3362 mina,
882 3312 1055 3368 quam
1099 3292 1469 3363 defenderet,
1517 3316 1542 3344 α
1566 3289 1781 3348 bonam
1819 3290 2113 3358 dextram,
2155 3290 2364 3347 malam
2397 3289 2694 3349 sinistram
2715 3317 2744 3343 υ

670 3387 953 3462 appellari
985 3406 1019 3443 a
1058 3388 1338 3446 Cicerone
1369 3386 1603 3448 solitum
1634 3406 1785 3455 esse,
1829 3384 2006 3462 idque
2035 3386 2342 3443 confirmat
2370 3385 2496 3464 ipse
2526 3388 2745 3446 Cicero

664 3480 760 3540 his
797 3481 991 3540 verbis
1031 3484 1089 3540 iu
1124 3482 1275 3539 libro
1313 3483 1386 3539 dc
1414 3482 1583 3540 claris
1613 3487 1854 3546 Orator.
1880 3503 2006 3561 cap.
2025 3503 2128 3559 79:
2162 3481 2336 3560 «Ejus
2360 3482 2654 3542 actionem
2677 3498 2746 3543 et

663 3577 1000 3657 splendida,
1029 3591 1088 3636 et
1115 3577 1380 3655 grandis,
1408 3590 1468 3634 et
1494 3576 1694 3637 eadem
1733 3580 1793 3640 in
1837 3579 2037 3656 primis
2079 3579 2265 3636 faceta
2302 3591 2362 3636 et
2391 3567 2746 3657 perui-bana

663 3672 1109 3744 commendabat
1153 3673 1360 3742 oratio,
1403 3678 1626 3734 Graves
1672 3674 1794 3756 ejus
1837 3675 2148 3746 conciones
2192 3675 2416 3753 aliquot
2459 3674 2746 3750 fuerunt,

756 3915 836 3983 (²)
870 3919 991 3967 Post
1028 3919 1135 3968 bec
1178 3920 1328 3968 verba
1364 3920 1621 3970 Manutius
1656 3921 1834 3971 addin
1870 3923 2033 3971 noi-to
2067 3921 2203 3970 civili
2237 3919 2371 3969 bello
2415 3930 2638 3984 quantor
2683 3922 2750 3971 in

668 4006 835 4057 Africa
864 4007 956 4055 fuit
978 4007 1037 4056 C.
1061 4009 1291 4058 Curionis
1307 4044 1322 4069 ,
1348 4021 1404 4058 ut
1429 4010 1565 4075 apud
1590 4010 1825 4060 Cesum
1848 4009 1936 4060 lib.
1955 4014 2028 4059 111
2055 4001 2117 4060 de
2143 4010 2280 4060 Bello
2305 4008 2471 4067 civili,
2496 4026 2611 4075 oep.
2634 4011 2713 4060 23
2739 4049 2758 4065 .

667 4097 906 4162 scriptum
938 4106 1012 4143 est
1028 4109 1075 4144 ό.
1096 4099 1279 4144 Verum
1318 4097 1400 4146 hie
1433 4098 1686 4148 Manutius
1709 4098 1941 4148 confudit
1963 4098 2165 4148 anum
2190 4113 2302 4148 cum
2326 4096 2523 4148 ”arcio
2558 4099 2709 4152 Ruso
2728 4135 2750 4159 .

667 4199 800 4233 anno
829 4182 946 4233 Urb.
972 4192 1071 4247 70⁴
1101 4194 1361 4248 questore.
