2994 4778
703 426 1081 493 ORATIO
1123 423 1325 490 PRO
1373 424 1469 490 M.
1524 424 1912 493 COELIO.
2228 424 2365 496 205

176 575 183 586 ·
274 549 617 632 nissimu53
647 547 867 642 quite
896 558 1087 615 amat
1113 544 1505 640 plurimum
1527 553 1622 629 ω;
1651 546 1770 639 qui
1804 558 2101 641 propter
2120 550 2369 618 nescio

275 680 491 752 quam,
551 653 811 741 credo,
876 651 1325 723 timiditatem
1350 706 1369 737 ‚
1426 666 1500 722 et
1561 666 1956 723 nocturnos
2011 655 2363 749 quosdam

274 769 489 835 inanes
543 780 786 836 metus
811 776 897 853 ¹¹,
949 779 1187 834 tecum
1231 787 1515 859 semper
1554 764 1764 859 pusio
1793 773 1856 806 ¹²
1897 757 2060 834 'cum
2097 767 2369 861 majore

268 899 483 946 sorore
542 874 916 947 cubitavit.
973 878 1156 944 Eum
1215 885 1469 968 putato
1529 885 1767 942 tecum
1828 872 2070 969 loqui:
2113 904 2146 938 α
2178 875 2370 964 Quid

264 985 709 1056 tumultuaris
736 1039 756 1071 ‚
817 984 1077 1055 soror?
1141 980 1319 1078 quid
1390 981 1714 1052 insanis?
1776 980 1953 1078 quid
1977 1038 1996 1069 ,
2062 983 2369 1055 clamore

259 1119 489 1164 exorsa
508 1150 530 1182 ,
556 1094 802 1166 verbis
831 1117 1119 1191 parvam
1150 1114 1301 1161 rem
1320 1083 1747 1188 ¹³'magnam
1785 1089 2003 1162 facis?
2037 1095 2368 1164 Vicinum

258 1203 863 1276 adolescentulum
906 1202 1330 1300 adspexisti3
1386 1199 1655 1272 candor
1692 1201 1906 1297 hujus
1950 1216 2062 1288 te,
2116 1219 2188 1273 et
2218 1228 2374 1300 pro-

257 1315 493 1384 ceritas
515 1314 603 1400 ¹4‚
638 1314 916 1402 vultuS,
950 1313 1285 1407 oculique
1309 1308 1366 1354 ¹⁵
1394 1311 1828 1408 pepulerunt
1850 1308 1945 1401 16;
1990 1316 2248 1410 saepius
2277 1317 2373 1384 vi·

257 1421 408 1492 dere
453 1416 782 1509 voluisti;
835 1430 1463 1516 nonnumquam¹⁷
1519 1421 1596 1489 in
1648 1420 1895 1491 iisdem
1945 1421 2175 1493 hortis
2223 1423 2369 1495 visa

260 1527 504 1600 nobilis
548 1532 836 1617 mulier,
882 1530 1083 1601 illum
1122 1527 1351 1599 filium
1385 1526 1713 1617 familiaS,
1767 1546 1968 1626 patre
2017 1556 2234 1629 parco
2289 1558 2372 1604 ac

261 1643 470 1709 tenaci
494 1639 590 1728 ¹⁸,
636 1641 904 1712 habere
946 1642 1087 1710 tuis
1124 1640 1347 1734 copiis
1387 1635 1882 1709 devinctum¹9
1927 1665 2076 1711 non
2116 1658 2364 1739 potes:

262 1748 596 1833 calcitrat,
651 1753 1029 1847 respuit²⁰‚
1087 1773 1238 1818 non
1298 1760 1504 1843 putat
1564 1764 1684 1817 tua
1735 1748 1921 1820 dona
1968 1775 2116 1822 esse
2161 1753 2360 1824 tanti.

262 1857 508 1929 Confer
536 1874 609 1930 te.
639 1860 802 1930 alio,
842 1858 1078 1930 Habes
1109 1857 1354 1927 hortos
1381 1856 1470 1926 ad
1499 1855 1811 1927 Tiberim
1833 1912 1851 1943 ‚
1885 1884 1965 1929 ac
1992 1859 2367 1957 diligenter

264 1989 335 2033 eo
363 1966 518 2037 loco
552 1969 967 2066 praeparasti
986 2021 1005 2052 ‚
1033 1992 1182 2063 quo
1218 1966 1453 2036 omnis
1471 1967 1815 2058 juventus
1841 1968 2130 2039 natandi
2158 1994 2363 2042 causa

265 2078 457 2146 venit.
506 2079 694 2147 Hinc
750 2079 915 2149 licet
972 2075 1417 2148 conditiones
1479 2075 1805 2170 quotidie
1859 2075 2155 2174 legasffl.
2216 2085 2363 2153 Cur

265 2181 408 2255 huic
428 2239 447 2270 ‚
479 2188 611 2283 qui
639 2201 714 2258 te
746 2189 1020 2284 spernit
1041 2242 1060 2273 ,
1093 2185 1392 2288 molesta
1421 2208 1496 2256 es
1518 2185 1596 2252 Ρ»

1420 2429 1504 2476 ιδ.
1557 2428 1860 2492 Populerune.
1908 2431 1988 2479 Al.
2027 2434 2361 2496 perpulerunt.

1342 2508 1376 2554 J
1378 2540 1391 2552 .
1412 2509 1474 2554 V.
1501 2509 1555 2554 L.

270 2439 365 2475 nsua
385 2431 572 2494 Appius
588 2466 604 2491 ‚
639 2430 867 2478 minimus
900 2429 1097 2478 Publius
1115 2462 1131 2486 ‚
1158 2445 1253 2476 me-

267 2504 358 2552 dius
386 2510 506 2557 inter
528 2510 623 2557 bos
651 2509 825 2568 Caius,
853 2526 994 2572 quem
1019 2510 1257 2557 Pedianus

264 2588 453 2635 nonin-t
476 2605 571 2651 pro
597 2589 801 2637 Milone.

326 2680 397 2714 to.
429 2666 530 2731 Qui
548 2679 594 2714 ee
625 2679 765 2715 amat
779 2667 1055 2733 plurimum.
1077 2665 1256 2730 Turpis

261 2743 533 2805 significatur
554 2762 709 2795 amor.

323 2837 338 2867 ι
353 2839 391 2869 r.
410 2825 688 2874 Nocturnas
714 2824 950 2888 quosdam
970 2824 1139 2871 inanes
1156 2839 1254 2870 me-

1419 2607 1502 2652 17.
1554 2593 1941 2655 Nonnumquam.
1985 2594 2177 2642 Lnllem.
2226 2597 2363 2647 addit

1325 2669 1488 2734 [αἰαῖ.
1506 2697 1573 2707 --
1587 2670 1780 2718 Nobilis
1794 2671 1982 2721 melier.
2003 2673 2362 2726 Contumeliam

1344 2748 1544 2797 dictum.

258 2909 334 2946 ees.
358 2903 573 2952 Mox-daci
581 2915 650 2952 ter
673 2916 721 2952 et
743 2904 879 2951 salse.
904 2914 905 2917 ’

322 2995 398 3027 12.
442 2983 603 3029 Pusio.
632 2983 872 3046 Ambigua
899 2998 1025 3040 vox,
1055 2980 1162 3044 qfiae
1205 2992 1253 3028 et

255 3059 498 3119 parvulum
517 3061 752 3125 significat
778 3073 826 3109 et
854 3059 1143 3108 dissolutum
1160 3096 1174 3120 ,
1200 3071 1255 3107 ut

253 3136 464 3184 Juvenal.
490 3150 571 3188 sat.
603 3142 635 3187 6
653 3174 668 3195 ‚
700 3151 747 3187 et
775 3139 1008 3203 Apuleius
1034 3137 1119 3185 lib.
1146 3140 1249 3186 lx:

259 3233 278 3254 ι
298 3214 579 3265 Bellissimus
602 3218 796 3266 adulter
810 3218 888 3264 ille
911 3218 1054 3281 pusio
1069 3237 1112 3263 n.

323 3295 394 3340 13.
429 3296 590 3343 Verbis
631 3312 832 3358 parvam
870 3311 968 3343 rem
1014 3310 1250 3357 magnam

243 3366 378 3429 souis.
407 3375 565 3435 Quam
593 3376 685 3422 alia
721 3374 906 3421 ratione
930 3375 1161 3436 consequi
1181 3373 1248 3420 ss-

257 3447 334 3494 cite
353 3453 521 3513 possis.

319 3538 392 3584 ιε.
432 3531 718 3578 procer-icas.
748 3529 1028 3577 Aristoteles
1057 3530 1142 3577 lib.
1177 3532 1251 3576 lv

260 3602 394 3656 hhie.
413 3624 517 3672 esp.
533 3611 561 3656 3
585 3625 597 3657 :
622 3630 644 3651 ι
662 3611 720 3655 ln
742 3624 915 3672 magno
926 3624 1129 3672 corpore
1144 3607 1250 3672 pul·

260 3682 461 3735 claritudo
485 3689 740 3747 consistit3
766 3704 876 3736 nam
903 3691 1039 3753 parvi
1061 3689 1248 3737 venusti

258 3762 426 3821 quidem
439 3803 454 3828 ‚
470 3778 519 3814 et
534 3767 906 3814 commensurati
924 3778 1036 3814 sunt
1047 3802 1060 3827 ‚
1074 3784 1251 3831 nequa·

258 3853 376 3899 quun
403 3861 516 3893 vero
542 3846 731 3909 pulchri
747 3867 786 3895 υ.

322 3922 390 3969 15.
448 3924 701 3988 oculique.
742 3924 963 3972 Tibullus
1000 3924 1086 3974 lib.
1130 3928 1153 3972 Ι
1198 3925 1250 3972 in

256 3993 377 4046 lande
389 4001 636 4064 Sulpitiaet
659 4024 684 4043 «-
697 4001 835 4050 Illius
850 4018 911 4049 ex
929 4002 1087 4050 oculis
1101 4018 1252 4066 quum

256 4073 347 4123 vult
366 4094 560 4127 exurere
587 4080 758 4139 divos,
784 4080 1018 4129 Accendit
1040 4082 1252 4144 geminas

254 4143 476 4218 lamp-da·
500 4173 610 4207 noer
631 4161 785 4208 Amor
807 4180 852 4208 n.

1417 2841 1436 2874 1
1449 2827 1500 2875 8.
1523 2829 1676 2874 Patre
1687 2843 1844 2892 parco
1867 2843 1930 2874 ac
1946 2827 2114 2877 tenaci.
2146 2830 2360 2883 sabaud.

1342 2906 1577 2968 pecuniae.
1611 2907 1868 2952 Suetonius
1897 2907 1945 2952 in
1971 2906 2081 2956 Tib.
2118 2924 2227 2973 cap.
2258 2914 2323 2969 46
2350 2948 2365 2973 ‚

1341 3005 1365 3024 α
1381 2984 1599 3047 pecuniae
1625 3001 1799 3047 parcus
1822 3001 1879 3031 ac
1906 2995 2049 3033 tenax
2073 3009 2113 3034 ι.

1415 3077 1495 3123 ¹9·
1530 3062 1687 3124 Copiis
1710 3062 1987 3111 devinctum.
2027 3066 2176 3127 Quasi
2203 3071 2361 3117 aureis

1339 3140 1558 3187 vinetum
1594 3130 1791 3188 catenis.
1828 3167 1898 3176 —
1935 3142 2138 3192 Habere.
2170 3145 2227 3192 td
2261 3160 2359 3205 est.

1339 3217 1604 3282 possidere.

1411 3312 1494 3344 20.
1538 3294 1796 3351 calcitrat,
1838 3296 2034 3362 respuit.
2074 3302 2357 3368 Metaphora

1337 3386 1527 3440 sumpta
1555 3376 1617 3422 ab
1644 3375 1800 3438 equis.

1408 3470 1435 3501 2
1448 3471 1491 3501 1.
1514 3454 1820 3502 Condiciones
1834 3456 2047 3523 quotidie
2064 3458 2210 3523 legas.
2227 3463 2361 3511 Con.

1337 3534 1538 3582 ditionis
1555 3550 1729 3581 nomeu
1749 3544 1846 3581 tam
1868 3535 2082 3585 honestis
2098 3542 2357 3606 conjugiis,

1336 3629 1479 3676 quam
1520 3611 1779 3678 impudicis
1816 3614 2060 3663 amoribus
2095 3622 2356 3668 convenire

1338 3702 1512 3756 potest.
1530 3692 1691 3739 Julius
1709 3692 2013 3755 Capitolinus
2031 3696 2083 3741 in
2101 3698 2354 3746 Antonino

1335 3771 1630 3834 philosopho
1651 3784 1664 3817 ε
1695 3792 1719 3811 α
1739 3771 2009 3818 Faustinam
2031 3775 2145 3820 satis
2166 3788 2356 3826 constat

1334 3846 1465 3910 opud
1489 3846 1700 3895 Caietam
1727 3847 2036 3896 conditiones
2054 3850 2145 3898 sibi
2170 3864 2217 3899 et
2238 3870 2358 3902 nau·

1335 3926 1454 3973 tiens
1476 3936 1526 3972 et
1552 3924 1856 3986 gladiatorias
1885 3925 2081 3990 elegisse
2101 3950 2139 3976 n.
2173 3931 2356 3980 Plinius

1336 4002 1515 4051 Junior
1531 4001 1617 4049 lib.
1639 4004 1682 4063 Ι,
1704 4019 1781 4067 ep.
1801 4013 1856 4063 4,
1877 4006 1937 4053 de
1960 4022 2108 4054 ceusu
2126 4007 2355 4071 loquens:
2407 4022 2412 4031 ¹

1337 4104 1364 4122 ι
1378 4080 1473 4128 nic
1486 4096 1684 4145 quoque
1701 4082 1751 4129 iu
1766 4083 2129 4133 conditionibus
2143 4085 2357 4148 deligen-

1339 4159 1415 4207 dis
1432 4160 1690 4224 ponendus
1708 4171 1779 4208 est
1797 4162 2009 4209 calculus
2023 4162 2365 4212 --condicio-
