2994 4778
574 467 948 534 ORATIO
1002 469 1204 536 PRO
1253 469 1351 535 M.
1405 469 1999 537 MARCELLO.
2208 466 2343 539 565

226 610 384 657 esse
438 583 835 655 videantur.
900 586 1065 656 Noli
1142 588 1357 684 igitur
1419 589 1494 657 in
1570 587 2074 659 conservandis
2133 588 2347 660 bonis

225 697 482 765 viris¹⁰
526 692 925 790 defatigari,
969 721 1120 767 non
1157 696 1546 793 cupiditate
1577 697 2002 794 praesertim‚
2040 713 2163 767 aut
2194 723 2352 795 pra-

224 809 449 874 vitate
483 803 721 901 aliqua
763 804 1011 903 lapsi8‚
1050 804 1175 876 sed
1224 808 1571 904 opinione
1604 806 1931 894 officii¹¹‚
1970 808 2182 878 stulta
2209 808 2352 880 for-

224 929 453 1001 tasse,
512 931 707 988 certe
772 939 920 986 non
981 914 1351 1012 improba,
1409 931 1485 988 et
1545 919 1781 1014 specie
1845 916 2153 1013 quadam
2217 921 2352 990 rei-

226 1022 556 1120 publicae.
593 1027 758 1096 Non
809 1026 999 1096 enim
1054 1039 1178 1095 tua
1232 1025 1377 1096 ulla
1429 1026 1639 1123 culpa
1693 1041 1836 1114 est,
1900 1028 1956 1097 si
2004 1041 2074 1098 te
2130 1027 2351 1125 aliqui

225 1135 627 1204 timuerunt
669 1162 686 1204 ε
739 1148 1135 1230 contraque
1188 1159 1466 1206 summa
1528 1135 1715 1221 laus,
1771 1134 1968 1232 qnod
2022 1136 2351 1236 plerique

224 1243 525 1312 minime
560 1242 959 1314 timendum
994 1242 1210 1314 fuisse
1251 1258 1658 1315 senserunt.

324 1356 479 1422 VII.
532 1357 742 1426 Nunc
780 1377 950 1424 vero
989 1354 1247 1424 venio¹
1291 1351 1381 1423 ad
1418 1356 1898 1449 gravissimam
1935 1354 2348 1450 querelam²

226 1475 298 1532 et
329 1462 841 1532 atrocissimam
880 1462 1366 1559 suspicionem
1398 1477 1592 1532 tuam
1622 1517 1641 1546 ‚
1674 1489 1835 1560 quae
1871 1489 2020 1534 non
2060 1464 2188 1535 tibi
2217 1467 2354 1563 ipsi

224 1572 494 1667 magis,
537 1595 755 1668 quam
812 1594 1041 1669 quum
1090 1571 1430 1642 omnibus
1472 1571 1790 1661 civibus,
1848 1588 1999 1643 tum
2044 1575 2352 1645 maxime

225 1680 474 1767 nobiS‚
526 1686 655 1778 qui
704 1707 746 1752 a
794 1696 865 1753 te
918 1683 1314 1752 conservati
1370 1705 1659 1767 sumuS,
1721 1681 2165 1779 providenda
2221 1698 2351 1754 est.

225 1792 465 1879 Quam
512 1791 643 1861 etsi
688 1815 899 1889 spero
946 1816 1098 1862 esse
1137 1789 1419 1879 falsam,
1472 1815 1873 1887 numquam
1912 1808 2145 1862 tamen
2199 1818 2352 1863 ver·

222 1897 340 1969 bis
382 1899 814 1971 extenuabo.
859 1905 1008 1971 Tua
1054 1904 1241 1973 enim
1294 1904 1533 1972 cautio
1572 1916 1816 1972 nostra
1867 1900 2153 1973 cautio³
2191 1919 2296 1973 est
2331 1932 2347 1973 ε

222 2023 343 2095 ut,
379 2009 442 2079 si
468 2010 541 2078 in
583 2010 927 2080 alterutro
956 2009 1403 2108 peccandum
1443 2014 1570 2097 sit,
1608 2011 1847 2081 malim
1876 2009 2103 2081 videri
2133 2013 2348 2082 nimis

226 2117 565 2205 timiduS‚
608 2145 826 2216 quam
855 2144 1106 2217 parum
1150 2120 1487 2218 prudens.
1532 2121 1670 2192 Sed
1705 2123 2033 2218 quisnam
2081 2137 2187 2192 est
2214 2126 2343 2193 iste

223 2243 372 2299 tam
400 2226 743 2300 demens?
768 2235 876 2302 De
905 2232 1139 2302 tuisne
1160 2229 1235 2300 4?
1266 2234 1544 2302 tametsi
1572 2234 1699 2328 qui
1729 2232 1950 2328 magis
1980 2229 2188 2301 sunt⁵
2221 2234 2348 2319 tui,
2401 2247 2412 2259 ·

218 2436 330 2498 jure
371 2435 605 2499 mancipii
647 2436 977 2500 possidemus,
1018 2437 1142 2485 adeo
1187 2447 1243 2484 ut

222 2514 370 2562 uobis
395 2515 561 2563 invitia
584 2516 706 2579 eripi
727 2532 827 2564 uon
852 2518 1063 2581 possint.

301 2609 382 2641 xo.
426 2596 485 2640 In
526 2594 864 2642 consen-andis
915 2594 1055 2643 bonis
1098 2593 1237 2643 viris.

222 2674 375 2722 Erant
411 2674 540 2720 euim
589 2690 692 2721 nou
738 2675 910 2739 pauci,
953 2674 1015 2721 de
1058 2674 1238 2739 quibus

221 2753 386 2805 Cesar
425 2752 646 2802 noudum
688 2763 935 2801 statuerat.
962 2753 1105 2813 ,Vide
1146 2767 1239 2817 pro

221 2833 386 2897 Ligar.
417 2848 472 2879 ια
495 2868 510 2889 ,
547 2844 594 2878 et
620 2835 821 2880 Sueten.
847 2832 929 2892 75.

301 2926 384 2960 n.
425 2909 665 2975 Opinione
694 2910 863 2979 officii.
903 2908 1054 2973 Quod
1089 2908 1241 2956 bone·

220 3000 353 3039 atum
393 2989 717 3038 arbitrabatur
736 3025 752 3050 ,
793 3000 843 3038 et
886 2989 1006 3038 boui
1055 2987 1244 3054 publici

219 3067 393 3133 gratia.

292 3140 427 3195 VIL'
459 3162 501 3194 r.
547 3146 685 3195 Nune
724 3146 891 3197 νεπίο.
931 3149 1111 3195 Orator
1138 3145 1238 3205 jam

221 3227 422 3275 alteram
464 3228 698 3275 orationis
740 3237 925 3292 partem
947 3260 964 3286 ,
1000 3242 1089 3273 uec
1133 3241 1238 3272 eam

220 3305 412 3353 minimi
431 3307 660 3352 momenti
685 3305 978 3369 aggreditur.
1005 3304 1237 3353 Caesarem

221 3387 291 3433 ita
325 3394 526 3442 mouet,
565 3396 619 3432 ut
646 3386 758 3432 vitae
785 3401 884 3432 ωε
913 3383 1159 3440 consulat,
1183 3392 1240 3429 ut

221 3462 370 3510 etiam
397 3461 646 3525 quomodo
674 3462 755 3510 illa
788 3465 853 3510 sit
886 3463 1120 3511 utendum
1156 3460 1240 3508 de-

220 3551 482 3588 monstret.
533 3542 705 3589 Patriae
748 3542 931 3589 arbitro
974 3538 1240 3605 reparanda

219 3619 342 3667 belli
386 3619 622 3681 vulnera,
680 3620 974 3669 restituenda
1022 3620 1239 3681 judicia,

220 3698 499 3745 revocanda
525 3697 676 3757 fides,
711 3699 986 3762 castiganda
1021 3699 1242 3755 licentia,

222 3793 335 3841 quae
382 3776 600 3839 undique
630 3777 850 3826 invaluit.
881 3778 998 3825 Nou
1028 3774 1099 3825 illi
1128 3776 1244 3825 satis

222 3866 297 3903 est
337 3854 551 3902 infensos
588 3855 680 3902 sibi
719 3856 919 3914 vicisse3
961 3858 1113 3916 majus
1146 3855 1233 3903 ali·

1329 2448 1516 2501 partem
1566 2447 1695 2485 totus
1735 2438 1971 2486 incumbit
2011 2448 2206 2495 orator,
2242 2439 2347 2485 haee

1331 2526 1432 2562 tota
1457 2515 1747 2578 eloquentia.-
1773 2517 1821 2562 vi
1846 2516 1996 2580 agitat
2026 2528 2073 2564 et
2100 2518 2344 2580 persequi·

1328 2604 1424 2642 tur.
1451 2596 1575 2657 Quoe
1600 2595 1642 2641 si
1670 2594 1778 2656 quis
1807 2604 1987 2641 attente
2010 2594 2345 2658 perpenderit,

1327 2670 1369 2719 is
1418 2684 1579 2730 certe,
1618 2673 1842 2736 labar-pe
1885 2683 2084 2720 auctore
2106 2703 2122 2727 ‚
2179 2671 2346 2719 dicet:

1341 2752 1572 2798 «Siccine
1609 2751 1829 2815 loquitur
1863 2749 2088 2799 adulator
2126 2760 2209 2797 aut
2247 2766 2345 2797 ser·

1330 2825 1459 2878 vus?
1502 2832 1659 2877 Immo
1691 2830 1846 2876 virum
1884 2829 2132 2876 audiamus
2175 2830 2344 2893 patriae

1331 2909 1594 2956 utilitatum
1623 2908 1891 2956 studiosum
1910 2942 1924 2965 ,
1943 2919 1999 2956 ut
2021 2909 2220 2956 Coesaris
2244 2909 2339 2955 vir-

1333 2987 1521 3035 tutibus
1539 3020 1555 3045 ,
1586 2986 1654 3034 ita
1690 2987 1972 3052 reipublicae
1993 2989 2145 3048 justas
2176 2986 2343 3047 laudes

1335 3065 1656 3125 tribuentem3
1683 3067 1767 3129 qui
1797 3067 1910 3113 dum
1942 3078 2150 3131 tyranno
2175 3076 2349 3131 poten-

1328 3146 1406 3193 tiae
1431 3159 1572 3192 nsum
1603 3144 1896 3207 gratulatur,
1920 3145 2140 3193 eumdem
2176 3146 2346 3192 admo-

1326 3234 1411 3272 net
1426 3224 1553 3270 bane
1574 3238 1675 3269 esse
1698 3223 1885 3285 legibus
1903 3224 2280 3271 submittendam
2296 3245 2342 3273 ιι.

1395 3318 1445 3351 a.
1475 3300 1745 3365 Querelam.
1771 3301 2086 3363 Qnerelarum
2112 3319 2302 3350 causam
2323 3337 2340 3363 ,

1326 3392 1375 3429 et
1393 3380 1699 3444 suspicionis,
1719 3396 1863 3444 quam
1890 3381 2196 3445 provisurum
2208 3417 2222 3440 ,
2242 3382 2345 3430 sive

1326 3460 1406 3507 cui
1426 3475 1738 3506 occursurum
1757 3459 1967 3523 spondet
1990 3475 2039 3507 se
2058 3471 2239 3509 orator.

1400 3540 1451 3589 3.
1491 3540 1676 3587 Nostra
1719 3539 1882 3587 cautio
1926 3552 2012 3588 est.
2054 3539 2347 3587 Ostendebat

1329 3622 1561 3666 Faemum
1599 3620 1828 3684 repetitio
1864 3618 2077 3680 ejusdem
2114 3617 2344 3665 vocabuli

1330 3698 1492 3746 enutio
1513 3716 1534 3755 ,·
1556 3699 1705 3748 babet
1729 3707 1888 3746 autem
1914 3697 2164 3762 emphasin
2183 3708 2231 3743 et
2253 3696 2349 3742 ele-

1332 3779 1540 3841 gantiam
1583 3777 1774 3824 iteratio
1816 3777 1919 3823 baec
1940 3811 1955 3834 ‚
1989 3792 2133 3839 quam
2161 3784 2344 3822 orator

1318 3857 1460 3920 pouit
1473 3856 1525 3901 iu
1540 3856 1773 3902 orationis
1792 3855 2072 3903 luminibus.
2088 3856 2223 3900 Orat.
2251 3855 2315 3917 39
2331 3878 2350 3924 3

221 3933 344 3997 quid
386 3943 435 3980 et
475 3934 688 3982 nobilius
735 3948 864 3999 opus
904 3945 1146 4000 superest,
1177 3944 1236 3981 ut
1321 3935 1494 3983 Partit.
1522 3944 1645 3983 orat.
1676 3935 1757 3991 15,
1785 3944 1833 3981 et
1855 3934 2063 3997 Quintil.
2089 3936 2143 3992 1,
2166 3949 2228 3995 9,
2254 3935 2305 3983 3.

223 4028 391 4077 pacem
418 4022 467 4060 et
498 4014 676 4073 justam
714 4013 993 4077 reipublicae
1033 4014 1235 4061 formam

223 4092 492 4140 constituat
510 4126 527 4150 ,
544 4102 599 4140 ut
629 4092 847 4155 placidos
879 4104 928 4140 et
953 4092 1239 4158 tranquillos

227 4170 332 4220 dies
365 4181 439 4225 tot
483 4171 699 4219 victoriis
740 4172 978 4236 imponat.
1018 4174 1077 4219 In
1110 4172 1239 4221 bane

1397 4022 1447 4069 4.
1470 4014 1544 4059 De
1564 4012 1760 4060 tuisne?
1778 4011 1892 4060 Tibi
1913 4013 2132 4076 suspicio
2159 4023 2245 4060 est.

1398 4093 1447 4139 5.
1470 4094 1595 4138 Sunt
1619 4091 1707 4137 tui.
1732 4092 1848 4139 Nou
1873 4102 1944 4138 est
1975 4090 2206 4138 credibile
2232 4089 2348 4136 insi-

1328 4170 1561 4219 diatorem
1590 4170 1879 4218 exstiturum
1905 4170 2035 4217 iuter
2067 4185 2155 4216 eos
2185 4168 2271 4231 qui
2299 4168 2352 4216 iu
