2994 4778
642 421 1025 492 onA‘no
1074 423 1273 491 PRo
1323 424 1420 497 M.
1470 424 1867 494 coemo,
2188 433 2318 527 193

206 544 411 612 etiam
446 566 486 611 a
524 545 986 613 conscientiae
1029 541 1438 638 suspicione
1489 538 1762 613 abfuit?
1805 559 1915 633 et,
1952 548 2010 616 si
2056 552 2320 623 Ascitio

211 676 410 724 causa
442 653 615 750 plus
649 651 968 751 profuit,
1001 675 1216 748 quam
1257 653 1507 721 nocuit
1547 651 1844 740 invidia,
1888 653 2054 726 huic
2089 659 2325 732 oberit

214 774 402 832 tuum
450 761 960 846 maledictum,
1001 762 1127 855 qui
1170 761 1372 830 istius
1420 756 1586 830 facti
1636 786 1787 831 non
1834 762 2053 835 modo
2095 774 2323 868 suspi-

214 872 406 941 cione
428 924 447 956 ‚
485 868 619 941 sed
651 894 745 939 ne
779 868 1068 940 infamia
1102 868 1392 965 quidem
1431 883 1541 939 est
1577 868 2003 967 adspersus?
2041 880 2129 945 At
2155 901 2325 974 prae-

212 980 637 1050 varicatione
687 991 794 1049 est
850 980 1152 1048 Ascitius
1202 976 1543 1048 liberatus
1566 975 1617 1048 ³.
1673 979 2006 1054 Perfacile
2057 999 2163 1055 est
2216 991 2323 1059 isti

207 1087 354 1159 loco
400 1086 891 1186 respondere,
948 1087 1121 1158 mihi
1180 1089 1607 1184 praesertim,
1660 1112 1700 1158 a
1755 1114 1903 1185 quo
1953 1092 2071 1163 illa
2120 1119 2330 1168 causa

209 1197 496 1269 defensa
538 1212 667 1269 est.
701 1197 839 1295 ¹Sed
882 1196 1150 1267 Coelius
1192 1197 1540 1292 optimam
1579 1219 1859 1268 causam
1899 1202 2137 1272 Ascitii
2180 1228 2332 1277 esse

210 1308 638 1393 arbitratum
680 1305 1077 1402 cujusmodi
1117 1320 1354 1375 autem
1396 1308 1526 1389 sit,
1568 1333 1608 1375 a
1645 1330 1770 1376 sua
1808 1323 2011 1406 putat
2050 1336 2202 1383 esse
2234 1339 2337 1385 se-

208 1418 559 1513 junctam;
596 1441 833 1513 neque
856 1416 1090 1486 solum
1123 1414 1392 1485 Coelius
1411 1468 1431 1501 ,
1462 1413 1584 1483 secl
1608 1418 1820 1486 etiam
1849 1418 2336 1495 adolescentes

215 1527 710 1598 humanissimi
758 1541 827 1597 et
873 1525 1303 1611 doctissimi,
1354 1525 1757 1596 rectissimis
1808 1528 2063 1600 studiis
2117 1546 2333 1629 atque

215 1639 504 1735 optimis
542 1635 818 1707 artibus
850 1634 1164 1732 praediti,
1201 1637 1400 1703 Titus
1433 1635 1789 1731 Gaiusque
1820 1642 2122 1737 Coponii
2153 1668 2167 1709 :
2210 1645 2337 1739 qui

216 1770 290 1817 ex
330 1746 678 1818 omnihus
725 1748 1032 1816 maxime
1076 1746 1331 1814 Dionis
1382 1760 1687 1815 mortem
1736 1747 2163 1839 doluerunt;
2208 1756 2336 1850 qui

219 1881 431 1951 quum
466 1855 814 1927 doctrinae
842 1854 1127 1925 studio‘·
1160 1868 1375 1949 atque
1408 1853 1899 1945 humanitatiS,
1935 1874 2089 1930 tum
2120 1866 2331 1935 etiam

220 1964 526 2064 hospitio
562 1966 815 2036 Dionis
851 1962 1301 2035 tenebantur.
1335 1961 1714 2034 Habitabat
1743 1967 1800 2036 is
1830 1967 2020 2065 apud
2052 1974 2126 2039 L.
2155 1976 2335 2043 Luc-

218 2079 477 2160 ceium,
527 2089 608 2145 ut
661 2068 1055 2157 audistis⁵;
1116 2061 1345 2142 fuerat
1398 2073 1461 2141 ei
1512 2075 1839 2169 cognitus
1870 2075 2329 2151 Alexandriae.

221 2185 399 2273 Quid
435 2200 565 2256 aut
601 2184 758 2270 hic,
791 2198 916 2253 aut
955 2205 1237 2251 summo
1283 2180 1666 2278 splendore
1703 2185 2081 2280 praeditus,
2117 2186 2333 2261 frater

225 2295 401 2387 ejus,
452 2295 545 2367 de
606 2299 704 2365 M.
768 2292 996 2362 Coelio
1048 2293 1445 2376 existimet,
1495 2316 1583 2360 ex
1628 2294 1841 2389 ipsiS,
1892 2295 1947 2363 si
1999 2298 2331 2393 producti

228 2420 456 2490 erunt,
493 2404 819 2476 audietis.
857 2407 1044 2498 Ergo
1073 2402 1222 2472 haec
1249 2417 1778 2494 removeantur,
1807 2418 1885 2474 ut
1912 2406 2331 2503 aliquande,

219 2514 297 2582 in
333 2514 581 2609 quibus
627 2538 839 2585 causa
877 2513 1166 2595 nititur,
1216 2510 1304 2581 ad
1347 2535 1429 2582 ea
1469 2516 1860 2582 veniamus

317 2629 422 2694 XI.
443 2623 920 2695 Animadverti
955 2623 1143 2691 enim
1164 2676 1182 2708 ,
1202 2620 1513 2715 judiceS,
1542 2622 1771 2692 audiri
1799 2647 1838 2691 a
1859 2623 2066 2696 vobis
2086 2652 2325 2699 meum

219 2731 664 2823 familiarem,
713 2739 792 2804 L.
846 2734 1332 2818 Herennium,
1390 2731 1815 2829 p'erattente.
1873 2738 1952 2803 In
2000 2760 2150 2831 quo
2197 2743 2329 2810 etsi

216 2867 462 2941 magna
501 2871 588 2916 ex
622 2859 826 2941 parte
873 2843 1162 2939 ingenio
1195 2842 1385 2935 ejuS,
1418 2857 1489 2913 et
1527 2841 1809 2912 dicendi
1843 2869 2104 2940 genere
2136 2874 2325 2945 quo-

210 2953 374 3024 dam
427 2953 904 3039 tenebamini,
949 2967 1185 3021 tamen
1243 2975 1790 3047 nonnumquam
1843 2953 2175 3042 verebar,
2234 2984 2326 3027 nc

211 3062 324 3133 illa
365 3061 716 3133 subtiliter
750 3061 840 3133 ad
884 3059 1407 3131 criminandum
1447 3059 1737 3130 inducta
1774 3065 2015 3132 oratio·
2043 3064 2132 3133 ad
2170 3070 2325 3136 ani-

273 3279 322 3326 3.
371 3281 438 3323 Ae
463 3277 872 3341 proevaricaeione
904 3287 975 3324 est
1012 3274 1224 3322 Aseieim
1313 3289 1475 3321 earnm
1507 3273 1664 3320 studia
1698 3274 1825 3323 feroc
1854 3292 2143 3342 asperosque
2173 3298 2331 3331 mores

206 3357 453 3405 liberatus.
484 3359 629 3405 Hunc
655 3356 828 3405 Ascitii
864 3363 1189 3402 accusatorem
1208 3384 1224 3411 ,
1313 3351 1377 3399 ad
1430 3352 1769 3401 humanitatem
1821 3365 1869 3401 et
1921 3360 2330 3411 mansuetudinem

207 3438 279 3482 em·
303 3436 644 3499 prevaricatio
667 3435 763 3482 fnit
781 3431 969 3497 objecta
984 3466 999 3489 ‚
1027 3432 1228 3479 Calvum
1316 3430 1586 3479 traducant.

207 3513 336 3561 illum
376 3525 620 3562 oratorem
673 3512 1037 3560 celeberrimum
1080 3510 1224 3557 fnisse

210 3604 393 3641 constat
421 3610 479 3640 ex
499 3602 629 3641 auct.
655 3591 771 3640 dial.
805 3590 865 3638 de
890 3592 1086 3636 Orator.
1110 3604 1221 3652 cap.

209 3687 265 3717 ar
282 3673 404 3734 ,ubi
430 3673 532 3719 haee
555 3671 811 3735 leguntur:
839 3691 860 3711 ι
877 3670 1071 3731 Quotus
1093 3667 1223 3714 enim

207 3751 410 3813 quiailue
460 3750 598 3798 Calvi
645 3751 698 3796 in
747 3748 1005 3804 Accitium,
1051 3733 1136 3794 aut
1172 3747 1223 3793 iu

205 3830 422 3876 Drusum
443 3828 560 3890 legit
573 3829 596 3874 Ρ
609 3850 633 3868 n

273 3918 319 3963 4.
377 3906 626 3953 Docoeinae
670 3904 847 3953 studio.
900 3902 1225 3966 Philosophia

203 3985 539 4041 Academica,
581 4001 672 4047 qna
714 3984 810 4031 Dio
843 3981 1126 4031 excellebat.
1156 4008 1225 4017 —

200 4069 365 4128 Aeque
380 4061 716 4112 humanitatis.
733 4062 1059 4126 Elegantiorea
1077 4060 1226 4108 litere

196 4140 723 4191 humanitatisnomine
733 4139 1079 4203 significantiam
1092 4138 1225 4202 quod

405 4230 496 4298 V.
550 4245 635 4289 Cic.
652 4259 761 4308 pars
779 4242 987 4290 secunda.

1383 3509 1430 3556 5.
1464 3507 1623 3570 Apud
1649 3511 1698 3556 1..
1719 3511 2000 3570 Lucceium,
2025 3526 2079 3561 nt
2101 3518 2325 3569 audam).

1311 3585 1391 3634 Ad
1421 3603 1566 3649 quem
1601 3588 1850 3636 Ciceronis
1886 3603 2074 3640 exatam
2105 3597 2321 3660 epistolia

1308 3664 1396 3713 lib.
1423 3668 1484 3713 V.
1529 3665 1664 3713 Idem
1705 3667 1784 3714 hic
1826 3669 1949 3717 infra
1993 3687 2163 3736 magna
2210 3693 2321 3724 cnm

1309 3742 1449 3790 laude
1467 3745 1759 3792 nominatur.
1772 3747 1899 3794 Nota
1914 3751 2322 3810 quemadmodum

1310 3833 1504 3882 orator,
1533 3825 1617 3885 qui
1657 3833 1908 3888 tantopere
1943 3827 2323 3880 adversariorum

1311 3910 1454 3948 testes
1475 3900 1538 3948 ab
1557 3900 1867 3960 obscuritate,
1887 3903 2104 3965 levitate,
2129 3910 2328 3974 ignobi-

1311 3979 1444 4025 litate
1473 3977 1798 4043 depresserat,
1836 3998 2032 4032 auorum
2079 3991 2272 4037 testium
2301 4009 2327 4036 a

1312 4056 1507 4113 studiis,
1528 4057 1847 4119 humanitate,
1869 4061 2125 4124 splendore
2158 4067 2330 4130 ampli-

1314 4135 1427 4185 ficet
1450 4136 1745 4199 dignitatem.

1963 4225 2042 4291 13
2109 4185 2115 4192 ·
