2994 4778
689 459 1071 527 ORATIO
1123 460 1327 525 PRO
1371 458 1449 526 P.
1502 458 1902 524 SEXTIO.
2232 474 2352 519 121

253 581 624 663 Liciniam,
672 579 961 648 suniam
1003 576 1454 672 cuntempsit.
1518 576 1841 645 Etiamne
1881 574 2035 668 ejus
2062 628 2082 662 ,
2141 596 2361 671 quem

256 715 370 761 sua
401 689 553 784 lege
602 702 676 758 et
716 711 848 757 suo
881 685 1239 757 beneficio
1282 698 1656 769 ornatum,
1705 683 2097 770 munitum,
2132 706 2362 752 arma-

253 814 385 870 tum
431 795 627 869 solet
682 796 971 894 gloriari
998 792 1087 882 ¹⁸,
1146 800 1227 866 C.
1268 797 1558 865 Caesaris
1620 793 1851 889 legem
1905 790 2015 860 de'
2045 791 2366 887 pecuniis

247 907 661 1006 repetundis
679 931 826 976 non
858 920 1064 1004 putat
1091 930 1242 978 esse
1267 905 1546 1002 legem?
1575 909 1666 974 Et
1691 903 1934 989 aiunt,
1963 899 2143 971 alios
2172 923 2322 970 esse
2344 954 2364 987 ,

243 1023 358 1113 qui
392 1031 556 1087 acta
596 1016 891 1086 Caesaris
931 1013 1373 1101 rescindant,
1415 1038 1644 1110 quum
1690 1011 1842 1082 haec
1892 1010 2169 1107 optima
2222 1008 2367 1095 lex,

241 1147 305 1206 et
329 1133 423 1203 ab
451 1132 586 1203 illo
617 1156 872 1204 socero
910 1130 1096 1226 ejus,
1132 1146 1204 1202 et
1245 1129 1335 1201 ab
1371 1130 1511 1201 hoc
1545 1128 1805 1201 assecla
1826 1124 1894 1186 ⁷¹9
1932 1125 2372 1223 negligatur?

325 1247 417 1313 Et
460 1241 836 1313 cohortari
878 1264 1092 1312 ausus
1130 1255 1237 1312 est
1272 1256 1642 1312 accusator
1680 1241 1751 1310 in
1790 1238 1922 1309 hae
1957 1260 2170 1309 causa
2208 1258 2371 1319 vos,

237 1350 546 1446 judiceS,
587 1366 672 1422 ut
708 1350 1095 1449 aliquando
1133 1352 1380 1423 essetis
1418 1351 1685 1437 severi,
1728 1344 2119 1444 aliquando
2157 1342 2373 1415 medi-

242 1463 472 1533 cinam
510 1459 955 1533 adhiberetis
1009 1460 1446 1559 reipublicae.
1501 1463 1667 1531 Non
1705 1473 1810 1529 est
1855 1483 1940 1529 ea
1978 1455 2368 1541 medicina,

243 1597 463 1668 quum
503 1597 697 1643 sanae
717 1572 905 1669 parti
924 1572 1247 1669 corporis
1268 1570 1688 1669 scalpellum
1717 1566 2127 1653 adhibetur,
2150 1579 2372 1661 atque
2398 1554 2411 1567 ⁹

245 1684 532 1780 integrae
571 1710 590 1752 ε
628 1679 1041 1753 carnificina
1068 1696 1177 1753 est
1206 1683 1367 1769 ista,
1394 1696 1467 1753 et
1497 1678 1901 1752 crudelitas.
1951 1679 2042 1748 Hi
2074 1675 2370 1747 meden-

227 1808 359 1897 Jur
407 1791 870 1890 reipublicae,
932 1794 1060 1889 qui
1108 1808 1442 1864 exsecant
1482 1806 1757 1890 pestem
1793 1790 2143 1887 aliquam,
2191 1801 2370 1857 tam-

250 1926 457 1997 quam
495 1912 928 1971 strumam²0
964 1903 1282 1972 civitatis.

335 2015 558 2085 LXV.
605 2009 777 2099 Sed,
799 2025 881 2081 ut
905 2022 924 2056 ¹
948 2025 1344 2082 extremum
1362 2010 1621 2082 habeat
1640 2009 1908 2116 aliquid
1936 2008 2164 2080 oratio
2195 2010 2374 2090 inea,

252 2138 318 2194 et
362 2137 448 2194 ut
488 2146 628 2218 ego
671 2136 837 2193 ante
887 2120 1175 2193 dicendi
1233 2120 1454 2193 finem
1494 2120 1785 2209 faciam,
1832 2144 2048 2218 quam
2091 2142 2215 2188 vos
2259 2112 2374 2186 me

255 2245 391 2303 tam
413 2246 696 2305 attente
715 2230 1092 2318 audiendi,
1113 2230 1541 2302 concludam
1565 2230 1743 2301 illud
1772 2230 1862 2301 de
1890 2225 2377 2328 optimatibuS,

263 2365 655 2441 eorumque
711 2340 1189 2440 principibuS,
1241 2366 1324 2413 ac
1371 2340 1783 2441 reipublicae
1835 2336 2378 2423 defensoribus3

268 2477 522 2551 vosque
550 2507 574 2540 ,
619 2452 1150 2542 adolescentes,
1186 2468 1258 2525 et
1296 2455 1423 2550 qui
1467 2451 1749 2524 nobiles
1775 2454 1985 2537 estis,
2020 2450 2107 2521 ad
2148 2448 2377 2543 majo·

266 2588 420 2634 rum
463 2577 778 2635 vestrum
815 2563 1283 2634 imitationem
1316 2561 1680 2649 excitabo,
1716 2574 1787 2632 et
1814 2562 1937 2656 qui
1980 2558 2269 2654 ingenio
2308 2569 2379 2627 et

265 2673 519 2744 virtute
560 2670 1016 2745 nobilitatem
1058 2675 1355 2770 potestis
1399 2656 1792 2768 consequi,
1838 2668 1927 2740 ad
1964 2692 2122 2739 eam
2158 2669 2379 2738 ratio-

261 2807 460 2870 nem,
497 2783 578 2853 in
617 2807 763 2879 qua
789 2781 999 2852 multi
1032 2782 1358 2854 homines
1388 2784 1602 2854 novi²
1633 2796 1706 2853 et
1745 2780 2025 2851 honore
2057 2792 2129 2848 et
2159 2776 2385 2874 gloria

261 2891 704 2976 floruerunt,
737 2888 1198 2962 cohortabor.
1227 2898 1389 2962 Haec
1420 2908 1522 2963 est
1553 2917 1697 2965 una
1725 2892 1860 2978 via,
1886 2889 2062 2962 mihi
2090 2887 2387 2972 credite,

258 3015 325 3070 et
375 2997 647 3085 laudiS,
689 3014 760 3070 et
794 2999 1193 3095 dignitatis,
1229 3016 1301 3072 et
1334 3002 1627 3072 honoris
1653 3054 1671 3083 ,
1710 3026 1749 3071 a
1785 2999 1997 3071 bonis
2030 3003 2196 3070 viris
2218 3053 2237 3085 ,
2275 3023 2387 3067 sa-

259 3105 669 3205 pientibus,
722 3122 797 3178 et
831 3107 1018 3180 bene
1059 3125 1315 3182 natura
1355 3111 1801 3196 constitutis,
1852 3107 2122 3193 laudari
2166 3106 2387 3179 etdi-

334 3318 420 3365 18.
456 3318 714 3363 Armorum
741 3316 865 3363 solet
896 3317 1121 3381 gloriari.
1159 3320 1286 3366 'Vere
1445 3319 1598 3367 va.
1628 3332 1673 3368 ι.
1698 3317 1816 3376 Sed,
1840 3329 1907 3368 ue.
1934 3318 2029 3367 nie
2054 3316 2273 3366 omnium
2299 3315 2392 3363 sibi

262 3395 587 3459 gloriabatur:
614 3410 727 3442 uam
764 3395 810 3442 ei
846 3396 1051 3444 Galliam
1083 3397 1289 3461 Cisalpi-
1375 3398 1562 3446 animos
1628 3396 1859 3446 conciliat
1922 3407 2122 3459 oratorg
2178 3394 2392 3444 ostendit

262 3492 372 3523 unm
424 3491 537 3522 cum
582 3474 757 3538 myrin
806 3476 858 3522 in
902 3478 1287 3541 quinquennium
1374 3492 1549 3541 nempe
1576 3477 1810 3540 gratiosos
1837 3478 2024 3541 populo
2052 3478 2184 3524 cives
2213 3474 2360 3524 suine
2378 3508 2393 3532 ,

263 3555 362 3620 lege
385 3556 486 3604 hta
516 3555 734 3604 dederat.
1376 3557 1461 3618 qui
1487 3567 1679 3605 senatus
1704 3555 2037 3604 auctoritatem
2061 3555 2192 3603 sicut
2220 3564 2268 3601 et
2294 3568 2388 3616 po·

335 3652 419 3698 ¹9·
445 3634 667 3683 Auecla.
692 3635 774 3686 Al.
793 3637 1033 3686 assecula.
1061 3636 1285 3686 Vatiniu-
1374 3635 1479 3699 puli
1504 3635 1773 3684 libertatem
1799 3634 2118 3682 defenderint.
2139 3636 2254 3696 Quo
2279 3631 2392 3696 qui-

271 3712 319 3760 iu
335 3714 587 3762 tribunatu
611 3714 845 3777 pecuniae
860 3713 1164 3777 iniquissime
1174 3731 1285 3764 coe·
1373 3713 1482 3761 dem
1490 3714 1699 3763 artificio
1711 3713 1941 3763 invidiam
1956 3714 2258 3776 exstinguere
2272 3709 2391 3758 milii

276 3792 364 3854 git,
397 3805 570 3842 eontra
607 3792 761 3857 legem
808 3793 870 3841 de
909 3794 1190 3858 repetundis
1225 3810 1286 3843 eo
1373 3793 1588 3852 videtur,
1617 3795 1761 3857 quam
1790 3810 1850 3841 ex
1876 3793 2021 3856 long·
2041 3791 2246 3839 nimium
2272 3801 2392 3855 que-

277 3870 376 3934 ipen
389 3889 517 3921 euno
540 3889 568 3920 e
587 3873 791 3921 consule
811 3874 997 3921 cam-e
1015 3884 1249 3937 rogatam.
1374 3872 1473 3920 tela
1489 3871 1734 3921 concitare
1750 3871 2003 3935 potuisset.

344 3966 418 4000 ao.
470 3955 751 4016 Tamquam
793 3962 1027 3998 strumam
1065 3951 1290 4000 civitatis.
1449 3966 1505 3998 a.
1551 3950 1777 3997 Homines
1818 3950 1943 3999 novi.
1987 3950 2087 4014 Qui
2123 3950 2253 4015 genti
2293 3963 2394 3996 sue

274 4031 558 4094 Frequenter
585 4032 641 4078 in
658 4030 848 4090 Vatinii
874 4043 1078 4079 strumas
1114 4044 1187 4080 est
1208 4034 1290 4094 io·
1381 4028 1682 4078 nobilitatem
1733 4028 1991 4077 virtutibus
2050 4029 2149 4078 suis
2201 4043 2401 4093 pepere-

273 4118 422 4173 eetm,
464 4111 516 4158 in
569 4110 794 4157 oratioue
841 4111 1106 4174 presertim
1151 4126 1291 4175 quam
1380 4119 1496 4157 mut
1512 4145 1526 4168 ,
1565 4120 1614 4158 et
1653 4109 1797 4173 primi
1841 4108 2032 4158 curules
2079 4118 2192 4156 sunt
2233 4104 2400 4168 adepti

275 4200 427 4237 ooutta
452 4191 589 4238 huuc
613 4188 802 4236 habuit.
1383 4190 1703 4255 magistratus.

2378 4323 2407 4363 1
