2994 4778
617 446 1001 515 ORATIO
1050 449 1253 518 PRO
1302 452 1397 519 Μ.
1454 451 1832 520 COELIO.
2157 476 2284 547 197

177 570 349 639 bare
390 592 472 639 ex
524 570 894 638 communi
948 568 1235 640 infamia
1271 569 1717 666 juventutis⁶
1762 570 2067 668 aliquam
2107 577 2286 645 iuvi-

183 679 366 749 diam
411 678 639 748 Coelio
690 676 871 747 velle
922 678 1251 749 conflare.
1301 683 1554 775 Itaque
1596 704 1813 750 omne
1857 679 2030 750 illud
2073 683 2282 754 silen-

184 791 388 874 tium,
426 786 628 884 quod
686 801 791 857 est
841 788 1146 857 orationi
1186 789 1539 860 tributum
1583 804 1759 876 tute,
1807 787 1943 859 fuit
1990 789 2086 861 ob
2131 817 2287 862 eam
2358 860 2370 878 ,

185 922 451 968 causam
483 952 503 981 ,
548 896 785 993 quod,
833 922 981 967 uno
1016 922 1143 967 reo
1182 900 1591 995 proposito,
1627 897 1719 968 de
1757 898 2149 968 multorum
2186 903 2291 969 vi-

184 1009 285 1077 tiis
320 1005 814 1104 cogitabamus
833 1017 884 1074 ⁷.
926 1007 1151 1078 Facile
1185 1023 1289 1078 est
1323 1033 1653 1079 accusare
1688 1009 2069 1079 luxuriem.
2118 1010 2291 1079 Dies

177 1118 306 1209 jam
345 1141 468 1187 me
507 1114 823 1202 deficiat,
861 1117 953 1202 si,
991 1141 1152 1213 quae
1190 1118 1328 1205 dici
1366 1121 1438 1187 in
1476 1142 1628 1188 eam
1671 1119 2093 1188 sententiam
2128 1141 2291 1214 pos-

184 1242 333 1296 sunt
352 1281 371 1311 ,
408 1250 634 1296 coner
655 1249 1108 1322 expromere:
1138 1225 1228 1297 de
1256 1226 1683 1323 corruptelis
1702 1223 1758 1312 ⁸,
1787 1224 1876 1296 de
1905 1224 2292 1311 adulteriis»,

186 1335 257 1405 de
293 1334 837 1432 protervitate&
888 1333 977 1403 de
1022 1335 1469 1433 sumptibuS,
1513 1338 1857 1406 immensa
1895 1337 2124 1405 oratio
2166 1351 2292 1406 est.

189 1449 262 1515 Ut
288 1443 426 1515 tibi
470 1468 675 1515 reum
721 1445 1079 1513 neminem
1106 1453 1193 1528 ¹⁰,
1232 1445 1355 1515 sed
1395 1447 1558 1515 vitia
1602 1469 1963 1541 proponas
1989 1500 2008 1529 ,
2045 1470 2157 1516 res
2194 1461 2294 1516 ta-

189 1579 331 1626 men
379 1558 533 1652 ipsa
573 1569 646 1625 et
685 1557 1004 1651 copiose,
1047 1569 1119 1625 et
1155 1557 1463 1651 graviter
1497 1557 1810 1625 accusari
1854 1569 2112 1651 potest.
2152 1554 2287 1625 Sed

191 1677 422 1733 vestrae
476 1664 837 1761 sapientiae
890 1677 1035 1745 est,
1083 1663 1398 1757 judices,
1464 1688 1611 1734 non
1672 1662 1929 1735 abduci
1982 1662 2073 1733 ab
2124 1688 2289 1751 reo;

190 1795 342 1850 nec,
379 1797 566 1867 quos
601 1772 883 1841 aculeos
916 1771 1175 1842 habeat
1200 1774 1532 1843 severitas
1560 1774 2007 1869 gravitasque
2034 1787 2290 1854 vestra,

191 1904 393 1975 quum
469 1907 595 1952 eos
653 1895 1021 1952 accusator
1082 1884 1386 1953 erexerit
1443 1884 1518 1952 iu
1581 1906 1775 1966 rem,
1832 1884 1903 1951 in
1964 1883 2165 1965 vitia,
2217 1884 2288 1951 in

195 2014 450 2078 more5‚
510 1993 581 2061 in
638 2006 1000 2088 tempora,
1065 1994 1388 2062 emittere
1437 1995 1513 2061 iu
1565 1991 1934 2062 hominem
1968 2003 2024 2036 ¹¹
2091 2006 2164 2063 et
2214 1994 2291 2062 in

193 2120 373 2169 reum
403 2129 417 2170 :
460 2125 691 2197 quum
720 2102 779 2169 is
806 2125 954 2170 non
989 2125 1122 2171 suo
1153 2103 1449 2171 crimine
1474 2157 1495 2184 ,
1537 2100 1659 2171 sed
1691 2100 2083 2170 multorum
2117 2102 2313 2170 vitio,

195 2207 375 2278 sitin
426 2208 798 2305 quoddam
844 2209 1090 2279 odium
1138 2212 1485 2304 injustum
1528 2223 1841 2280 vocatuS.
1902 2214 2151 2305 Itaque
2189 2235 2292 2281 se-

197 2321 447 2388 veritati
493 2334 664 2406 tuae,
704 2333 786 2389 ut
811 2334 1135 2416 oportet,
1161 2321 1256 2392 ita
1291 2320 1798 2418 respondere¹²
1835 2344 1983 2391 nou
2019 2320 2288 2392 audeo:

197 2441 338 2496 erat
359 2432 534 2498 euim
564 2454 834 2512 meum,
861 2429 1222 2527 deprecari
1248 2428 1753 2501 vacationem¹³
1782 2430 2294 2515 adolescentiae,

195 2540 604 2635 veniamque
652 2554 949 2635 petere:
1006 2566 1193 2628 non,
1239 2542 1579 2637 inquam,
1635 2537 1902 2625 aude03
1954 2537 2294 2636 perfugiis

186 2754 345 2805 ctoero
378 2759 498 2805 infra
535 2775 644 2822 etp.
691 2729 791 2806 t8:
830 2781 854 2800 ιι
884 2760 1058 2807 Vincat
1098 2759 1186 2806 att-

186 2835 368 2897 quaudo
394 2837 660 2901 cupiditas,
691 2838 1007 2902 voluptasque.
1039 2838 1187 2885 ratio·

1276 2760 1369 2816 tia,
1411 2759 1568 2821 qualis
1604 2774 1706 2805 esse
1742 2757 1867 2804 solet
1904 2756 1955 2803 in
1998 2753 2299 2819 pecudibus,

1276 2836 1390 2884 dum
1415 2837 1680 2900 cupiditate
1701 2846 1978 2893 aestuautes,
2004 2835 2148 2882 obvia
2166 2850 2293 2898 quae·

183 2929 309 2972 netu,
352 2915 620 2964 dummodo
663 2917 745 2966 illa
782 2917 832 2964 in
878 2917 974 2964 boc
1018 2932 1190 2980 genere

182 2994 475 3057 prescriptio
488 3030 502 3052 ,
519 2995 887 3059 moderatioque
915 3007 1132 3043 teneatur
1147 3016 1188 3042 υ.

181 3071 286 3118 flac
319 3089 347 3119 ι
386 3074 599 3122 moribus
629 3077 807 3123 uostris
836 3074 979 3137 longe
1008 3075 1187 3130 abbor-

181 3161 292 3197 rust.

238 3228 286 3276 6.
322 3231 615 3280 Iuventutis.
663 3233 718 3280 td
754 3243 824 3280 est
842 3267 856 3289 ,
883 3235 1190 3294 juveututum

178 3304 448 3357 geues-nim.

241 3395 284 3437 7.
312 3381 389 3424 De
405 3381 666 3427 multorum
682 3381 821 3428 mitiis
842 3382 1188 3445 cogitabamus.

178 3454 228 3500 Id
243 3468 345 3512 est,
373 3469 464 3504 tua
486 3459 644 3505 oratio
668 3459 813 3506 uobis
832 3459 883 3506 iu
911 3460 1189 3507 memoriam

179 3536 427 3583 mombar
453 3536 678 3599 publicos
704 3537 950 3586 dissoluta·
963 3540 1191 3599 juveutu-

178 3611 232 3659 tis
254 3629 446 3672 nores,
483 3627 531 3662 et
564 3627 741 3664 statum
776 3618 924 3664 totius
950 3618 1190 3679 eivitatis;

177 3691 254 3736 sed
269 3695 386 3754 quid
406 3695 519 3740 baee
532 3694 598 3744 ad
618 3695 825 3743 Coelium
844 3706 1063 3759 spectent
1078 3696 1100 3741 Ρ

243 3771 288 3817 ⁸.
326 3775 403 3819 De
429 3775 740 3837 corruptelis.
779 3773 834 3821 Id
860 3786 934 3823 est
954 3807 969 3832 ‚
998 3775 1059 3823 de
1084 3776 1190 3822 ille-

174 3849 350 3908 ὠνὴ,
389 3863 442 3898 et
486 3852 731 3899 amoribus
761 3854 936 3916 quibus
967 3857 1194 3915 juventus

173 3932 526 3994 mpetum
558 3932 807 3978 Terentius
837 3933 886 3978 in
924 3933 1193 3997 Adelphis:

173 4028 195 4046 ·
213 4009 513 4057 (bmmunis
539 4011 808 4073 corruptela
831 4022 1047 4060 nostrum
1072 4012 1193 4059 libe-

172 4102 271 4134 ω
291 4110 315 4128 n

236 4180 287 4228 9.
316 4167 396 4214 De
417 4165 751 4229 protervitate.
776 4166 834 4215 td
856 4178 955 4227 est,
980 4169 1198 4234 petuleu-

1277 2932 1370 2979 que
1388 2915 1667 2979 propellunt
1686 2933 1742 2962 ac
1761 2926 2034 2979 proterunt.

1353 3009 1431 3042 10.
1464 2997 1527 3041 Ue
1545 2994 1633 3041 eibi
1650 3011 1783 3040 reum
1809 2996 2068 3042 neminem.
2096 2994 2295 3041 Etiamsi

1278 3089 1411 3120 reum
1430 3073 1618 3120 nullum
1643 3089 1837 3120 accuses
1852 3107 1865 3130 ,
1889 3073 1972 3119 sed
1992 3075 2042 3119 in
2065 3074 2165 3134 ipss
2195 3083 2299 3119 teu·

1278 3161 1379 3198 tum
1397 3151 1510 3197 viti·
1534 3149 1825 3198 dechmites.

1358 3245 1431 3276 11.
1467 3227 1700 3274 Eminet-e
1726 3228 1775 3273 in
1806 3227 2069 3276 hominem.
2112 3226 2168 3274 td
2197 3239 2299 3287 est,

1280 3323 1380 3356 uou
1414 3307 1475 3354 ad
1503 3307 1756 3370 proprium
1783 3307 2026 3370 applicare
2051 3322 2297 3369 quecum-

1277 3403 1370 3451 que
1397 3388 1450 3433 iu
1473 3386 1586 3433 vitia
1613 3387 1874 3448 generatim
1899 3384 2087 3432 effudit.
2124 3386 2297 3450 Tmus-

1275 3466 1373 3514 lsta
1401 3465 1544 3512 verba
1574 3464 1808 3525 erexerit,
1835 3465 2049 3511 emittere
2077 3464 2139 3512 od
2165 3481 2303 3512 meu-

1276 3544 1459 3593 tionem
1491 3544 1767 3591 aculeorum
1788 3543 2164 3591 accommodata.

1353 3638 1431 3671 ια.
1460 3622 1759 3686 Respondet-e
1784 3638 1882 3669 non
1910 3621 2087 3668 audeo.
2118 3624 2302 3670 Irouin.

1355 3703 1434 3750 13.
1473 3700 1786 3748 Vae-ationem
1811 3699 2164 3749 adolescentie.
2191 3701 2299 3747 Me-

1280 3777 1481 3843 ta‘pborn
1519 3796 1545 3827 a
1585 3779 1818 3827 militibus
1852 3779 2084 3836 deducte,
2123 3779 2303 3842 quibus

1281 3859 1585 3911 immunitas,
1610 3859 1894 3920 vacatioque
1911 3857 2214 3906 conceditur.
2245 3857 2301 3904 ld

1282 3946 1386 3990 est,
1419 3949 1520 3980 uon
1558 3936 1715 3983 Coelio
1745 3934 2039 3983 adolescenti
2070 3938 2301 3999 proprie,

1283 4014 1369 4062 sed
1399 4013 1625 4059 omnibus
1660 4014 2082 4073 adolescentibus,
2121 4026 2176 4062 ut
2214 4030 2300 4060 vs-

1286 4102 1396 4139 ceut
1414 4126 1429 4148 ,
1444 4091 1688 4155 solutique
1705 4093 1802 4139 sint
1820 4092 1881 4139 iis
1895 4092 2083 4154 legibus
2094 4127 2108 4149 ‚
2127 4092 2306 4155 quibus

1286 4171 1608 4219 robustiorem
1631 4171 1780 4218 teneri
1801 4180 1986 4218 atatem
2008 4185 2199 4233 equum
2217 4180 2305 4217 est.
