2994 4778
568 368 749 463 '268
1235 395 1328 462 Μ.
1379 395 1457 461 Τ.
1514 391 2104 463 elcERole

604 515 964 612 praetorias
984 567 1003 600 ,
1038 529 1122 584 ut
1155 528 1229 584 et
1264 528 1600 612 praetores
1635 538 1910 584 annuas
1945 512 2346 612 provincias
2376 509 2749 595 habeant,

605 636 679 694 et
727 648 852 695 eos
906 647 1124 720 quam
1178 624 1490 721 primum
1539 623 1949 712 videamus,
2000 647 2184 719 quos
2234 623 2475 692 animo
2521 646 2752 719 aequo

608 731 851 804 videre
882 759 1034 804 non
1066 719 1474 830 possumus:

706 847 891 914 VIII.
937 844 1078 915 Sed
1122 843 1298 914 mihi
1341 843 1645 916 credite:
1678 867 2077 939 numquam
2109 840 2537 914 succedetur
2565 842 2745 927 illis,

607 956 743 1027 nisi
783 980 1013 1052 quum
1058 980 1140 1026 ea
1175 954 1332 1051 lege
1370 952 1802 1041 referetur¹,
1843 978 1984 1050 qua
2030 952 2371 1025 intercedi
2419 951 2513 1024 de
2559 977 2744 1051 pro-

607 1068 857 1137 vinciis
899 1090 1048 1135 non
1088 1063 1349 1135 licebit.
1385 1068 1680 1160 Itaque,
1724 1064 1866 1135 hoc
1898 1080 2228 1160 tempore
2268 1065 2569 1150 amisse,
2605 1087 2736 1132 an·

605 1187 789 1249 nus²
828 1190 936 1248 est
971 1176 1249 1271 integer
1286 1173 1491 1245 vobis
1527 1173 2094 1272 exspectandus:
2131 1198 2283 1269 quo
2312 1173 2731 1264 interject0,

607 1292 871 1360 civium
919 1286 1311 1371 calamita5‚
1358 1287 1722 1357 sociorum
1756 1309 2110 1372 aerumna,
2150 1282 2727 1356 sceleratissimo-

605 1423 765 1468 rum
806 1398 1182 1469 hominum
1220 1400 1612 1495 impunitas
1648 1408 2107 1493 propagatur.

705 1506 922 1597 Quod
977 1509 1035 1579 si
1088 1520 1329 1577 essent
1370 1506 1471 1575 illi
1518 1501 1818 1603 optimi³
1883 1506 2052 1591 viri,
2102 1517 2341 1573 tamen
2393 1526 2530 1599 ego
2572 1525 2730 1572 mea

609 1619 961 1715 sententia
1007 1620 1084 1687 C.
1134 1617 1395 1687 Caesari
1431 1613 1961 1687 succedendum
2002 1612 2329 1684 nondum
2369 1625 2730 1708 putarem.

611 1730 772 1816 Qua
825 1725 916 1797 de
965 1751 1043 1797 re
1094 1727 1365 1812 dicam,
1418 1741 1656 1823 patres
1709 1725 2138 1821 conscripti,
2192 1720 2391 1819 quod
2446 1723 2686 1792 sentio
2710 1775 2731 1806 ,

604 1851 822 1933 atque
860 1836 1054 1907 illam
1094 1837 1740 1935 interpellationem
1780 1840 1919 1906 mei
1953 1833 2543 1919 familiarissimus,
2582 1855 2730 1929 qua

607 1946 850 2047 paullo
906 1960 1071 2019 ante
1134 1949 1540 2044 interrupta
1601 1960 1709 2016 est
1766 1947 1997 2016 oratio
2060 1968 2259 2027 mea,
2310 1968 2459 2012 non
2501 1946 2727 2039 perti-

609 2080 939 2126 mescam.
993 2061 1221 2155 Negat
1257 2080 1373 2126 me
1409 2057 1517 2125 vir
1552 2056 1869 2154 optimus
1904 2055 2379 2125 inimiciorem
2411 2051 2723 2124 Gabinio

608 2165 873 2237 debere
917 2191 1069 2238 esse
1091 2219 1110 2250 ‚
1163 2190 1378 2263 quam
1424 2167 1679 2238 Caesari
1710 2194 1724 2236 ε
1762 2190 2051 2236 omnem
2086 2166 2278 2235 euim
2311 2161 2504 2234 illam
2537 2177 2723 2232 tem-

604 2289 994 2373 pestatem,
1043 2280 1160 2346 cui
1198 2281 1564 2365 cesserim,
1607 2282 1880 2348 Caesare
1911 2273 2304 2371 impulsore
2346 2287 2566 2369 atque
2606 2271 2728 2343 ad·

598 2386 838 2481 jutore
897 2412 1048 2458 esse
1110 2392 1509 2460 excitatam.
1582 2389 1716 2461 C‘ui
1778 2388 1834 2458 si
1901 2387 2219 2484 primum
2276 2384 2376 2454 sic
2428 2409 2729 2484 respon·

604 2495 810 2566 deam
835 2492 889 2584 ⁵,
920 2522 1036 2568 me
1069 2502 1473 2569 communis
1503 2499 1829 2569 utilitatis
1854 2496 2119 2568 habere
2146 2497 2501 2566 rationem
2522 2548 2540 2578 ,
2571 2520 2726 2566 non

601 2605 868 2677 doloris
926 2612 1112 2694 mei;
1154 2610 1517 2706 possimne
1568 2605 1911 2705 probare,
1952 2631 2182 2704 quum
2221 2604 2294 2674 id
2335 2630 2452 2674 me
2491 2602 2726 2676 facere

598 2715 866 2805 dicam,
923 2717 1121 2814 quod
1158 2716 1489 2814 exemplo
1528 2716 2075 2787 fortissimorum
2101 2711 2133 2758 ⁶
2184 2730 2258 2787 et
2301 2715 2724 2786 clarissimo-
2803 2748 2807 2751 ⁴

662 2936 803 2983 vm.
830 2950 871 2982 1.
889 2933 997 2981 Nisi
1011 2950 1157 2997 quum
1170 2950 1230 2980 ea
1244 2934 1349 2998 Iege
1367 2932 1613 2997 referetur.

596 3015 657 3063 Id
675 3026 746 3062 est
762 3049 776 3072 ‚
798 3015 899 3077 lege
917 3015 1217 3077 Sempronia.
1238 3041 1309 3050 —
1331 3016 1402 3061 De
1412 3015 1610 3076 provin·

596 3093 700 3140 eae'e's.
723 3095 939 3158 Scilicet,
962 3093 1310 3143 consularibus.
1330 3094 1427 3144 Sed
1444 3110 1618 3142 cousu-

598 3172 667 3220 les
701 3175 965 3237 provinciis
1001 3174 1336 3237 consularibus
1380 3175 1613 3240 imperare

600 3266 700 3297 uon
727 3254 797 3299 fas
827 3264 959 3310 erat,
997 3254 1089 3300 uisi
1130 3270 1259 3302 anuo
1286 3267 1401 3318 post
1432 3271 1613 3303 cousu-

598 3326 764 3377 latum.

673 3423 724 3454 ο..
752 3413 938 3455 Annus.
956 3410 1071 3470 Quo
1089 3410 1393 3457 consulatum
1412 3425 1611 3472 get-unu

595 3502 686 3550 per
720 3501 861 3548 quem
896 3503 1075 3533 annum
1097 3490 1210 3535 Piso
1227 3498 1276 3534 et
1295 3488 1532 3537 Gabinius
1561 3493 1612 3538 in

596 3565 863 3612 latrociniis
882 3564 1191 3627 perstabunt,
1214 3575 1307 3613 etc.

668 3645 715 3691 3.
741 3644 886 3705 Quod
899 3643 944 3688 si
960 3654 1116 3689 essent
1134 3642 1208 3689 illi
1222 3641 1403 3705 optimi·
1432 3644 1487 3690 Id
1512 3657 1607 3704 est,

594 3722 792 3785 quando
812 3718 1006 3784 quidem
1026 3722 1139 3768 Piso
1158 3732 1208 3768 et
1225 3721 1461 3770 Gabinius
1479 3725 1609 3787 opti-

593 3801 659 3847 mi
681 3802 866 3858 sorent,
889 3811 936 3846 et
958 3800 1097 3848 laude
1118 3800 1405 3864 dignissimi.

663 3888 711 3933 4.
739 3878 1181 3942 Interpellationem
1208 3880 1303 3927 mei
1304 3878 1607 3944 familiaris-

586 3958 712 4005 simi.
738 3958 862 4020 Quis
889 3959 1029 4004 suerit
1058 3959 1142 4006 ille
1156 3994 1172 4016 ,
1198 3976 1300 4008 uon
1330 3960 1496 4024 liquet.
1522 3965 1604 4011 An

498 4101 503 4108 1
584 4037 754 4085 consul
775 4037 1026 4100 Philippus
1043 4071 1059 4096 ‚
1087 4054 1231 4101 quem
1250 4056 1372 4088 mox
1390 4043 1604 4105 compel-

584 4114 736 4164 labit?
755 4133 814 4164 au
835 4116 1050 4181 Philippi
1069 4117 1250 4181 collega
1264 4153 1280 4180 ‚
1302 4130 1383 4166 aut
1404 4121 1602 4169 Marcus

1700 2935 1821 2984 Cato
1841 2968 1856 2994 ‚
1878 2947 1962 2983 aut
1983 2936 2228 2984 Domitius
2246 2934 2604 2983 Ahenobarbus
2621 2936 2721 2985 Ca·

1699 3015 1817 3063 saris
1853 3015 2199 3072 inimicissimi,
2233 3016 2345 3078 quia
2380 3014 2586 3062 consilia
2619 3015 2719 3075 eius

1699 3094 2061 3159 prospiciebant
2076 3090 2100 3142 Ρ

1774 3175 1822 3222 5.
1859 3174 1939 3221 Sic
1973 3173 2312 3237 respondeam.
2352 3173 2433 3222 Ad
2468 3173 2599 3222 hanc
2628 3172 2716 3221 ob·

1697 3254 1955 3320 jectionem
1991 3270 2042 3300 se
2074 3254 2334 3318 ptaemunit
2367 3263 2550 3312 orator,
2585 3264 2721 3302 ante·

1700 3348 1845 3396 quam
1864 3333 1914 3379 in
1935 3332 2124 3380 laudem
2145 3332 2347 3381 Caesaris
2364 3331 2505 3396 plura
2530 3332 2682 3382 dieat.

1771 3412 1823 3460 6.
1866 3412 2106 3475 Exemplo
2129 3398 2519 3477 fortissimorum
2532 3447 2546 3460 .
2566 3443 2581 3457 .
2604 3448 2618 3459 .
2646 3411 2720 3459 εἱ·-

1697 3488 1839 3538 vium.
1873 3492 2050 3538 Praeter
2076 3490 2294 3554 exempla
2312 3524 2329 3550 ,
2357 3506 2465 3553 quae
2493 3492 2718 3553 proxime

1698 3569 1982 3629 afferentur,
2015 3570 2233 3634 lepidum
2261 3580 2358 3627 est,
2399 3569 2538 3633 quod
2573 3571 2719 3617 refert

1696 3647 1906 3708 Quintil.
1931 3647 2019 3697 lib.
2040 3651 2138 3696 ΧΠ
2155 3685 2170 3706 ,
2192 3666 2301 3713 cap.
2328 3665 2350 3696 1
2375 3666 2389 3697 ε
2412 3672 2438 3691 ι
2459 3649 2604 3697 Certe
2629 3652 2718 3697 Fa·

1694 3725 1875 3774 bricius
1915 3729 2192 3776 Cornelium
2230 3727 2462 3777 Rufinum
2483 3762 2501 3789 ,
2530 3729 2718 3792 alioqui

1695 3895 1854 3935 tamen
1873 3889 1984 3952 quia
2007 3889 2174 3936 utilem
2200 3889 2378 3937 sciebat
2397 3890 2569 3937 ducem
2587 3922 2604 3947 ,
2631 3891 2715 3936 im-

1692 3966 1905 4016 minente
1932 3967 2063 4016 bello
2083 4003 2100 4027 ,
2138 3969 2296 4032 palam
2323 3968 2574 4016 consulein
2603 3968 2713 4015 suf-

1691 4044 1844 4107 fragio
1881 4062 1970 4094 suo
1996 4048 2137 4109 fecit,
2174 4059 2318 4112 atque
2344 4048 2396 4095 id
2424 4047 2712 4096 mirantibus

1689 4124 1977 4198 quibusdam
2012 4126 2293 4191 respoudi13
2329 4151 2354 4168 ιι
2372 4127 2489 4175 Cive
2517 4143 2567 4174 se
2593 4143 2709 4190 spo-
