2994 4778
632 394 772 467 302
1255 391 1352 458 M.
1403 390 1481 456 T.
1536 388 2107 459 CICERONIS

627 519 811 588 simo
836 508 1100 599 bello⁶,
1129 534 1297 583 cum
1340 513 1430 602 Q.
1461 509 1797 608 Metello,
1835 534 2001 581 cum
2032 513 2116 581 C.
2143 510 2522 596 Memmio,
2578 522 2679 579 et
2707 509 2797 579 in

631 625 888 709 classe,
939 635 1012 693 et
1050 622 1124 691 in
1167 620 1485 692 exercitu
1523 617 1774 706 fuisse,
1810 633 1916 709 et,
1960 633 2042 689 ut
2079 620 2459 716 Pompeius
2493 622 2574 689 in
2638 619 2793 688 Hi-

630 736 953 834 spaniam
980 733 1289 817 venerit,
1346 732 1920 827 Memmiumque
1981 729 2249 801 habere
2310 743 2788 827 quaestorem
2831 762 2846 772 ·

629 844 972 943 coeperit,
1013 865 1410 964 numquam
1458 865 1500 912 a
1556 841 1901 912 Memmio
1962 839 2395 929 discessisse3
2448 838 2790 911 Cartha-

627 961 870 1054 ginem
907 975 1317 1052 possessum
1351 952 1485 1021 isse
1504 962 1567 1007 ⁷·
1550 1005 1570 1038 ,
1597 951 1960 1021 acerrimis
1980 948 2120 1020 illis
2141 949 2401 1047 praeliis
2430 965 2507 1020 et
2537 948 2794 1018 maxi-

624 1067 796 1153 mis,
831 1065 1263 1136 Sucronensi
1301 1074 1372 1131 et
1403 1053 1783 1131 Turiensi⁸
1831 1057 2284 1146 interfuisse,
2323 1082 2491 1130 cum
2534 1062 2785 1128 Pom·

626 1178 844 1276 peio⁹
876 1173 965 1244 ad
1021 1186 1425 1244 extremum
1475 1169 1651 1241 belli
1711 1184 1997 1267 tempus
2056 1168 2296 1240 fuisse.
2359 1173 2521 1239 Haec
2575 1181 2783 1238 sunt

624 1286 868 1386 praelia
899 1282 1261 1369 Cornelii3
1305 1280 1462 1351 talis
1507 1283 1586 1349 in
1616 1278 2141 1377 rempublicam
2168 1293 2494 1350 nostram
2518 1274 2777 1363 labor,

624 1394 1033 1480 assiduitas,
1060 1392 1450 1477 dimicatio,
1484 1392 1715 1460 virtus
1740 1388 1953 1486 digna
1972 1412 2261 1460 summo
2288 1390 2779 1487 imperatore,

627 1529 793 1604 spes
823 1528 957 1602 pro
999 1500 1335 1599 periculis
1368 1500 1876 1598 praemiorum:
1922 1498 2213 1595 praemia
2262 1497 2560 1593 quidem
2603 1498 2773 1597 ipsa

626 1639 779 1687 non
823 1625 991 1683 sunt
1023 1611 1098 1680 in
1131 1610 1283 1705 ejus
1319 1607 1545 1693 facto,
1587 1607 1715 1704 qui
1752 1606 2058 1705 adeptus
2101 1621 2248 1696 est,
2291 1605 2419 1680 sed
2454 1610 2531 1679 in
2568 1610 2798 1706 ejus»,

629 1723 759 1821 qui
799 1719 1017 1791 dedit.

724 1835 847 1902 111.
900 1832 1226 1899 Donatus
1274 1826 1493 1923 igitur
1536 1840 1643 1897 est
1683 1824 1782 1896 ob
1823 1850 1942 1898 eas
1985 1849 2232 1897 causas
2281 1851 2322 1898 a
2357 1831 2490 1899 Cn.
2541 1833 2758 1899 Pom-

627 1944 793 2039 peio
837 1940 1139 2008 civitate.
1182 1936 1264 2007 Id
1300 1950 1674 2006 accusator
1709 1960 1864 2007 non
1902 1950 2151 2033 negat;
2191 1934 2319 2007 sed
2363 1937 2760 2035 reprehen-

630 2050 737 2122 dit
784 2075 803 2119 ι
857 2061 938 2118 ut
998 2047 1077 2116 in
1144 2045 1481 2117 Cornelio
1542 2069 1752 2116 causa
1812 2046 2037 2143 ipsius
2103 2045 2478 2143 probetur,
2530 2072 2755 2145 poena

637 2170 1004 2258 quaeratur
1020 2163 1044 2198 ¹
1071 2181 1091 2242 ;
1124 2155 1201 2224 in
1220 2155 1564 2252 Pompeio
1591 2177 1803 2225 causa
1828 2153 2152 2242 laedatur,
2175 2179 2398 2253 poena
2422 2159 2507 2229 sit
2532 2156 2756 2228 nulla.

629 2270 746 2341 Sic
786 2266 1045 2339 famam
1068 2320 1088 2352 ,
1112 2267 1212 2336 sic
1236 2265 1803 2336 innocentissimi
1841 2264 2159 2337 hominis
2184 2263 2550 2355 fortunas,
2585 2292 2764 2365 prae-

628 2393 784 2452 stan
791 2378 1043 2448 tissimi
1057 2376 1505 2474 imperatoris
1522 2372 1791 2448 factum
1808 2375 2271 2448 condemnari
2286 2377 2403 2450 vol
2410 2382 2761 2477 unt.Ergo

628 2491 706 2562 in
730 2486 1082 2585 judicium
1104 2542 1123 2576 ,
1160 2501 1376 2584 caput
1400 2486 1752 2574 Cornelii3
1787 2484 2054 2558 factum
2083 2491 2407 2586 Pompeii
2433 2505 2760 2561 vocatur.

634 2610 849 2682 Hunc
887 2602 1083 2673 enim
1112 2604 1190 2671 in
1222 2620 1304 2672 ea
1334 2600 1617 2672 civitate
1640 2655 1660 2687 ,
1693 2601 1768 2670 in
1798 2624 1943 2697 qua
1977 2601 2069 2671 sit
2105 2616 2349 2691 natuS,
2396 2603 2761 2676 honestis·

634 2717 820 2788 simo
861 2713 1024 2785 loco
1062 2726 1312 2783 natum
1349 2733 1503 2782 esse
1537 2710 1912 2796 concedis,
1955 2725 2029 2782 et
2063 2709 2156 2782 ab
2197 2713 2494 2785 ineunte
2522 2727 2762 2800 aetate,

633 2823 899 2897 relictis
933 2820 1153 2893 rebus
1190 2821 1335 2890 suis
1375 2818 1757 2908 omnibus,
1791 2823 1867 2890 in
1908 2824 2174 2893 nostris
2214 2820 2456 2912 bellis,
2492 2824 2763 2895 nostris

634 2957 804 3007 cum
852 2928 1406 3030 imperatoribus
1457 2952 1612 3001 esse
1660 2943 2064 3020 versatum3
2109 2930 2380 3004 nullius
2438 2931 2699 3005 laboris
2722 2984 2750 3016 ‚

701 3166 753 3215 6.
780 3161 1046 3211 Durissimo
1071 3161 1210 3210 bello.
1252 3159 1389 3208 Bello
1415 3158 1652 3207 Sertoria-
1739 3169 1821 3208 tur
1856 3159 1909 3208 in
1948 3162 2130 3211 Sertor.
2165 3176 2276 3225 cap.
2309 3176 2404 3222 ²¹3
2431 3162 2630 3226 Balbus,
2663 3164 2756 3227 qui

634 3257 732 3299 no,
758 3241 896 3306 quod
915 3243 979 3304 Q.
998 3240 1243 3289 Sertorius
1260 3254 1288 3285 e
1308 3237 1529 3303 partibus
1545 3238 1654 3285 Ma·
1740 3238 1872 3303 apud
1897 3240 2180 3288 Meuaniam
2212 3240 2393 3300 fuerat,
2418 3242 2511 3307 ipsi
2543 3242 2750 3292 adhesit

636 3320 785 3368 rianis
808 3320 1045 3384 profugus
1069 3320 1124 3366 in
1161 3317 1395 3381 Hispania
1437 3317 1655 3364 concita·
1740 3317 2018 3381 imperatori
2036 3319 2293 3384 Pompeio.

637 3401 728 3449 vit.
749 3401 844 3451 Cui
866 3399 1000 3447 bello
1026 3413 1177 3462 quum
1204 3397 1268 3457 Q.
1290 3395 1519 3444 Metellus
1540 3397 1657 3445 Pius
1812 3398 1971 3445 111.1.
1998 3399 2148 3446 Poena
2176 3409 2446 3461 φωνᾶεν.
2478 3401 2749 3448 Accusato-

638 3494 742 3528 non
783 3475 1051 3534 sufficeret,
1076 3473 1252 3522 missus
1288 3482 1361 3519 est
1390 3473 1482 3521 Cn.
1515 3474 1657 3522 Pom·
1741 3490 1850 3523 rum
1874 3476 1979 3524 haec
2011 3475 2185 3541 agendi
2208 3478 2332 3525 ratio
2357 3477 2554 3526 maxime
2572 3477 2751 3537 dubia,

637 3557 778 3623 peius
803 3554 964 3603 adhuc
987 3568 1133 3616 eques
1156 3565 1390 3598 romanus
1427 3566 1540 3599 cum
1566 3551 1659 3600 im·
1742 3569 1900 3618 nsque
1924 3555 2017 3602 sibi
2035 3557 2237 3604 omnino
2263 3569 2522 3617 conanum
2546 3574 2756 3623 namque

634 3635 773 3701 perio
793 3630 1147 3697 proconsulari.
1743 3631 1946 3680 Balbum
1974 3650 2066 3699 pro
2096 3636 2300 3700 egregiis
2332 3636 2630 3686 facinoribus
2653 3638 2759 3686 lau-

710 3729 760 3775 7.
778 3711 858 3760 Al.
881 3725 982 3758 esse
1003 3706 1296 3774 profectum.
1438 3781 1439 3784 Ἴ
1746 3710 1955 3771 dabant,
1981 3714 2069 3763 sed
2096 3726 2146 3764 et
2174 3732 2369 3780 poenam
2395 3717 2542 3765 simul
2569 3718 2624 3765 in
2647 3733 2760 3765 eum

706 3795 760 3841 8.
782 3790 862 3839 Al.
880 3785 1123 3837 Duriense‘.
1738 3789 2025 3855 poscebant,
2067 3810 2217 3858 quum
2257 3795 2522 3860 Pompeius
2568 3807 2762 3845 tautum

704 3886 755 3932 9.
780 3869 898 3917 Cum
929 3865 1181 3932 Pompeio.
1214 3867 1477 3930 Postquam
1502 3867 1652 3914 Mem·
1736 3869 2007 3919 insimulari
2033 3871 2308 3933 deberetur,
2333 3874 2420 3922 sed
2449 3887 2660 3940 propter
2681 3877 2761 3923 ni·

634 3947 793 4006 mins,
842 3946 945 3994 dux
986 3945 1242 4012 egregius,
1285 3945 1338 3993 in
1380 3947 1650 4009 Saguntino
1737 3948 1881 3996 miam
1921 3950 2015 3998 viri
2059 3950 2359 4020 majestatem
2399 3953 2461 4001 ab
2504 3970 2567 4002 eo
2606 3955 2763 4004 absti-

634 4025 864 4075 acerrime
906 4035 1078 4073 contra
1124 4024 1388 4074 Sertorium
1424 4041 1650 4089 pugnans
1735 4026 1946 4078 nebant:
1972 4030 2039 4078 ita
2066 4029 2269 4078 Balbum
2289 4031 2692 4096 insequebantur,
2710 4043 2764 4081 ut

635 4114 707 4152 est
727 4102 1045 4162 interfectus,
1061 4113 1120 4151 ut
1153 4118 1181 4149 a
1212 4101 1470 4151 Plutarcho
1495 4102 1645 4152 tradi·
1735 4106 2019 4171 Pompeium
2038 4125 2264 4158 accusare
2285 4121 2582 4161 vererentur.
