2994 4778
661 398 1046 465 ORATIO
1093 400 1293 467 PRO
1342 401 1415 468 Ρ.
1466 403 1874 475 SEXTIO.
2242 433 2319 506 17

246 512 368 581 illo
397 536 663 584 summo
706 519 968 587 timore
1011 541 1091 588 ac
1132 518 1453 616 periculo
1492 522 1831 613 civitatis,
1863 548 2106 626 ‘neque
2136 555 2329 601 com-

254 645 519 690 munem
556 637 823 693 metum
860 628 1222 712 omnium,
1256 651 1496 723 neque
1539 637 1898 729 propriam
1934 641 2327 711 non‘nullo-

246 753 384 798 rum
426 729 519 800 de
555 733 710 827 ipso
746 735 1268 831 suspicionem,
1307 754 1429 807 aut
1464 738 1843 812 infitiando
1878 746 2162 836 tollere,
2201 765 2327 821 aut
2411 803 2422 809 -

242 836 728 910 dissimulando
783 841 1031 914 sedare
1083 845 1408 917 voluisse.
1466 851 1554 919 In
1605 874 1757 945 quo
1814 853 2082 949 collega
2122 863 2326 930 susti-

238 944 516 1017 nendo⁶
555 964 768 1046 atque
793 951 1240 1023 moderando
1261 965 1315 1041 ⁷,
1354 959 1412 1025 si
1453 980 1682 1027 meam
1726 962 1802 1030 in
1839 961 2040 1032 illum
2085 967 2323 1037 indul-

235 1061 568 1151 gentiam,
621 1061 1081 1155 conjunctam
1138 1088 1304 1134 cum
1366 1090 1644 1137 summa
1707 1071 2035 1142 custodia
2082 1076 2328 1171 reipu-

235 1165 421 1237 blicae
444 1221 463 1254 ,
490 1168 776 1240 laudare
811 1188 978 1241 vere
1013 1171 1389 1244 solebatis:
1425 1182 1553 1271 par
1579 1199 1805 1274 prope
1836 1179 1987 1250 laus
2014 1185 2086 1252 P.
2110 1186 2329 1255 Sextii

232 1299 368 1346 esse
402 1274 652 1363 debet,
685 1284 813 1375 qui
857 1303 1069 1351 suum
1104 1285 1204 1353 ita
1242 1284 1608 1355 consulem
1644 1284 2081 1377 observavit,
2129 1307 2214 1363 ut
2257 1309 2330 1365 et

230 1383 318 1452 illi
362 1401 666 1481 quaestor
704 1387 942 1459 bonus
962 1384 1016 1479 ⁸,
1049 1405 1122 1462 et
1165 1390 1368 1462 vobis
1415 1392 1754 1465 omnibus
1798 1400 2114 1495 optimus
2151 1402 2321 1474 civis

229 1491 595 1566 videretur.
904 1560 909 1563 .
2045 1496 2056 1507 “

312 1602 504 1673 Idem
532 1658 552 1689 ,
602 1631 827 1701 quum
880 1607 1000 1679 illa
1056 1610 1459 1704 conjuratio
1507 1634 1593 1682 ex
1635 1612 1925 1685 latebris
1973 1631 2189 1713 atque
2237 1644 2329 1691 ex

237 1711 529 1782 tenebris
565 1716 917 1811 erupisset
938 1770 957 1803 ‚
994 1717 1372 1815 palamque
1417 1732 1684 1792 armata
1730 1723 2090 1812 volitaret,
2135 1730 2329 1799 venit

231 1843 372 1888 cum
404 1826 719 1893 exercitu
754 1828 1110 1922 Capuam3
1150 1830 1368 1922 quam
1412 1827 1668 1898 urbem
1692 1883 1711 1916 ,
1756 1847 2054 1930 propter
2095 1834 2324 1930 pluri·

234 1951 362 1999 mas
401 1928 570 2001 belli
621 1936 1244 2029 opportunitates,
1290 1934 1382 2005 ab
1441 1935 1562 2005 illa
1609 1939 1827 2035 impia
1873 1955 1946 2011 et
1989 1943 2325 2015 scelerata

228 2060 420 2108 manu
464 2044 795 2111 attentari
834 2042 1412 2140 suspicabamur:
1450 2061 1524 2116 et
1559 2046 1727 2118 inde
1761 2052 1857 2117 M.
1895 2050 2318 2142 Amanum,

230 2144 570 2218 tribunum
598 2149 908 2220 militum
926 2154 1217 2222 Antonii
1237 2163 1321 2239 ¹⁰,
1349 2158 1593 2251 Capua
1620 2158 2058 2253 praecipitem
2088 2161 2319 2256 ejecit,

232 2244 567 2328 hominem
622 2258 983 2356 perditum
1011 2314 1031 2347 ,
1086 2277 1159 2332 et
1211 2287 1360 2333 non
1412 2262 1719 2335 obscure
1769 2267 2072 2355 Pisauri,
2123 2286 2196 2341 et
2239 2274 2317 2342 in

231 2362 359 2434 aliis
386 2368 525 2464 agri
555 2368 815 2440 Gallici
840 2376 899 2411 ¹¹
940 2368 1266 2467 partibus
1290 2425 1310 2458 ,
1357 2374 1434 2441 in
1473 2372 1591 2442 illa
1626 2374 2117 2468 conjuratione
2150 2400 2310 2451 ver·

232 2488 444 2546 satum.
474 2477 826 2574 Idemque
864 2482 943 2549 C.
972 2480 1386 2551 Marcellum
1408 2488 1494 2567 ¹²,
1536 2504 1764 2576 quum
1798 2483 1856 2552 is
1889 2509 2038 2553 non
2076 2484 2310 2555 solum

231 2584 504 2678 Capuam
559 2587 912 2675 venisset,
966 2612 1216 2658 verum
1264 2589 1477 2659 etiam
1530 2612 1649 2676 se,
1697 2592 1900 2685 quasi
1941 2616 2307 2664 armorum

225 2828 419 2954 :add-u
435 2832 701 2897 signifiat,
726 2834 841 2885 fietu
864 2847 917 2884 et
939 2835 1099 2884 innui:
1125 2834 1203 2882 vi·

296 2920 411 2957 ntur.

1361 2849 1413 2896 9.
1454 2836 1523 2882 Ee
1554 2835 1667 2885 inde
1695 2837 1765 2885 M.
1797 2836 2063 2886 Aulanum.
2096 2840 2222 2888 Mira
2249 2842 2304 2890 in

1290 2913 1387 2960 into
1413 2915 1609 2962 nomine
1634 2913 1867 2962 librorum
1895 2916 2123 2976 variet-s,
2151 2934 2300 2981 quum

278 2986 320 3033 6.
342 2990 399 3035 In
434 3007 526 3053 quo
551 2992 746 3057 collega
769 2991 1063 3040 sustinendo.
1102 2993 1200 3039 Re·
1287 2989 1369 3037 alii
1393 2991 1501 3037 «Μ.
1528 2993 1877 3040 Menulanum-
1893 3029 1909 3055 ,
1932 2993 2016 3041 alii
2042 2996 2162 3044 «M.
2194 3000 2299 3045 An·

223 3061 419 3122 fluendo,
458 3084 529 3126 ne⁸
557 3069 757 3132 longius
796 3070 1196 3133 progredri-etun
1283 3068 1467 3118 nanum
1487 3091 1546 3127 n,
1599 3071 1681 3117 alii
1734 3093 1759 3112 α
1780 3073 1854 3119 Μ.
1906 3072 2250 3122 Mevulanum
2271 3094 2294 3116 ι

221 3153 272 3185 ne
298 3145 644 3203 conjuratorum
682 3149 734 3194 in
777 3151 1050 3197 societatem
1094 3164 1197 3196 τωο
1282 3146 1509 3195 habe-nt.

221 3226 351 3268 totum
369 3223 523 3282 daron
544 3238 618 3273 est
641 3227 775 3275 enim
793 3226 902 3287 hic,
931 3228 1195 3286 sustinere,
1359 3240 1438 3272 xo.
1497 3223 1762 3272 Tribunum
1821 3224 2024 3273 militum
2076 3228 2295 3278 Antonii.

218 3312 292 3358 pm
317 3303 518 3352 retinere.
1284 3303 1339 3351 C.
1369 3302 1575 3351 Antonii
1601 3304 1845 3365 consulis,
1870 3304 1977 3352 labe
1998 3306 2293 3367 conjuratio·

277 3391 315 3435 ⁷·
338 3381 657 3430 noda-ando.
684 3382 963 3431 Modmtu·
985 3393 1085 3431 erat
1108 3384 1195 3432 Ci-

220 3468 333 3511 cero,
352 3458 456 3520 quia
473 3460 817 3508 Macedoniam
840 3461 912 3507 illi
934 3460 1195 3512 decernen-

219 3531 305 3579 dm
317 3538 509 3599 enavit,
528 3550 604 3598 ut,
619 3555 774 3602 quum
784 3538 1039 3585 aerisalieni
1054 3554 1196 3587 causa

218 3612 382 3661 *mni-e
398 3631 503 3663 eum
522 3617 734 3666 Catilina
752 3627 1020 3681 putaretur,
1033 3633 1195 3665 rursus

221 3686 311 3735 heri
333 3708 410 3756 spe
441 3695 502 3742 ad
528 3697 663 3760 reip.
703 3695 920 3744 studium
945 3712 1044 3742 oeae
1068 3712 1192 3744 oon-

222 3778 381 3819 venem
400 3787 415 3818 ε
442 3775 579 3836 quod
603 3785 660 3821 et
685 3774 968 3822 Plutarchus
984 3774 1037 3822 in
1055 3775 1194 3824 (Σίσο-

223 3846 330 3892 mnis
341 3852 423 3897 vin
440 3853 657 3900 notavit.

281 3923 322 3969 8·
345 3927 543 3986 Qoeseor
556 3933 736 3978 bonus.
760 3931 835 3977 11⁸
853 3940 908 3977 nt
923 3938 972 3978 et
988 3942 1194 3995 quastu-

219 4012 272 4045 τε
287 4003 532 4065 religionem
556 4020 607 4058 et
626 3997 803 4073 patrii:
822 4005 1030 4056 debitam
1048 4009 1195 4058 fidem

220 4077 473 4144 adimpleret,

380 4172 459 4239 V.
530 4188 625 4233 Cic.
652 4203 767 4248 pars
793 4186 993 4234 secunda.

1283 3381 1357 3428 nis
1380 3381 1568 3430 insecti·

1358 3475 1437 3506 11.
1467 3458 1593 3524 Agri
1611 3459 1807 3509 Gallici.
1835 3460 2003 3510 Galliae
2023 3462 2293 3532 Cinlpinq,

1282 3552 1391 3599 quae
1418 3536 1481 3584 ad
1514 3537 1817 3585 Rubiconem
1844 3554 2031 3588 amnem
2060 3545 2288 3592 termina-

1283 3613 1446 3663 batur.

1358 3707 1440 3741 η.
1490 3693 1539 3741 C.
1565 3693 1865 3741 Marcellum.
1901 3693 2016 3743 Non
2042 3711 2183 3759 eum,
2208 3700 2294 3763 qni

1284 3771 1375 3818 suit
1394 3773 1466 3820 M.
1484 3772 1731 3832 Marcelli,
1753 3774 1842 3820 viri
1862 3773 2111 3821 clarissimi
2134 3776 2294 3836 frater,

1281 3861 1332 3899 et
1352 3850 1658 3898 consulatum
1680 3861 1753 3900 en
1776 3852 2007 3916 adeptus,
2034 3853 2094 3901 de
2120 3870 2220 3918 quo
2241 3857 2295 3904 in

1283 3929 1501 3977 oratione
1524 3946 1617 3994 pro
1641 3931 1897 3992 Marcello,
1922 3943 1973 3981 et
1994 3948 2071 3997 ep.
2094 3934 2157 3982 ad
2184 3937 2297 3983 niv.

1283 4007 1367 4054 lib.
1388 4008 1465 4066 X,
1491 4007 1578 4055 sed
1595 4024 1732 4069 eum,
1756 4008 1816 4057 de
1833 4026 1932 4072 quo
1958 4011 2141 4060 mentio
2165 4012 2221 4060 fit
2248 4015 2301 4060 in

1286 4085 1502 4134 oratione
1526 4085 1578 4134 in
1602 4086 1876 4136 Catilinam.

2021 4197 2057 4238 2
