2994 4778
746 404 1129 473 ORATIO
1181 408 1379 474 PRO
1429 407 1501 474 P.
1552 407 1946 477 SEXTIO.
2313 408 2398 480 53

278 539 519 624 portas
547 524 837 596 sedenti
866 526 1320 623 imperatori,
1353 550 1581 623 quare
1610 540 1952 600 terrorem
1985 552 2194 601 suum
2224 530 2402 604 falso

271 637 516 731 jactari
549 637 984 733 opponique
1019 637 1347 733 patiatur.
1386 639 1802 733 Numquam
1850 644 2037 709 enim
2085 642 2219 711 erit
2255 655 2400 712 tam

275 771 671 845 oppressus
726 760 1054 833 senatus,
1107 759 1191 817 ut
1239 748 1302 817 ei
1356 771 1449 818 ne
1492 747 1947 844 supplicandi
1987 750 2272 845 quidem
2320 776 2403 822 ac

266 856 574 954 lugendi
618 860 710 927 sit
753 869 1104 953 potestas;
1156 870 1299 926 tam
1347 870 1598 954 captus
1628 868 1652 913 ⁷
1700 871 2034 953 equester
2071 859 2281 939 ordo,
2316 875 2401 930 ut

262 972 560 1064 equites
598 967 881 1038 romani
917 990 957 1037 a
985 966 1278 1038 consule
1305 965 1735 1062 relegentur.
1768 969 1946 1056 Quae
1985 991 2211 1063 quum
2245 994 2398 1039 om·

262 1081 432 1162 nia,
482 1090 708 1172 atque
760 1076 972 1147 etiam
1028 1075 1257 1147 multo
1304 1075 1439 1147 alia
1485 1077 1802 1172 majora,
1862 1101 2020 1173 quae
2069 1080 2399 1149 consulto

261 1200 669 1283 praetereo,
705 1184 1159 1271 accidissent,
1189 1178 1487 1255 videtis⁸
1523 1209 1637 1255 me
1660 1201 1899 1257 tamen
1928 1187 2001 1254 in
2029 1189 2400 1284 pristinam

263 1320 509 1365 meam
544 1294 990 1392 dignitatem,
1019 1291 1302 1364 brevis⁹
1331 1299 1677 1391 temporis
1715 1294 1966 1366 dolore
1998 1297 2398 1393 interjectu,

258 1403 694 1503 reipublicae
735 1428 914 1475 voce
950 1426 1102 1474 esse
1136 1418 1573 1475 revocatum.

361 1518 628 1585 XXIV.
652 1513 819 1600 Sed,
856 1527 937 1584 ut
975 1527 1302 1584 revertar
1324 1512 1413 1584 ad
1453 1507 1630 1585 illud
1658 1549 1677 1601 5
1711 1514 1912 1611 quod
1946 1515 2119 1586 mihi
2156 1517 2234 1586 in
2266 1516 2399 1587 hac

262 1626 471 1696 omni
534 1638 647 1694 est
706 1625 1025 1694 oratione
1078 1626 1575 1721 propositum,
1634 1623 1971 1696 omnibus
2022 1625 2222 1696 malis
2272 1627 2396 1696 illo

260 1760 462 1805 anno
494 1788 515 1820 ,
584 1733 852 1806 scelere
921 1732 1299 1804 consulum
1327 1788 1346 1821 ,
1409 1734 1927 1833 rempublicam
2001 1761 2152 1807 esse
2225 1760 2395 1807 cou-

260 1844 578 1917 fectam¹
620 1870 635 1912 :
681 1844 996 1941 primum
1059 1841 1182 1912 illo
1235 1844 1392 1940 ipso
1454 1843 1610 1931 die,
1668 1845 1793 1940 qui
1846 1843 2018 1914 mihi
2071 1843 2396 1917 funestus

260 1952 433 2038 fuit,
472 1949 820 2024 omnibus
855 1950 1068 2022 bonis
1105 1952 1513 2036 luctuosus,
1558 1977 1782 2049 quum
1818 1979 1950 2049 ego
1986 1978 2098 2025 me
2127 1980 2167 2024 e
2201 1980 2390 2026 com-

262 2066 485 2163 plexu
549 2065 838 2161 patriae,
890 2075 1438 2159 ‘conspectuque
1496 2077 1735 2134 vestro
1790 2064 2202 2161 eripuissem
2223 2076 2279 2151 ²,
2321 2081 2393 2136 et

262 2189 459 2246 metu
517 2174 738 2244 vestri
790 2171 1129 2268 periculi,
1173 2196 1323 2241 non
1360 2173 1540 2259 mei,
1584 2171 1810 2243 furori
1848 2172 2193 2262 hominiS,
2237 2200 2388 2246 sce·

265 2284 427 2372 leri,
474 2280 800 2383 perfidiae
828 2279 880 2364 ³,
946 2281 1138 2368 telis,
1198 2282 1557 2378 minisque
1610 2286 2008 2369 cessissem,
2050 2287 2387 2382 patriam-

273 2420 446 2492 que,
487 2419 657 2492 quae
693 2393 872 2463 mihi
915 2407 1066 2464 erat
1115 2392 1515 2478 carissima,
1557 2406 1855 2490 propter
1895 2395 2113 2489 ipsius
2149 2398 2390 2492 patriae

272 2505 631 2575 caritatem
705 2500 1187 2598 reliquissem;
1249 2525 1479 2598 quum
1559 2526 1796 2572 meum
1879 2502 2080 2573 illum
2148 2527 2391 2574 casum

269 2628 408 2684 tam
449 2611 906 2698 horribilem,
950 2625 1093 2680 tam
1140 2635 1465 2708 gravem,
1503 2625 1648 2684 tam
1687 2613 2186 2708 repentinum,
2236 2638 2386 2683 non

261 2724 490 2795 solum
532 2724 905 2809 hominm,
940 2720 1067 2791 sed
1110 2734 1296 2792 tecta
1340 2720 1540 2792 urbis
1585 2745 1667 2791 ac
1714 2720 1979 2818 templa
2009 2721 2381 2819 lugerent;

260 2858 472 2906 nemo
535 2847 859 2904 vestrum
916 2830 1195 2917 forum,
1249 2855 1466 2902 nemo
1518 2834 1825 2919 curiam,
1878 2856 2096 2903 nemo
2144 2833 2377 2904 lucem

260 2943 626 3042 adspicere
682 2941 943 3013 vellet:
995 2940 1156 3024 illo,
1212 2940 1550 3037 inquam,
1606 2943 1766 3037 ipso
1819 2940 1968 3030 die,
2021 2940 2135 3012 die
2177 2941 2384 3014 dico?

259 3057 483 3125 immo
533 3055 756 3139 hora,
803 3067 1020 3148 atque
1073 3055 1286 3122 etiam
1347 3065 1625 3148 puncto
1684 3053 2027 3148 temporis
2078 3051 2333 3122 eodem
2361 3106 2381 3137 ,

256 3163 478 3249 mihi,
537 3164 789 3259 reique
851 3160 1153 3259 publicae
1212 3161 1606 3256 pernicies,
1656 3158 1967 3229 Gabinio
2021 3174 2092 3230 et
2139 3163 2383 3231 Pisoni

258 3275 627 3370 provincia
655 3285 901 3367 rogata
933 3285 1041 3343 est
1058 3272 1110 3339 ⁴.
1154 3269 1344 3340 Proh
1387 3267 1487 3339 dii
1530 3269 1965 3342 immortales
1986 3324 2005 3357 ,
2048 3270 2382 3344 custodes

325 3521 372 3565 7.
430 3488 978 3567 θορῖω.1ωρεᾱίωο,
1019 3499 1268 3563 infirmus,
1358 3501 1558 3562 ejectus,
1580 3511 1665 3548 aut
1680 3517 1769 3565 per
1789 3489 1888 3548 'vim
1909 3500 1971 3549 ab
1997 3503 2099 3563 eim
2118 3502 2380 3570 complexu

255 3582 385 3631 nullo
396 3582 531 3646 apud
550 3580 777 3628 consules
788 3581 901 3628 loco
918 3595 931 3628 :
945 3590 1128 3645 spectat
1141 3582 1271 3628 enim
1357 3577 1587 3643 abreptus
1597 3612 1612 3637 ,
1633 3579 1717 3626 sed
1734 3579 1837 3643 ipse
1851 3592 2028 3644 sponte
2046 3598 2131 3630 oua
2143 3582 2382 3633 Clodiano

261 3661 314 3707 ad
329 3678 493 3709 mum
516 3664 569 3709 1..
590 3663 784 3709 lamia.
1356 3657 1507 3706 furori
1527 3660 1720 3706 cessisse
1738 3659 1944 3707 videtur.

325 3741 373 3786 8.
408 3737 613 3788 Videtis.
642 3737 726 3787 Al.
748 3736 997 3785 vidissetis.
1021 3738 1071 3785 J.
1088 3740 1153 3785 V.
1178 3738 1233 3786 L.
1427 3737 1476 3785 3.
1520 3736 1763 3804 Pefide'oe.
1794 3739 1951 3800 Quia,
1968 3755 2118 3801 quum
2138 3741 2371 3804 Pompeio

330 3833 375 3876 9.
396 3819 568 3864 Brevis.
593 3817 681 3864 Al.
705 3815 855 3865 brevi.
883 3816 931 3863 J.
951 3817 1012 3863 V.
1040 3817 1096 3863 Ι...
1354 3831 1482 3880 saepe
1497 3815 1745 3880 pollicitus
1762 3828 1917 3876 esset,
1934 3833 1986 3863 se
2007 3817 2131 3865 nihil
2148 3819 2199 3864 in
2218 3819 2374 3867 tribu-

322 3896 507 3951 XXIV.
544 3912 590 3945 x.
630 3893 925 3960 Confectum,
960 3893 1132 3942 Multis
1162 3894 1267 3943 vul-
1354 3904 1473 3941 natu
1495 3904 1662 3941 contra
1687 3895 1971 3942 Ciceronem
1997 3911 2100 3943 oue
2121 3888 2340 3945 acturum
2358 3931 2374 3956 ,

266 3971 450 4020 neribus
465 3990 746 4040 oppress-m
760 3985 811 4021 et
829 3974 1011 4021 senecta
1029 3972 1267 4022 tabecon-
1354 3972 1595 4036 promisso
1617 3988 1720 4020 nou
1743 3974 1875 4022 stetit
1899 3990 1912 4022 ε
1941 3974 2001 4022 de
2026 3976 2203 4038 quoin
2226 3978 2370 4040 epist.

262 4063 507 4116 sumptam.
1358 4049 1420 4098 nd
1446 4052 1597 4099 Attio.
1624 4050 1710 4099 lib.
1735 4054 1802 4100 11,

327 4147 372 4179 a.
403 4132 720 4195 Eripuisnm.
753 4131 871 4179 Non
906 4132 1031 4179 enim
1062 4149 1089 4179 a
1117 4132 1270 4195 patria
1429 4137 1476 4186 4.
1505 4131 1694 4195 Rogata
1712 4140 1794 4179 est.
1817 4154 1841 4172 ιι
1859 4131 1983 4178 Nam
2004 4141 2052 4179 et
2073 4131 2135 4178 de
2154 4146 2252 4188 me,
2276 4129 2373 4180 hoo
