2994 4778
660 436 1060 507 ORATIO
1107 437 1219 507 IN
1270 438 1809 510 vAT1N1uM.
2177 453 2310 546 ¹47

176 574 460 645 contra,
499 575 770 655 praeter
808 573 878 629 te
903 611 925 647 ‚
960 580 1178 629 nemo
1213 582 1563 655 umquam
1599 575 1707 632 est
1747 558 1981 635 facere
2010 584 2313 644 conatus

181 671 209 767 (
238 694 391 767 quae
419 668 721 766 quidem
767 669 960 768 leges
987 692 1181 740 anno
1207 685 1402 767 post,
1438 669 1897 743 sedentibus⁹
1931 678 2004 746 in
2033 682 2306 780 templo

180 778 460 851 duobus
528 804 688 850 non
743 777 1164 851 consulibus
1188 789 1289 867 ¹⁰,
1364 779 1491 852 sed
1549 780 2045 879 proditoribus
2091 788 2310 886 hujus

176 892 473 962 civitatis
513 914 597 960 ac
632 887 993 987 pestibu8‚
1046 913 1193 960 una
1243 913 1410 960 cum
1454 891 1827 988 auspiciis,
1873 918 2040 966 cum
2086 900 2308 972 inter-

175 998 627 1073 cessionibus
656 1054 679 1086 ,
743 1023 909 1071 cum
964 1000 1164 1069 omni
1223 998 1387 1094 jure
1462 999 1759 1098 publico
1833 1005 2310 1105 conflagrave-

174 1120 371 1182 runt¹
388 1111 445 1208 ¹)
464 1138 484 1199 ;
504 1107 884 1206 ecquando
899 1106 1247 1179 dubitaris
1271 1122 1525 1180 contra
1550 1133 1665 1181 eas
1683 1109 1874 1208 leges
1901 1137 2068 1186 cum
2096 1117 2312 1217 plebe

176 1245 382 1317 agere
402 1274 422 1303 ‚
452 1234 532 1291 et
562 1218 945 1290 concilium
969 1220 1605 1289 convocarePnum
1635 1245 1853 1317 quem
1885 1247 1975 1295 ex
2001 1225 2313 1301 tribunis

176 1329 444 1427 plebis»,
472 1330 919 1425 quicumque
946 1326 1263 1398 seditiosi
1298 1325 1601 1417 fuerint,
1633 1344 1780 1400 tam
1811 1332 2156 1406 audacem
2188 1363 2314 1410 au·

178 1440 393 1512 dieris
459 1437 679 1510 fuisse
698 1493 717 1525 ,
762 1452 848 1509 ut
901 1461 1249 1534 umquam
1307 1453 1561 1511 contra
1604 1441 1836 1537 legem
1889 1445 2135 1519 AEliam
2191 1463 2318 1521 aut

178 1549 451 1622 Fufiam
488 1548 880 1621 concilium
926 1547 1306 1619 advocaret
1337 1547 1368 1618 Ρ

264 1666 468 1733 VIII.
504 1663 772 1750 Quaero
805 1657 983 1730 illud
1026 1659 1240 1729 etiam
1284 1682 1373 1729 ex
1403 1671 1512 1747 te,
1569 1675 1965 1735 conatusne
1999 1666 2127 1755 εἰς,
2176 1692 2308 1740 vo·

183 1769 491 1841 luerisne
511 1824 532 1855 ‚
573 1768 890 1865 denique
930 1768 1268 1863 cogitaris
1302 1768 1465 1865 (est
1507 1770 1702 1840 enim
1746 1790 1864 1844 res
1908 1775 2309 1870 ejusmodi,

186 1895 255 1950 ut
278 1936 299 1967 ,
332 1881 396 1951 si
440 1879 579 1951 tibi
615 1876 835 1949 modo
880 1878 958 1949 in
994 1892 1311 1949 mentem
1353 1880 1622 1966 venit¹‚
1662 1906 1878 1953 nemo
1914 1886 2045 1973 sit,
2076 1889 2206 1984 qui
2239 1903 2310 1961 te

187 1989 322 2060 ullo
345 1992 679 2061 cruciatu
703 2012 856 2060 esse
882 1986 1262 2086 indignum
1281 1987 1572 2085 putet),
1599 1992 2024 2086 cogitarisne
2044 2051 2063 2083 ‚
2084 1996 2158 2066 in
2187 1998 2313 2069 illo

186 2115 302 2173 tuo
340 2099 822 2187 intolerabili,
871 2123 1024 2170 non
1066 2123 1295 2194 regno
1343 2098 1564 2193 (nam
1618 2104 1825 2198 cupis
1860 2102 1935 2174 id
1978 2106 2314 2201 audire),

188 2212 300 2283 sed
344 2211 803 2297 latrocinio²‚
830 2233 1057 2306 augur
1092 2207 1251 2277 fieri
1289 2209 1366 2278 in
1398 2210 1487 2299 Q.
1529 2210 1799 2281 Metelli
1816 2208 1852 2254 3·
1875 2212 2163 2285 locum?
2193 2232 2311 2308 ut,

189 2321 629 2419 quicumque
672 2333 744 2391 te
793 2318 1267 2417 adspexisset‚
1310 2316 1670 2416 duplicem
1714 2319 2041 2396 dolorem
2089 2329 2312 2424 gemi-

192 2447 484 2533 tumque
519 2435 956 2531 susciperet‚
1006 2448 1082 2504 et
1123 2456 1213 2502 ex
1255 2430 1613 2504 desiderio
1647 2435 2013 2509 clarissimi
2053 2455 2127 2511 et
2162 2440 2314 2513 for-

186 2547 438 2616 tissimi
466 2547 635 2616 civis
655 2599 675 2631 ‚
707 2558 779 2616 et
814 2567 900 2614 ex
934 2543 1215 2614 honore
1250 2545 1647 2640 turpissimi
1685 2560 1904 2643 atque
1928 2549 2313 2647 improbis·

184 2657 388 2728 simi?
408 2654 687 2728 adeone
716 2679 867 2725 non
895 2651 1317 2756 labefactam
1344 2654 1866 2753 rempublicam
1894 2672 1966 2729 te
1991 2657 2315 2750 tribuno,

186 2790 419 2864 neque
442 2778 996 2863 conquassatam
1031 2762 1386 2833 civitatem
1403 2761 1461 2852 ⁴,
1500 2763 1626 2836 sed
1662 2781 1941 2864 captam
1983 2767 2171 2840 hanc
2198 2795 2318 2841 ur-

182 2874 349 2947 bem
391 2891 615 2972 atque
670 2897 987 2946 eversam
1025 2869 1380 2971 putaris⁵‚
1420 2889 1504 2945 ut
1556 2897 1906 2972 augurem
1945 2879 2313 2951 Vatinium

182 2982 371 3058 ferre
406 2985 835 3084 possemus?
873 2987 1028 3054 Hoc
1063 2981 1227 3053 loco
1258 3005 1542 3078 quaem,
1579 2986 1673 3069 si,
1706 2984 1781 3057 id
1813 2986 2014 3083 quod
2043 3012 2311 3061 concu-

178 3158 390 3192 παφα-ο
417 3140 601 3189 tribuni
627 3140 781 3205 plebis
809 3139 1058 3188 seditiosus
1072 3137 1203 3202 leges
1289 3148 1409 3186 natu
1428 3171 1445 3197 ,
1473 3155 1574 3203 qno
1605 3139 1828 3189 erarium
1858 3141 2109 3205 publicum
2133 3143 2313 3193 exbsu-

180 3223 301 3271 fure
346 3230 615 3282 tentarent,
660 3218 767 3282 lege
809 3219 931 3267 AElia
979 3228 1027 3267 et
1068 3214 1203 3264 Fufia
1291 3215 1417 3274 sisti,
1457 3228 1508 3266 et
1550 3234 1614 3266 ex
1654 3233 1844 3266 summa
1884 3220 2059 3284 inopia
2101 3237 2312 3273 summ-⁸

180 3301 334 3349 bera!
367 3299 641 3358 sancitum,
663 3309 722 3347 nt
750 3309 1019 3347 ceterorum
1054 3295 1207 3359 magi·
1290 3311 1410 3361 opes
1436 3296 1656 3361 effigiati.

178 3391 417 3428 stratuum
449 3377 826 3427 obnuntiatione
847 3376 1101 3426 consilinm
1129 3375 1205 3423 di·
1363 3378 1418 3427 3.
1472 3378 1531 3441 Q.
1574 3376 1778 3426 Metelli.
1825 3377 2040 3440 Quintus
2082 3381 2312 3432 Metellus

178 3461 369 3506 mittere
393 3468 707 3522 cogerentur.
1292 3454 1433 3505 Celer
1463 3456 1571 3505 fuit.
1610 3456 1739 3505 nuic
1767 3456 2026 3506 succedere
2062 3460 2115 3507 in
2149 3464 2312 3512 animo

245 3554 298 3601 9.
347 3538 429 3586 Sic
471 3553 551 3602 pr.
597 3536 792 3594 Sextio,
831 3551 945 3599 cap.
986 3534 1068 3582 15.
1103 3532 1205 3583 Alii
1293 3532 1587 3584 destinatum
1614 3536 1822 3584 habebnt
1850 3537 2107 3601 Vatinius,
2142 3556 2316 3604 qnam·

181 3626 372 3678 nmen,
409 3614 800 3681 praesidentibus.
819 3616 868 3664 J.
886 3615 948 3661 V.
972 3616 1031 3662 L.
1292 3631 1438 3680 qnam
1465 3632 1528 3663 ex
1553 3615 1829 3664 tribunatus
1855 3617 1930 3664 sni
1956 3617 2101 3667 initio
2129 3635 2314 3669 rennn-

257 3710 338 3743 ιο.
368 3696 484 3744 Non
510 3693 804 3743 consulibus.
826 3693 1004 3742 Pisone
1030 3702 1080 3740 et
1104 3693 1204 3741 Ga·
1292 3693 1455 3742 tinsset
1476 3729 1492 3752 ,
1548 3708 1754 3759 augures
1804 3712 1907 3744 non
1960 3697 2313 3762 impedimento

179 3771 341 3822 binio.
1294 3772 1385 3822 sibi
1413 3775 1631 3835 futuros,
1659 3790 1722 3822 ne
1745 3775 1875 3839 leges
1909 3792 2018 3824 suas
2046 3778 2209 3828 ferret.

263 3869 344 3904 ιι.
388 3853 834 3922 conflagraverunt.
857 3851 1008 3900 Velut
1036 3851 1206 3899 incen-
1368 3859 1415 3907 k.
1457 3853 1841 3915 conquassatam
1875 3855 2132 3904 civitatem.
2171 3859 2316 3907 Sedi-

176 3932 266 3981 dio
284 3934 480 3997 periere
496 3943 547 3980 et
563 3931 772 3980 sublatae
789 3941 922 3979 sunt.
1293 3932 1485 3980 tionum
1508 3930 1737 3979 fluctibus
1763 3943 2146 3997 conqussutsm.

242 4016 405 4061 vm.
440 4029 484 4062 1.
525 4012 684 4060 Venit.
727 4011 871 4060 Melit
908 4011 1095 4059 Ernest.
1115 4026 1209 4058 ve·
1371 4012 1421 4060 5.
1466 4010 1615 4074 Vulg.
1655 4021 1856 4074 putares
1879 4046 1897 4072 ‚
1943 4013 2080 4077 quod
2121 4015 2312 4063 Ernest.

174 4093 324 4140 aer-ie.
348 4095 408 4141 J.
426 4095 497 4140 V.
522 4093 578 4140 1..
1295 4107 1497 4157 prorsus
1530 4091 1738 4140 alienum
1774 4093 1981 4154 judicat.
2019 4094 2211 4142 Lellem.
2240 4105 2314 4141 ta-

250 4189 283 4219 ’.ι
299 4208 311 4221 .
335 4171 443 4220 Sed
465 4169 735 4221 latrocinio.
765 4172 820 4218 ln
839 4169 927 4219 illo
953 4180 1039 4218 tuo
1064 4168 1210 4217 tribu·
1298 4188 1409 4221 men
1436 4171 1653 4221 retinuit.
1680 4172 1711 4219 J
1717 4207 1728 4220 .
1747 4174 1811 4220 V.
1839 4174 1889 4221 ῐι.

1977 4278 2002 4325 1
2017 4278 2082 4323 Ο.
