2994 4778
715 414 801 495 34
1331 412 1427 477 M.
1474 410 1550 475 T.
1601 408 2187 479 clcssaoms

712 541 946 630 Atque
975 531 1111 602 illis
1141 543 1295 599 tum
1334 543 1486 600 erat
1512 527 1782 599 reditus
1818 531 1895 598 in
1933 553 2093 600 suas
2129 531 2447 600 civitates
2466 583 2485 617 ,
2518 530 2613 601 ad
2650 556 2815 602 suos

714 643 895 712 lares
923 637 1333 724 familiares3
1367 639 1543 706 etin
1573 635 1697 726 illo
1735 638 2102 707 communi
2131 637 2588 710 incommodo
2619 642 2814 711 nulla

709 753 782 818 in
821 746 1257 844 quemquam
1303 746 1593 841 propria
1623 746 2009 840 ignominia
2047 747 2465 817 nominatim
2495 747 2810 820 cadebat.

708 863 860 926 Hoc
889 878 1055 924 vero
1084 851 1259 949 quid
1288 853 1443 921 est?
1476 851 1976 923 exterminabit
2006 856 2193 924 cives
2219 879 2555 928 romanos
2581 857 2813 929 edicto

710 963 961 1035 consul
988 987 1028 1033 a
1054 964 1200 1031 suis
1232 959 1365 1030 diis
1391 959 1814 1057 penatibus?
1845 962 2153 1058 expellet
2178 987 2221 1033 a
2253 965 2518 1060 patria?
2553 965 2813 1062 deliget

706 1096 919 1171 quem
956 1069 1205 1139 volet?
1232 1068 1600 1139 damnabit
1635 1084 1849 1165 atque
1875 1071 2112 1165 ejiciet
2147 1073 2620 1143 nominatim?
2653 1078 2812 1162 Hic,

706 1189 761 1254 si
816 1202 1157 1277 umquam
1204 1201 1333 1250 vos
1373 1203 1539 1265 eos,
1599 1180 1724 1275 qui
1773 1203 1966 1250 nunc
2017 1181 2185 1251 estis
2212 1183 2270 1266 ⁴,
2318 1183 2394 1251 in
2448 1182 2813 1279 republioe

701 1293 852 1362 fore
888 1302 1245 1387 putasset,
1282 1289 1340 1358 si
1376 1286 1692 1383 denique
1725 1289 2107 1382 imaginem
2141 1287 2576 1383 judiciorum
2599 1287 2653 1377 ⁵,
2692 1307 2812 1362 aut

702 1399 1158 1469 simulacrum
1222 1396 1515 1492 aliquod
1584 1394 1908 1466 futurum
1970 1398 2043 1466 in
2109 1399 2394 1469 civitate
2449 1398 2810 1495 reliquum

701 1506 1150 1593 credidisset,
1192 1529 1539 1601 umquam
1591 1527 1802 1576 ausus
1845 1521 2029 1577 esset
2082 1521 2410 1578 senatum
2451 1507 2543 1578 de
2595 1532 2806 1605 repu-

628 1703 635 1708 ,
698 1619 884 1689 blica
917 1616 1215 1687 tollere?
1254 1615 1582 1710 equitum
1614 1636 2081 1684 romanorum
2119 1639 2367 1712 preces
2403 1616 2834 1712 aspernari?

699 1729 957 1798 civium
1002 1724 1314 1819 denique
1364 1725 1726 1808 omnium,
1770 1722 1973 1790 novis
2022 1738 2095 1792 et
2143 1722 2479 1793 inauditis
2517 1721 2810 1807 edictis,

690 1838 806 1929 jus
844 1832 1386 1927 libertatemque
1404 1826 1437 1873 θ
1478 1830 1932 1926 pervertere?

792 1942 936 2013 Etsi
988 1963 1102 2009 me
1145 1939 1626 2009 attentissimis
1662 1939 1914 2007 animis
1955 1962 2232 2009 summa
2269 1962 2435 2010 cum
2471 1938 2805 2035 benigni-

692 2066 835 2121 tate
869 2049 1165 2135 auditiS,
1199 2046 1505 2141 judices,
1541 2059 1783 2116 tamen
1819 2069 2091 2134 vereor,
2144 2071 2238 2117 ne
2275 2048 2438 2143 quis
2469 2045 2657 2119 forte
2690 2072 2807 2118 ve-

694 2174 921 2230 strum
950 2162 1270 2243 miretur,
1300 2155 1479 2252 quid
1505 2154 1654 2225 haec
1689 2176 1843 2226 mea
1869 2157 2102 2226 oratio
2135 2169 2282 2225 tam
2308 2156 2522 2253 longa
2551 2179 2636 2227 ac
2656 2168 2805 2227 tam

690 2369 752 2418 ab
780 2366 911 2418 Urbe
934 2362 1129 2413 condita
1155 2364 1277 2424 267,
1299 2377 1393 2428 qua
1421 2362 1483 2411 de
1511 2363 1702 2411 re-scri·

688 2459 827 2512 ptum
847 2454 920 2493 est
937 2441 1068 2507 apud
1095 2441 1383 2506 Dionysium
1403 2441 1704 2489 Halicarnas-

691 2541 852 2581 seum,
905 2519 995 2569 lib.
1045 2522 1145 2568 111
1173 2533 1186 2567 ε
1220 2544 1245 2564 .-
1284 2519 1361 2567 Ibi
1412 2517 1703 2566 acclamante

1792 2362 1998 2411 civitatis
2016 2362 2123 2425 jus,
2146 2374 2392 2413 manerent
2409 2396 2427 2424 ,
2448 2362 2605 2412 donec
2626 2365 2807 2430 perfer-

1789 2451 1921 2488 retur
1947 2442 2029 2489 lex
2051 2463 2089 2488 ι.
2116 2442 2305 2491 Deinde
2339 2457 2469 2489 anno
2494 2452 2609 2507 post
2644 2442 2708 2492 U.
2748 2443 2806 2492 C.

1793 2519 1911 2578 531,
1936 2535 2086 2583 quum
2103 2523 2162 2570 C.
2189 2520 2397 2569 Fannius
2420 2535 2525 2570 eoa.
2547 2533 2754 2570 vocato·
2775 2537 2805 2568 a

688 2604 875 2669 populo
924 2611 980 2648 nt
1035 2600 1298 2647 rectissime
1349 2597 1568 2645 monenti
1585 2631 1600 2655 ,
1652 2606 1703 2645 et

688 2678 1097 2747 postulantetolli
1122 2693 1183 2725 ex
1208 2678 1314 2740 lege
1335 2685 1521 2740 partem
1545 2674 1703 2731 illam,

689 2776 797 2824 quae
818 2759 1030 2820 gigneret
1046 2755 1298 2802 dissidium
1313 2788 1327 2813 ,
1349 2754 1543 2802 Cassius
1557 2754 1702 2815 inops

690 2836 910 2892 consilii,
930 2845 986 2882 ut
1006 2833 1091 2897 qui
1106 2848 1195 2879 nec
1214 2831 1440 2879 absistere
1457 2846 1486 2876 a
1505 2829 1699 2877 ferenda

688 2918 792 2977 lege
813 2912 977 2968 vellet,
997 2926 1086 2958 nee
1104 2919 1265 2974 posset
1284 2924 1478 2972 pergere
1496 2908 1701 2956 tribunis

691 2988 1054 3042 adversantibus
1070 3021 1085 3042 ,
1121 2997 1235 3034 tunc
1276 2986 1457 3034 dimisit
1501 2987 1699 3042 concio·

691 3086 801 3117 nem
816 3104 829 3124 .
850 3063 1157 3130 sequentibus
1175 3080 1289 3112 vero
1310 3063 1482 3111 diebus
1502 3062 1700 3110 infirmi·

691 3157 833 3195 tatem
854 3145 1080 3193 simulans
1096 3178 1110 3202 ,
1134 3160 1236 3192 non
1255 3141 1462 3208 amplius
1481 3142 1701 3194 emebat

690 3231 740 3273 in
771 3227 927 3273 forum
942 3259 956 3280 ‚
987 3225 1072 3273 sed
1094 3223 1228 3271 domi
1244 3239 1440 3271 manens
1465 3222 1561 3270 hoc
1585 3238 1700 3287 age·

694 3305 808 3358 bat,
852 3312 909 3349 ut
958 3318 1045 3365 per
1085 3305 1184 3350 vim
1228 3303 1381 3365 legem
1430 3302 1609 3359 fert-et,
1652 3312 1702 3349 et

691 3378 961 3428 accersebat
990 3379 1053 3426 ad
1089 3380 1313 3442 suffragia
1354 3393 1416 3425 ex
1446 3379 1626 3425 Latinis
1650 3389 1702 3426 et

691 3456 916 3506 Hernicis
955 3468 1203 3521 quotquot
1241 3465 1448 3521 poterat.
1491 3456 1570 3504 mi
1609 3457 1701 3506 rte·

693 3546 894 3601 que-ntes
911 3535 1262 3582 conveniebant
1273 3570 1288 3595 ‚
1304 3534 1535 3597 brevique
1553 3535 1702 3599 reple·

693 3625 738 3661 ta
782 3624 853 3661 est
881 3613 996 3660 urbs
1023 3613 1319 3677 hospitibus.
1359 3614 1468 3660 Hoc
1489 3614 1700 3678 'cognito

689 3690 938 3754 Virginius
980 3705 1101 3738 voce
1139 3692 1377 3755 preconia
1416 3692 1574 3739 edixit
1613 3707 1700 3755 per

691 3769 900 3833 compita
921 3805 937 3829 ,
969 3779 1023 3817 ut
1063 3786 1259 3829 omnes,
1283 3770 1459 3833 quibus
1490 3771 1547 3818 in
1579 3772 1699 3820 mbr

1789 2597 1847 2647 C.
1883 2597 2105 2646 Graccho
2139 2598 2205 2646 ad
2234 2598 2516 2665 unffi-agium
2554 2598 2803 2649 temdum

1788 2675 1982 2724 Latinos
2018 2676 2188 2725 eodem
2217 2676 2295 2724 die
2332 2678 2462 2730 exire
2486 2676 2606 2725 urbe
2624 2677 2801 2739 jussit:

1787 2768 1880 2815 qua
1909 2754 1970 2801 de
2010 2770 2060 2802 re
2089 2754 2344 2818 Appianas
2375 2766 2566 2821 aperte,
2594 2770 2685 2803 nee
2710 2755 2804 2803 ob·

1788 2846 1926 2879 seni-e
1946 2831 2208 2880 admodum
2223 2832 2396 2881 Cicero
2417 2834 2468 2880 in
2483 2835 2658 2883 Bruto.

1859 2917 1912 2965 4.
1942 2910 2031 2956 Eos
2043 2944 2060 2968 ‚
2087 2909 2180 2974 qut'
2192 2927 2325 2959 nune
2341 2910 2464 2959 esnlt.
2483 2914 2659 2974 Magna
2680 2928 2803 2976 pre·

1788 2986 1916 3035 ditos
1955 2987 2261 3045 anctoritate,
2307 3000 2356 3036 et
2405 3005 2517 3036 cnm
2562 3000 2803 3052 potestate

1782 3064 2034 3125 judicandi
2052 3079 2065 3114 ε
2088 3067 2297 3129 speravit
2313 3068 2445 3114 enim
2463 3067 2587 3124 fore,
2601 3078 2658 3114 nt
2677 3066 2799 3116 boni

1783 3143 2024 3203 jacerent,
2044 3143 2257 3208 impr9bi
2285 3143 2660 3195 dominanatur.

1862 3223 1907 3270 5.
1925 3221 2201 3285 Imaginem
2216 3221 2520 3282 judiciorum.
2538 3224 2588 3271 Si
2594 3224 2800 3284 judicia,

1786 3309 1870 3346 ant
1910 3299 2112 3347 omnino
2151 3299 2434 3362 imaginem,
2473 3312 2561 3349 ant
2600 3303 2798 3352 simula·

1786 3391 1920 3424 etum
1946 3377 2100 3424 ullum
2119 3376 2413 3437 judicioru-
2438 3379 2542 3428 fos-e
2565 3381 2799 3431 credidis-

1785 3466 1879 3517 set,
1897 3456 1949 3503 in
1963 3467 2325 3519 tempnunt-m
2340 3458 2795 3524 neh-inponunt:

1786 3536 2006 3599 peccavit
2029 3545 2204 3594 antem,
2226 3535 2340 3599 qnia
2359 3537 2590 3601 credidit,
2607 3540 2796 3589 exstin—

1786 3613 1876 3661 ctis
1903 3613 2101 3674 judieii·
2117 3644 2135 3672 ,
2173 3629 2368 3678 ponam
2403 3615 2797 3680 delinquentibus

1785 3692 1966 3741 nnllam
1983 3694 2209 3742 futuram.

1852 3771 1904 3819 6.
1935 3774 2023 3818 Jus
2042 3770 2419 3837 Quantoque.
2452 3776 2543 3822 Jna
2568 3782 2616 3820 et
2644 3775 2796 3824 isper-

692 3863 791 3895 που
835 3858 957 3895 esset
1003 3848 1297 3897 domicilium
1314 3883 1327 3906 ‚
1378 3849 1664 3899 excederent
1682 3886 1695 3909 ,
1711 3879 1739 3910 0
1781 3863 1927 3900 tatem
1945 3852 2179 3901 cuthin-
2201 3854 2380 3919 eripnit
2401 3853 2616 3914 civibus,
2638 3873 2793 3920 quun

688 3925 927 3989 praefinito
976 3928 1038 3974 ad
1080 3928 1134 3975 td
1178 3943 1282 3977 non
1317 3941 1491 3991 mgno
1535 3930 1696 3993 spatio

1781 3945 1865 3978 eos
1878 3964 1893 3988 ‚
1930 3944 2066 3978 sunm
2100 3929 2318 3979 dolonem
2356 3941 2486 3980 veste
2517 3943 2702 3982 mutata
2725 3936 2794 3983 ni-

688 4003 935 4066 temporis.
970 4005 1159 4054 Cassius
1194 4022 1309 4054 vero
1336 4008 1476 4067 §ussit
1509 4019 1695 4056 eona-a-
1777 4007 2081 4072 gnfficanoes,
2106 4009 2169 4056 ad
2189 4010 2608 4076 xre-timavum
2635 4012 2795 4077 depo-

684 4083 809 4129 rium
826 4082 1121 4145 proclamari,
1135 4097 1189 4133 ut
1207 4093 1448 4149 quotquot
1466 4087 1693 4134 baberent

1779 4098 1972 4135 sumant
1986 4121 2000 4146 ,
2015 4087 2171 4135 ndis-e
2185 4089 2345 4148 jusit.
