2994 4778
660 378 751 475 76
1287 391 1384 457 M.
1435 394 1512 460 T.
1564 341 2117 467 'cicERole

652 527 869 599 quam
912 505 985 575 in
1022 504 1179 577 foro
1216 509 1440 581 vidit?
1480 513 1670 610 qua³
1718 543 1807 588 ex
1854 519 2440 591 concertatione⁴
2482 525 2758 634 animo-

648 614 856 683 rum?
901 618 1077 686 Nam
1138 644 1226 689 ex
1276 623 1696 717 pertinacia,
1744 642 1869 697 aut
1920 627 2372 699 constantia⁵
2417 632 2758 705 interces-

649 725 828 793 soris
863 726 1093 796 oritur
1127 751 1311 825 saepe
1349 730 1604 803 seditio
1626 788 1645 821 ‚
1685 735 1895 834 culpa
1929 751 2146 834 atque
2180 738 2639 836 improbitate
2668 743 2759 814 la·

648 837 856 921 toris,
895 838 1281 910 commodo
1317 840 1561 936 aliquo
1596 845 1941 941 imperitis
1962 899 1982 935 ,
2017 862 2141 917 aut
2175 847 2547 947 largitione
2584 875 2757 948 pro-

646 945 916 1038 posita3
954 947 1182 1016 oritur
1217 972 1305 1018 ex
1341 956 1876 1027 concertatione
1910 959 2490 1054 magistratuum;
2529 965 2760 1034 oritur

645 1054 906 1124 sensim
938 1079 1024 1124 ex
1051 1055 1361 1131 clamore
1389 1062 1700 1157 primum
1720 1118 1740 1151 ,
1774 1064 2033 1136 deinde
2064 1067 2300 1162 aliqua
2328 1066 2774 1143 discessione

641 1167 1044 1250 concionis;
1087 1166 1242 1253 vix,
1280 1193 1469 1258 sem,
1519 1185 1593 1242 et
1639 1197 1802 1243 raro
1845 1174 1937 1245 ad
1983 1199 2242 1248 manus
2282 1182 2748 1275 pervenitur:

638 1270 839 1342 nullo
865 1296 1036 1344 vero
1054 1274 1285 1352 ‚verbo
1316 1276 1524 1367 facto,
1552 1280 1750 1351 nulla
1778 1285 2125 1355 concione
2153 1284 2529 1375 advocata,
2553 1289 2751 1361 nulla

637 1379 792 1476 lege
833 1383 1122 1457 recitata
1161 1390 1587 1461 concitatam
1623 1406 2049 1465 nocturnam
2092 1393 2550 1486 seditionem,
2588 1401 2749 1496 quis

634 1488 950 1562 audivit?
2165 1512 2166 1515 ’
2265 1526 2271 1533 ·

726 1603 834 1670 An
861 1604 1237 1679 verisimile
1266 1614 1407 1697 est,
1445 1626 1528 1682 ut
1554 1600 2124 1702 civis⁸romanus‚
2156 1627 2278 1684 aut
2307 1610 2529 1685 homo
2557 1615 2745 1688 liber

630 1708 1009 1805 quisquam
1048 1707 1221 1786 ‘cum
1267 1718 1503 1816 gladio
1538 1722 1613 1790 in
1651 1720 1889 1792 forum
1937 1722 2389 1794 descenderit
2433 1737 2601 1794 ante
2637 1724 2744 1794 lu·

626 1839 818 1905 cem,
869 1844 960 1890 ne
1005 1821 1094 1893 de
1134 1849 1250 1895 me
1299 1825 1467 1898 ferri
1517 1844 1904 1925 pateretur,
1956 1845 2211 1928 praeter
2258 1854 2422 1933 eos,
2475 1833 2603 1927 qui
2645 1831 2738 1903 ab
2771 1904 2828 1931 ο

627 1923 751 1994 illo
796 1928 1134 2023 pestifero
1190 1957 1273 2005 ac
1329 1935 1611 2032 perdito
1662 1940 1814 2010 cive
1856 1938 2296 2037 jampridem,
2330 1940 2739 2038 reipublicae

623 2039 967 2131 sanguine
1023 2042 1529 2137 saginanturss?
1585 2049 1713 2118 Hic
1769 2048 1912 2142 jam
1967 2050 2058 2122 de
2109 2050 2266 2146 ipso
2322 2065 2734 2123 accusatore

619 2167 898 2238 quaero,
939 2151 1067 2244 qui
1108 2155 1175 2222 P.
1226 2144 1540 2225 Sextium
1587 2159 1914 2252 queritur
1949 2183 2110 2229 cum
2153 2158 2614 2235 multitudine
2657 2164 2731 2229 in

620 2250 1030 2344 tribunatu,
1088 2274 1159 2330 et
1200 2286 1362 2332 cum
1408 2265 1739 2361 praesidio
1790 2293 2047 2364 magno
2084 2267 2339 2358 fuisse3
2385 2293 2561 2340 num
2604 2270 2731 2342 illo

617 2357 732 2432 die
784 2360 1018 2438 fuerit.
1079 2373 1286 2442 Certe
1314 2427 1333 2460 ,
1394 2389 1589 2449 certe
1653 2403 1803 2449 non
1867 2377 2019 2449 fuit.
2084 2380 2286 2450 Victa
2343 2380 2561 2477 igitur
2620 2395 2732 2453 est

613 2494 822 2544 causa
858 2477 1305 2575 reipublicae,
1350 2498 1424 2554 et
1461 2489 1681 2574 victa,
1726 2512 1874 2557 non
1912 2489 2279 2584 auspiciis,
2323 2513 2472 2558 non
2510 2490 2730 2560 inter-

611 2587 964 2676 cessione,
1029 2614 1181 2661 non
1221 2591 1606 2691 suffragiis;
1655 2596 1778 2668 sed
1820 2600 1932 2684 vi,
1983 2621 2202 2667 manu
2228 2650 2248 2683 ‚
2290 2594 2499 2667 ferro.
2538 2600 2722 2669 Nam

607 2693 663 2760 si
702 2693 1193 2772 obnuntiasset
1223 2701 1544 2775 Fabricio
1582 2707 1640 2775 is
1665 2718 1980 2802 praetor7,
2016 2709 2143 2802 qui
2176 2729 2250 2777 se
2281 2729 2591 2777 servasse
2628 2707 2722 2780 de

604 2801 774 2873 caelo
809 2805 1118 2897 dixerat,
1165 2815 1547 2907 accepisset
1578 2815 1978 2912 respublica
2009 2815 2285 2913 plagam
2309 2871 2329 2904 ,
2366 2817 2488 2887 sed
2522 2842 2680 2889 eam
2700 2874 2720 2907 ,

602 2933 820 3004 quam
867 2931 1228 3014 acceptam
1266 2944 1551 3017 gemere
1583 2939 1824 3022 posset
1857 2951 1873 2992 τ
1927 2925 1985 2995 si
2016 2927 2525 2998 intercessisset
2561 2929 2715 2999 col·

601 3017 757 3115 lega
800 3022 1161 3117 FabriciO,
1218 3028 1507 3103 laesisset
1556 3033 2111 3132 rempublicam,
2151 3035 2276 3114 sed
2319 3035 2715 3132 rempubli-

665 3161 717 3208 3.
744 3162 960 3211 Lambin.
979 3164 1083 3214 sine
1102 3165 1272 3233 aliqua
1287 3186 1330 3219 c.
1352 3171 1386 3219 J
1388 3207 1402 3220 .
1413 3173 1476 3219 V.
1500 3174 1557 3222 L.
1692 3172 1942 3221 adversum
1963 3173 2282 3238 infestumque
2306 3171 2480 3237 nobis,
2502 3190 2672 3222 eorum
2691 3211 2709 3237 ,

665 3247 713 3295 4.
732 3240 1098 3293 concertatione
1110 3280 1127 3305 ‚
1147 3258 1242 3297 etc.
1264 3249 1455 3298 Caedem
1472 3249 1606 3299 illam
1691 3267 1815 3315 qnos
1831 3254 1885 3301 P.
1903 3251 2063 3301 Clodii
2084 3252 2220 3301 furor
2240 3253 2443 3317 rapinis,
2465 3263 2516 3300 et
2541 3254 2710 3302 incen-

590 3325 770 3364 tautam
795 3335 905 3382 qua:
928 3320 979 3369 iu
1007 3322 1116 3371 foro
1141 3325 1263 3373 facta
1288 3337 1386 3385 est,
1418 3343 1513 3390 qua
1539 3344 1600 3375 ex
1692 3329 1800 3385 diis,
1815 3341 1862 3377 et
1880 3330 2103 3378 omnibus
2121 3331 2280 3379 exitiis
2293 3330 2501 3396 publicis
2513 3334 2652 3396 pavit
2663 3354 2708 3384 υ.

587 3397 945 3447 concertatione
981 3412 1143 3449 natam
1182 3402 1427 3452 vidimus?
1467 3406 1599 3453 nulla
1760 3426 1809 3469 7.
1859 3412 1909 3457 Is
1941 3422 2145 3473 pree-tor.
2197 3410 2250 3459 Si
2284 3422 2462 3474 praetor
2505 3410 2527 3476 (
2559 3427 2708 3474 quem

584 3470 802 3522 seilicet:
828 3476 1010 3525 nullam
1043 3479 1171 3526 euim
1210 3491 1295 3528 aut
1330 3482 1596 3543 Fabricius,
1684 3486 1900 3550 Appium
1931 3487 2096 3535 Clodii
2125 3490 2317 3537 fratrem
2344 3489 2705 3559 subintelligit)

583 3560 666 3598 aut
699 3551 889 3615 Cispius
919 3557 1221 3605 occasionem
1257 3575 1433 3623 pugna
1464 3577 1597 3610 com·
1684 3564 1885 3614 dixisset
1917 3582 1968 3614 se
1998 3577 2233 3631 spectasse
2264 3568 2325 3615 de
2357 3568 2506 3626 cdo,
2541 3585 2708 3632 neque

580 3629 827 3678 mittendae
844 3633 1176 3696 praebuerunt.
1273 3683 1277 3688 ,
1681 3643 1793 3691 ideo
1815 3660 1926 3692 cum
1947 3644 2134 3710 populo
2158 3646 2236 3709 agi
2261 3662 2405 3710 posse
2419 3680 2434 3706 ,
2457 3663 2569 3695 sane
2590 3649 2702 3696 vul-

650 3707 696 3756 5.
730 3710 1040 3774 Pertinacia,
1060 3725 1149 3761 ane
1163 3715 1460 3765 constancia.
1482 3719 1595 3767 Per·
1681 3738 1773 3770 nus
1799 3726 2061 3788 accepisset
2091 3724 2384 3788 respublica,
2405 3726 2488 3773 sed
2507 3742 2700 3790 gemere

578 3784 750 3835 tinacia
775 3820 792 3847 ,
844 3805 992 3852 quum
1037 3792 1351 3842 interceditur
1398 3797 1591 3846 salutari
1678 3801 1823 3850 silens
1841 3804 2073 3868 potuisset
2085 3838 2099 3863 ,
2119 3803 2255 3866 qnod
2272 3803 2332 3851 de
2349 3820 2426 3851 me
2443 3806 2705 3854 restituen-

574 3864 695 3928 legi;
718 3870 1014 3931 constantia,
1044 3886 1194 3934 quum
1216 3873 1520 3943 perniciose,
1677 3878 1742 3928 do
1772 3891 1889 3928 tunc
1917 3883 1994 3946 agi
2024 3898 2123 3929 non
2154 3882 2349 3942 liceret;
2386 3882 2554 3931 saltem
2590 3900 2701 3933 non

639 3946 690 3994 6.
748 3946 994 4011 Sanguine
1039 3951 1377 4015 saginantur?
1429 3955 1584 4004 Simili
1672 3958 1851 4005 civium
1886 3960 2050 4008 ffinera
2085 3962 2283 4009 vidisset
2304 3996 2318 4020 ,
2354 3978 2444 4009 nec
2475 3978 2531 4010 ea
2569 3978 2702 4014 esset

570 4024 849 4089 metaphora
867 4024 927 4072 dc
939 4026 1107 4075 iisdem
1124 4045 1240 4077 usus
1259 4041 1332 4078 est
1349 4032 1399 4078 in
1418 4049 1473 4080 ea
1490 4050 1582 4099 pro
1669 4036 1838 4084 affecta
1858 4039 1996 4103 plaga
2012 4073 2029 4100 ,
2051 4056 2160 4104 quac
2177 4041 2403 4104 gemitum
2427 4057 2625 4090 omnem
2645 4055 2699 4092 et

567 4102 754 4151 Milone
779 4116 793 4150 ε
829 4125 852 4144 ‹-
873 4103 1067 4168 Uuum,
1098 4106 1291 4171 inquit,
1320 4121 1469 4174 genus
1509 4122 1581 4160 est
1668 4114 1912 4178 planctum
1936 4130 2203 4185 exsuperat.
