2994 4778
672 422 810 518 570
1289 428 1387 495 M.
1436 428 1513 495 T.
1567 429 2143 502 cmERoms

667 549 874 617 terita
924 570 1056 643 pro
1104 545 1330 617 nihilo
1380 561 1521 633 est,
1573 553 1740 645 quia
1797 565 2046 645 postea
2100 552 2292 623 nulla
2344 549 2587 624 futura
2635 557 2771 627 sit?

667 660 1125 753 Quamquam
1166 657 1301 727 iste
1329 669 1497 727 tuus
1523 659 1804 729 animus
1840 683 2237 756 numquam
2262 662 2372 734 his
2403 667 2772 761 angustiis,

665 791 845 863 quas
885 781 1137 837 natura
1174 765 1384 837 nobis
1407 766 1496 838 ad
1529 768 1913 839 vivendum
1944 770 2173 860 dedit,
2203 787 2584 845 contentus
2613 773 2776 862 fuit,

666 901 1096 976 semperque
1128 877 1677 948 immortalitatis
1713 903 1958 950 amore
1992 878 2385 977 flagravit².
2421 887 2576 954 Nec
2614 908 2778 956 vero

665 987 817 1058 haec
862 1002 985 1057 tua
1033 987 1174 1057 vita
1226 984 1600 1059 duceuda³
1644 1003 1789 1076 est,
1825 1013 1987 1086 quae
2032 1013 2342 1088 corpore
2399 1006 2470 1062 et
2524 995 2780 1090 spiritu

670 1097 1102 1168 continetur.
1156 1096 1323 1183 Illa,
1360 1098 1691 1191 inquam,
1727 1098 1847 1168 illa
1884 1100 2029 1170 vita
2073 1114 2182 1171 est
2221 1104 2428 1189 tua⁴,
2473 1126 2636 1198 quae
2685 1104 2780 1172 vi-

666 1204 867 1303 gebit
902 1210 1246 1276 memoria
1281 1205 1706 1277 saeculorum
1752 1209 2111 1296 omnium,
2150 1235 2368 1306 quam
2408 1214 2783 1309 posteritas

668 1312 838 1399 alet,
873 1338 1091 1410 quam
1126 1317 1278 1413 ipsa
1325 1317 1682 1387 aeternitas
1717 1340 2005 1414 semper
2046 1318 2372 1391 tuebitur
2393 1317 2444 1390 ⁵.
2489 1324 2668 1393 Huic
2705 1338 2781 1392 tu

666 1425 1038 1512 inservia5‚
1089 1424 1257 1496 huic
1313 1441 1385 1496 te
1439 1440 1786 1512 ostentm,
1837 1442 2171 1525 oportet:
2234 1456 2396 1527 quae
2449 1431 2779 1528 quidem,

669 1559 830 1630 quae
866 1537 1199 1623 miretur,
1238 1536 1378 1629 jam
1427 1534 1704 1633 pridem
1743 1529 1969 1608 multa
2013 1539 2261 1628 habet3
2296 1565 2498 1612 nunc
2537 1547 2780 1625 etiam,

670 1671 831 1744 quae
868 1645 1144 1733 laudet,
1179 1661 1543 1744 exspectat
1557 1643 1613 1716 ⁶.

762 1756 1296 1852 obstupescent
1320 1759 1586 1853 posteri
1612 1771 1803 1829 certe
1823 1760 2144 1855 imperia,
2163 1761 2592 1856 provincia&
2607 1758 2780 1829 Rhe·

669 1892 845 1938 num
861 1877 918 1952 7,
957 1870 1357 1953 Oceanum,
1400 1867 1676 1952 Nilum,
1710 1891 1987 1965 pugnas
2036 1867 2635 1953 innumerabileS‚
2671 1873 2778 1937 in·

673 1975 1048 2047 credibiles
1109 1976 1473 2061 victoriae,
1537 1993 2047 2063 monumenta,
2103 2002 2400 2049 munera
2419 1975 2477 2062 ⁸,
2544 1984 2781 2048 nium-

671 2084 859 2180 phos
912 2082 1282 2154 audientes
1318 2098 1393 2155 et
1431 2084 1749 2180 legentes
1803 2100 1987 2156 tuos.
2033 2086 2212 2170 Sed,
2253 2077 2391 2158 nisi
2428 2088 2582 2158 baec
2617 2086 2781 2158 urbs

668 2190 975 2263 stabilita
1002 2197 1141 2264 tuis
1166 2193 1478 2272 consiliis
1499 2210 1570 2266 et
1597 2197 1939 2267 institutis
1965 2197 2098 2267 erit
2120 2253 2139 2282 ‚
2175 2195 2551 2294 vagabitur
2573 2199 2781 2267 modo

739 2430 788 2462 2.
818 2414 1205 2463 Imm-talitatis
1237 2431 1405 2465 amore
1415 2415 1678 2483 flagravit.

670 2494 844 2543 Cieero
860 2494 919 2541 de
946 2509 1080 2541 more
1104 2494 1307 2557 gloriam
1327 2496 1716 2558 sempiternam,

669 2576 847 2622 virtute
869 2586 1053 2639 partam
1072 2608 1088 2632 ,
1128 2590 1239 2621 eum
1267 2575 1555 2639 sempiterna
1583 2575 1683 2620 vita

666 2655 924 2718 conjungit
947 2664 1152 2701 mortem
1178 2664 1440 2716 sequutura
1461 2668 1475 2701 ε
1503 2654 1630 2700 hanc
1656 2668 1684 2699 e

667 2735 1024 2781 Socraticorum
1064 2733 1201 2780 libris
1240 2732 1460 2780 haustam
1506 2730 1687 2780 doctri-

670 2827 779 2876 nam
805 2812 1010 2858 maxime
1036 2812 1086 2858 iu
1113 2811 1399 2858 Tusculanis
1422 2811 1683 2873 expressit,

669 2890 718 2947 1,
742 2891 807 2936 30
826 2905 933 2952 sqq.
955 2891 1120 2937 Somn.
1140 2890 1404 2955 Scipionis,
1428 2892 1485 2948 8,
1503 2906 1535 2951 9
1555 2903 1570 2948 ;
1594 2905 1685 2952 pro

671 2968 820 3017 Arch.
849 2969 923 3025 11,
959 2983 1049 3028 1²3
1080 2968 1243 3017 Plane.
1272 2970 1377 3030 373
1412 2969 1550 3017 Balb.
1582 2983 1683 3029 αις

672 3036 800 3096 Phil.
819 3037 960 3099 XIV.
992 3062 1071 3095 12.

742 3127 791 3175 3.
806 3127 1056 3174 Ducenda.
1076 3126 1281 3189 Recepit
1304 3125 1516 3174 dicenda
1531 3125 1686 3173 Wolf.

670 3206 897 3254 videlicet
935 3217 990 3253 ut
1017 3220 1264 3253 censuram
1290 3206 1538 3269 peragenti
1567 3204 1686 3251 faci·

666 3283 764 3332 lius
797 3285 874 3333 sit.
906 3311 975 3321 —
1005 3283 1305 3334 Contineeur.
1328 3284 1442 3331 Vita
1478 3284 1687 3331 huruuua

672 3364 893 3411 consistit
925 3362 976 3409 in
1000 3378 1204 3425 corpore
1229 3360 1336 3425 (seu
1362 3363 1586 3426 corporis
1608 3378 1690 3409 ex·

674 3442 913 3499 sistentia,
955 3451 1012 3487 ut
1039 3440 1234 3502 dicunt)
1273 3449 1321 3487 et
1362 3441 1538 3504 spiritu
1580 3441 1689 3501 (seu

673 3522 725 3568 iu
765 3538 863 3569 non
908 3523 1182 3586 interrupto
1225 3521 1424 3585 spidtus
1462 3520 1599 3567 ducti
1640 3531 1690 3567 et

674 3600 855 3648 redditi
896 3599 1078 3664 motu),
1112 3610 1166 3647 ut
1209 3614 1263 3646 ea
1309 3597 1449 3645 duret
1466 3631 1480 3653 ,
1530 3598 1689 3645 donec

673 3683 909 3744 integrum
939 3695 1050 3727 cum
1076 3678 1247 3743 spiritu
1272 3676 1413 3723 duret
1439 3692 1635 3740 corpus.

750 3770 779 3817 4
795 3797 808 3808 .
832 3763 988 3808 Immo
1003 3793 1019 3815 ,
1038 3761 1227 3806 Ernest.
1250 3755 1477 3804 suadente
1493 3792 1509 3815 ,
1535 3777 1560 3798 ιι
1575 3754 1663 3803 Illa
1681 3791 1694 3813 ‚

1769 2417 1938 2464 oeroui
1978 2415 2311 2465 adulationem
2356 2418 2580 2477 refellam
2616 2420 2782 2471 etnim

1768 2495 1830 2542 ad
1872 2496 1997 2544 bane
2040 2497 2165 2545 diem
2205 2498 2328 2562 quid
2366 2508 2580 2562 gesserat
2610 2500 2782 2554 eaor,
2863 2532 2875 2549 .

1770 2586 1970 2638 propter
1994 2577 2128 2639 quod
2154 2577 2394 2640 diligere,
2431 2578 2633 2637 colere,
2665 2578 2785 2626 beni-

1769 2653 1981 2702 volentia
2030 2656 2290 2721 complecti
2336 2659 2487 2721 (qnae
2536 2660 2700 2705 omnia
2739 2659 2783 2704 in

1772 2733 1923 2797 gloria
1940 2768 1955 2793 ,
1974 2746 2032 2783 ut
2056 2752 2202 2801 supra
2229 2735 2589 2789 demonstravit
2612 2748 2785 2793 oratur,

1772 2812 2101 2877 continentur)
2144 2831 2253 2862 eum
2292 2827 2494 2878 possent
2539 2816 2786 2863 homines?

1773 2890 1943 2954 Ecquo
1963 2892 2060 2940 alio
2078 2909 2221 2956 quam
2241 2892 2443 2940 latronis
2461 2895 2579 2953 jure
2597 2909 2786 2958 oppres·

1773 2985 1874 3017 sam
1929 2970 2110 3017 civium
2165 2972 2434 3019 libertatem
2498 2973 2786 3019 sustulerat?

1773 3050 1894 3111 Qu:
1946 3049 1990 3096 si
2026 3060 2193 3098 orator
2233 3050 2398 3113 gravi,
2446 3049 2534 3097 sed
2582 3051 2785 3098 modesta

1774 3128 1994 3175 oratioue
2017 3129 2268 3176 dictatoris
2287 3129 2451 3175 animo
2484 3129 2682 3177 admotu
2706 3146 2783 3176 vo·

1774 3206 1892 3263 luit,
1926 3222 2027 3253 non
2051 3207 2276 3254 subtilius
2307 3208 2623 3271 propositum
2651 3211 2785 3255 attin·

1774 3300 1885 3348 gere
1925 3285 2119 3349 potuit3
2155 3301 2304 3349 quum
2350 3300 2406 3332 ea
2454 3302 2568 3349 quae
2606 3288 2784 3334 darton

1773 3364 2049 3421 videantur,
2061 3364 2222 3412 statim
2240 3365 2468 3427 corrigat,
2487 3367 2786 3428 monitusque

1774 3443 1933 3491 Cesar
1952 3458 2054 3490 non
2078 3444 2229 3506 possit
2252 3458 2554 3490 succensere.

1848 3537 1896 3580 7.
1917 3522 2150 3569 Rhenum.
2179 3524 2449 3571 Germanos
2480 3539 2508 3569 a
2549 3532 2601 3569 te
2623 3526 2784 3570 victos.

1775 3625 1837 3635 -
1876 3601 2144 3647 Oceanaeem.
2184 3601 2459 3648 Britannos.
2502 3627 2573 3638 —-
2613 3601 2788 3648 Nilum.

1781 3676 2155 3726 Alexandrinos.
2194 3705 2263 3715 —-
2301 3680 2635 3728 Honumetua.
2672 3682 2717 3726 Δ
2746 3691 2790 3727 te

1781 3765 2125 3804 exstructa.--
2140 3759 2360 3805 Munera.
2375 3758 2675 3821 Triumphus
2699 3774 2725 3805 a
2749 3766 2790 3804 te

676 3835 799 3900 illa,
834 3841 1061 3903 inquam,
1107 3838 1206 3884 vita
1252 3847 1325 3884 est
1362 3845 1442 3882 tua
1463 3857 1505 3883 -.
1546 3835 1695 3882 Multi
1781 3847 2004 3898 peractos
2046 3846 2096 3884 et
2137 3834 2267 3883 ludis
2311 3834 2790 3898 magnificentissimis

677 3919 819 3964 etiam
837 3918 1024 3964 addunt
1044 3916 1225 3963 Coesar.
1249 3917 1298 3963 J.
1318 3918 1380 3963 V.
1410 3916 1467 3962 L.

749 3996 798 4042 5.
831 3994 1064 4041 Ήιεόἰων.
1092 3994 1221 4042 Male
1244 3994 1360 4041 olim
1381 3992 1659 4041 intuebitur.

748 4076 801 4123 6.
821 4074 1099 4137 Exspectat.
1119 4072 1297 4119 Audax
1316 4082 1362 4118 et
1386 4087 1499 4118 saue
1519 4087 1694 4118 consu·

680 4154 771 4202 lari
799 4153 943 4217 digna
974 4167 1102 4211 vox,
1136 4162 1184 4198 et
1214 4167 1323 4215 quoe
1349 4150 1587 4210 objectam
1614 4151 1693 4197 Ci-

1788 3924 2063 3963 exornstos.
2133 3932 2138 3937 ·

1856 3994 1904 4041 8.
1930 3993 2091 4043 Codd.
2125 3992 2353 4041 nonnulli
2378 4004 2690 4040 monumenta
2716 3992 2791 4038 in·

1785 4087 2004 4119 neemera.
2034 4073 2233 4119 Servant
2261 4070 2374 4119 edd.
2405 4071 2598 4126 multae,
2637 4081 2684 4117 et
2712 4070 2790 4117 de·

1773 4146 1939 4197 ‚sendit
1967 4150 2025 4198 B.
2051 4150 2237 4198 Weiok.
