2994 4778
664 410 800 495 304
1294 407 1390 475 M.
1442 409 1526 477 Τ.-
1573 409 2136 480 CICERONIS

666 532 916 606 habuit
958 521 1316 601 bellorum
1342 542 1560 625 atque
1577 529 2055 627 imperiorum
2093 532 2620 604 maximorum?
2645 558 2754 606 cu-

655 647 775 740 jus
836 640 1162 739 plerique
1217 638 1524 736 aequales
1574 639 1817 711 minus
1867 663 2052 738 saepe
2110 654 2340 712 castra
2404 642 2750 725 viderunt,

659 776 878 851 quam
920 750 1051 821 'hic
1109 748 1619 844 triumphavit?
1671 752 1793 846 qui
1855 764 1965 820 tot
2021 749 2291 821 habeta*
2331 751 2754 851 triumphos,

659 877 843 960 quot
868 886 1009 933 orae
1046 873 1215 930 sunt
1241 872 1624 957 partesque
1657 860 2058 930 terrarum}>
2102 873 2207 930 tot
2251 862 2585 931 victorias
2617 859 2753 931 bel-

662 975 868 1060 licas,
919 986 1101 1071 quot
1135 983 1307 1042 sunt
1346 974 1422 1039 in
1468 992 1713 1040 rerum
1763 984 2019 1040 natura
2060 994 2324 1067 genera
2364 970 2758 1043 bellorum?

659 1093 769 1160 An
792 1090 1162 1185 ingenium
1193 1085 1221 1155 P
1274 1106 1501 1182 quum
1531 1084 1745 1153 etiam
1779 1085 1915 1180 ipsi
1947 1107 2153 1155 casus
2186 1100 2621 1182 eventusque
2651 1108 2751 1154 re-

659 1223 854 1284 rum,
892 1222 1041 1269 non
1093 1195 1343 1280 duces,
1382 1192 1508 1265 sed
1558 1194 1857 1264 comites
1904 1193 2062 1289 ejus
2104 1196 2565 1268 consiliorum
2613 1193 2754 1264 sue-

656 1309 858 1383 rint?
916 1312 993 1378 in
1043 1330 1196 1401 quo
1255 1328 1408 1376 uno
1463 1304 1562 1374 ita
1595 1325 1885 1374 ⁴summa
1942 1300 2234 1376 fortuna
2281 1330 2450 1376 cum
2502 1327 2754 1378 summa

654 1422 919 1491 virtute
980 1415 1308 1501 certavit,
1361 1429 1442 1484 ut
1503 1417 1833 1484 omnium
1881 1413 2197 1508 judicio,
2245 1416 2413 1512 plus
2452 1416 2708 1488 homini
2732 1469 2752 1498 ,

656 1551 873 1628 quam
919 1526 1066 1598 deae
1090 1580 1110 1612 ‚
1167 1521 1664 1595 tribueretur?
1704 1526 1815 1592 An
1856 1523 2095 1621 pudor
2114 1524 2168 1612 ⁵,
2214 1550 2308 1597 an
2374 1527 2754 1624 integritas,

556 1699 565 1710 κ
660 1666 752 1712 an
780 1638 1031 1735 religio
1058 1637 1136 1706 in
1172 1659 1299 1722 eo,
1337 1657 1430 1705 an
1467 1633 1836 1729 diligentia
1860 1659 2208 1732 umquam
2237 1638 2583 1734 requisita
2618 1635 2755 1708 est?

655 1770 874 1845 quem
915 1744 1300 1843 provinciae
1351 1758 1648 1828 nostrae,
1698 1767 1920 1838 quem
1959 1744 2167 1817 liberi
2204 1747 2505 1844 populi,
2548 1767 2752 1845 quem

653 1880 878 1953 rege3‚
899 1877 1119 1952 quem
1135 1868 1397 1925 exterae
1423 1868 1707 1951 gentes,
1733 1855 2111 1925 castiorem
2131 1910 2150 1939 ,
2191 1857 2758 1942 moderatiorem,

655 1966 1080 2040 sanctiorem
1106 2018 1125 2051 ‚
1155 1988 1308 2036 non
1372 1963 1596 2034 modo
1652 1964 2027 2053 viderunt,
2063 1967 2189 2037 sed
2240 1981 2368 2038 aut
2416 1966 2757 2066 sperando

650 2099 1031 2175 umquam,
1058 2087 1182 2144 aut
1220 2071 1545 2171 optando
1586 2075 2133 2172 cogitaverunt?
2164 2077 2359 2166 Quid
2404 2078 2624 2148 dicam
2665 2074 2756 2144 de

652 2186 1116 2258 auctoritate?
1144 2209 1306 2282 quae
1334 2198 1528 2255 tanta
1556 2198 1699 2273 est,
1737 2199 2008 2283 quanta
2047 2187 2123 2257 in
2165 2186 2278 2259 his
2313 2189 2521 2259 tantis
2543 2189 2756 2255 virtu·

652 2294 849 2387 tibus
873 2319 957 2366 ac
981 2292 1313 2366 laudibus
1348 2317 1502 2366 esse
1537 2293 1776 2367 debet.
1810 2296 1948 2367 Cui
1983 2311 2273 2368 senatus
2306 2297 2762 2396 populusque

650 2429 993 2479 romanus
1040 2405 1487 2501 amplissimae
1554 2405 1917 2502 dignitatis
1977 2411 2262 2505 praemia
2322 2408 2574 2496 dedit,
2617 2431 2760 2478 non

649 2514 1042 2614 postulanti
1068 2515 1390 2612 imperia,
1412 2538 1662 2586 verum
1694 2517 1905 2587 etiam
1944 2514 2355 2590 recusanti⁶
2389 2545 2407 2588 z
2441 2519 2664 2615 hujus
2684 2517 2765 2588 de

650 2727 728 2777 xit
740 2759 756 2788 ,
781 2739 830 2775 et
849 2741 1001 2791 quum
1018 2742 1046 2774 e
1067 2722 1386 2776 Carboniani:
1412 2739 1538 2770 unus
1552 2740 1664 2772 eum

648 2794 827 2853 scholae
866 2806 1204 2868 imperatorem
1244 2818 1345 2849 esse
1375 2801 1600 2862 dixisset,
1634 2818 1662 2850 s

650 2883 971 2949 praesentibus
1031 2883 1221 2929 occisus
1276 2891 1432 2928 morte
1481 2880 1660 2944 linguae

651 2963 992 3027 procacitatem
1037 2960 1270 3024 expiavit.
1322 2960 1402 3008 Bis
1450 2960 1660 3024 denique

648 3053 907 3105 antequam
950 3056 1038 3106 per
1085 3050 1273 3088 aetstem
1319 3050 1513 3088 senator
1559 3057 1660 3088 esse

647 3128 846 3184 posset,
866 3119 1207 3185 triumphavit,
1247 3130 1303 3168 ut
1336 3119 1512 3167 merito
1540 3136 1655 3166 cen-

645 3200 834 3247 soribus
852 3200 903 3246 in
922 3199 1205 3247 recensione
1219 3199 1435 3262 equitum
1455 3213 1657 3261 respon·

649 3276 773 3325 derit
791 3314 807 3337 ‚
834 3294 885 3325 se
911 3279 1073 3326 omnis
1099 3277 1347 3343 stipendis
1372 3292 1424 3325 se
1444 3277 1656 3342 impers-

646 3365 752 3402 tore
776 3358 1020 3405 meruisse.

720 3441 767 3488 4.
796 3433 891 3494 Qui
903 3444 976 3482 ωε
992 3433 1140 3481 habet
1154 3432 1434 3497 triumphos.
1444 3435 1660 3482 Velleius

646 3510 712 3559 iu
737 3509 799 3558 de
820 3511 1080 3575 Pompeio,
1102 3514 1184 3572 11,
1222 3513 1290 3569 4⁰
1310 3546 1325 3568 ‚
1358 3520 1385 3567 4
1408 3526 1422 3561 :
1449 3534 1476 3555 ι
1497 3515 1659 3574 Hujus

645 3589 739 3636 viri
766 3588 1005 3651 fastigium
1031 3589 1178 3636 tantis
1207 3588 1432 3649 auctibus
1463 3590 1659 3639 fortuna

1751 2740 1915 2774 eoram
1957 2727 2181 2791 pluribus
2222 2728 2419 2777 erubuit
2445 2753 2493 2777 a.
2529 2729 2768 2779 libentius

1751 2815 1912 2854 tamen
1938 2806 2230 2873 interpreter
2256 2808 2317 2856 de
2342 2824 2406 2856 eo
2428 2810 2656 2874 pudore,
2678 2823 2766 2872 quo

1749 2886 1860 2950 quis
1935 2889 2242 2953 semetipsum
2312 2889 2767 2953 conscientiamque

1745 2959 2173 3017 susm‘revemtur.

1819 3044 1871 3094 6.
1887 3046 2158 3097 Recumnti.
2181 3048 2445 3097 Recusnvit
2463 3048 2766 3098 administra·

1747 3123 1929 3172 tionem
1970 3125 2085 3174 belli
2125 3128 2333 3192 piratici.
2373 3129 2508 3176 Vide
2558 3130 2758 3178 Dionem

1745 3201 1891 3251 initio
1908 3203 2022 3252 libri
2043 3208 2269 3255 xxxvl
2284 3241 2299 3265 ‚
2323 3207 2414 3254 ubi
2438 3209 2549 3256 fusa
2575 3206 2763 3255 Gebinii

1743 3279 2001 3346 imperium
2027 3284 2303 3334 mandantis
2322 3321 2337 3346 ‚
2371 3297 2422 3334 et
2449 3287 2672 3352 Pompeii
2694 3301 2770 3332 Νε-

1745 3363 1956 3410 cusantis
1997 3364 2204 3413 habetur
2241 3367 2420 3416 oratio.
2460 3372 2640 3418 Iterum
2655 3400 2670 3422 ,
2710 3374 2766 3412 ¹³²

1746 3453 1907 3490 namt
1934 3442 2220 3493 Plutarchus
2245 3445 2298 3493 in
2324 3447 2434 3507 ejus
2469 3449 2598 3507 vita,
2621 3460 2774 3509 quum

1745 3520 1959 3585 populus
1982 3522 2026 3570 ei
2048 3521 2229 3571 bellum
2266 3524 2668 3574 Mithridaticum
2694 3524 2778 3571 de-

1753 3598 1963 3659 tulisset,
1988 3601 2274 3651 exclamavit
2299 3619 2314 3652 :
2341 3604 2425 3651 -O
2452 3602 2778 3670 inexplicabi-

644 3666 819 3717 extulit
839 3703 852 3724 ‚
885 3678 939 3715 ut
965 3667 1175 3732 primum
1197 3683 1258 3715 ex
1278 3668 1467 3725 Africa,
1487 3669 1663 3718 iterum

643 3762 707 3797 ex
726 3748 951 3810 Europe,
980 3746 1125 3793 tertio
1153 3762 1214 3794 ex
1242 3746 1360 3794 Asis
1389 3747 1662 3813 triumpha-

642 3836 718 3874 ret
748 3840 763 3874 :
807 3835 857 3874 et
893 3834 1018 3889 quot
1058 3834 1218 3889 partes
1255 3834 1487 3874 terrarum
1529 3828 1661 3876 orbis

642 3916 778 3961 snut,
817 3903 1021 3952 totidem
1046 3904 1222 3955 faceret
1247 3917 1557 3955 monuments
1585 3909 1658 3956 vi-

641 3985 806 4033 ctorioe
829 3999 928 4031 suae
938 4003 977 4032 ι.

715 4065 762 4113 5.
783 4062 966 4111 Pudor.
986 4064 1154 4112 senec.
1174 4064 1316 4129 epist.
1345 4080 1366 4111 1
1382 4080 1402 4113 ι
1425 4080 1439 4113 :
1472 4087 1495 4108 ι
1518 4066 1656 4116 Nihil

641 4143 837 4192 mollius
869 4159 957 4191 ore
981 4143 1230 4207 Pompeii,
1266 4160 1530 4210 numquam
1555 4154 1658 4196 non

1750 3676 1820 3727 les
1844 3696 1978 3728 meos
2001 3679 2213 3730 lahores!
2240 3693 2426 3746 quanto
2453 3686 2618 3747 magis
2639 3699 2788 3749 expe-

1751 3757 1952 3806 tendum
1971 3758 2127 3808 fuerat
2143 3797 2157 3821 ,
2180 3772 2237 3809 ut
2255 3762 2457 3825 ignotus
2481 3763 2535 3811 in
2567 3764 2788 3811 tenebris

1742 3835 1949 3896 jacerem
1965 3873 1980 3898 ‚
2027 3839 2068 3886 si
2106 3839 2271 3887 nullus
2310 3856 2546 3905 umquam
2598 3844 2791 3891 militia

1747 3913 1943 3962 dabitur
1977 3914 2089 3965 finis
2113 3938 2156 3964 υ.
2194 3921 2375 3967 Verum
2421 3919 2478 3967 id
2523 3921 2790 3969 simulasse

1744 3995 1908 4059 potius
1927 3995 2136 4055 videtur,
2159 4014 2302 4062 quam
2322 3998 2506 4046 dixisse
2533 4017 2606 4047 ex
2636 4002 2792 4050 enini

1744 4073 1819 4120 sui
1838 4075 2072 4124 sententis
2094 4089 2108 4124 :
2134 4075 2229 4124 fnit
2249 4077 2399 4137 enim,
2424 4089 2484 4126 ut
2502 4093 2704 4129 auctor
2721 4092 2794 4129 est

1745 4150 1988 4213 Velleius,
2020 4153 2428 4219 adstipulantibus
2451 4159 2678 4218 ceteris,
2700 4181 2725 4201 ο
2739 4160 2787 4205 in
