2994 4778
533 455 916 523 ORATIO
965 456 1166 522 PRO
1216 455 1491 522 REGE
1541 455 2101 524 DEJOTARO.
2222 455 2361 551 617

239 573 576 648 minum6
618 589 868 647 contra
919 575 1338 671 dignitatem
1375 590 1595 644 tuam.
1639 578 1815 665 Qum
1853 601 2078 671 quum
2116 580 2212 648 ita
2257 604 2361 649 es-

237 702 407 758 sent
425 740 445 772 ‚
471 700 710 756 tamen
745 709 975 780 usque
1004 708 1092 754 eo
1130 690 1505 767 se‘tenuit,
1535 684 1777 781 quoad
1806 711 1846 755 a
1870 689 1999 756 Cn.
2026 690 2364 785 Pompeio

151 837 160 844 ·
235 795 332 866 ad
380 819 541 866 eum
581 795 792 889 legati
833 794 1195 890 literaeque
1236 807 1613 865 venerunt.
1650 800 1950 891 Ignosce
1984 850 2004 882 ‚
2042 797 2363 893 ignosce,

235 908 505 992 Caesar,
561 906 619 974 si
668 904 823 999 ejus
875 903 1006 973 viri
1054 904 1456 975 auctoritati
1503 929 1631 975 rex
1678 907 2058 1000 Dejotarus
2120 909 2362 994 cessit,

233 1038 459 1111 quem
518 1038 652 1084 nos
695 1037 948 1083 omnes
1008 1014 1297 1109 sequuti
1342 1027 1676 1100 sumus73
1734 1016 1810 1084 in
1865 1039 2085 1111 quem
2132 1040 2360 1111 quum

233 1123 342 1193 dii
387 1138 603 1220 atque
652 1122 982 1193 homines
1038 1125 1280 1194 omnia
1327 1138 1750 1195 ornamenta
1801 1126 2362 1219 congessissent,

235 1249 392 1304 tum
422 1248 506 1303 tn
543 1235 695 1330 ipse
724 1232 1031 1330 plurima
1062 1248 1135 1304 et
1165 1239 1470 1304 maxima
1484 1228 1538 1303 ⁸.
1579 1237 1831 1330 Neque
1864 1235 2090 1319 enim,
2131 1236 2187 1304 si
2219 1248 2357 1306 tuae

230 1367 351 1413 res
373 1356 587 1439 gestae
619 1355 1022 1413 ceterorum
1046 1341 1378 1413 laudibus
1402 1342 1914 1414 obscuritatem
1943 1343 2359 1431 attulerunt,

229 1451 504 1523 idcirco
559 1455 690 1522 Cn.
731 1454 1054 1550 Pompeii
1092 1454 1511 1523 memoriam
1558 1453 1942 1523 amisimus.
1988 1455 2358 1542 Quantum

228 1586 507 1633 nomen
535 1561 735 1656 ejus9
766 1560 1011 1649 fuerit,
1043 1576 1327 1659 quantae
1355 1586 1567 1659 opeS,
1597 1578 1866 1658 quanta
1896 1565 1971 1633 in
2003 1563 2206 1633 omni
2236 1586 2360 1658 ge-

228 1697 410 1743 nere
430 1671 787 1743 bellorum
815 1673 1061 1770 gloria,
1081 1677 1336 1768 quanti
1357 1672 1672 1743 honores
1698 1672 1952 1770 populi
1971 1683 2030 1716 ¹⁰
2057 1676 2358 1758 romani,

119 1782 124 1788 ’
224 1783 486 1879 quanti
525 1796 854 1869 senatus,
904 1784 1158 1879 quanti
1208 1785 1350 1868 tui,
1398 1786 1561 1878 quis
1611 1783 1941 1879 ignorat?
1990 1797 2191 1854 tanto
2238 1782 2356 1852 ille

225 1893 639 1989 superiores
656 1895 923 1963 vicerat
946 1892 1206 1989 gloria,
1229 1906 1506 1990 quanto
1537 1907 1615 1963 tu
1643 1892 2051 1964 omnibus¹¹
2083 1896 2356 1992 praesti-

227 2002 404 2071 tisti.
443 2006 693 2099 Itaque
730 2006 859 2072 Cn.
897 2005 1219 2099 Pompeii
1248 2001 1474 2090 bella,
1504 2003 1868 2091 victoriaS,
1906 2004 2355 2101 triumphOS,

224 2112 646 2184 consulatus
693 2110 1128 2182 admirantes
1178 2111 1737 2182 numerabamus
1782 2138 1797 2179 :
1846 2125 2011 2182 tuos
2056 2136 2350 2182 enume-

225 2248 390 2294 rare
424 2247 571 2295 non
612 2245 1016 2320 possumus.

328 2338 413 2404 V.
456 2332 566 2405 Ad
594 2357 760 2405 eum
797 2334 1016 2431 igitur
1034 2343 1055 2376 ¹
1099 2357 1227 2403 rex
1254 2331 1640 2427 Dejotarus
1665 2333 1861 2402 venit
1879 2384 1898 2418 ,
1925 2331 2064 2404 hoc
2095 2332 2354 2402 misero

222 2442 569 2542 fatalique
604 2442 828 2531 bello,
875 2468 1094 2541 quem
1135 2457 1344 2514 antea
1381 2444 1593 2538 justis
1631 2441 2157 2539 hostilibusque
2198 2441 2353 2512 bel·

221 2553 317 2623 lis
344 2550 740 2648 adjuverat,
765 2578 1082 2649 quocum
1112 2568 1263 2624 erat
1290 2578 1436 2625 non
1471 2552 1786 2650 hospitio
1810 2552 2040 2623 solum
2058 2606 2077 2640 ,
2102 2575 2349 2621 verum

217 2778 301 2789 -—
323 2749 708 2814 conspiratione.
744 2752 819 2799 De
842 2750 1077 2799 industria
1099 2750 1246 2799 ambi·
1331 2750 1446 2799 dum
1462 2762 1557 2808 est3
1574 2769 1726 2816 quum
1740 2754 2001 2816 scriptores
2015 2752 2117 2812 ejus
2136 2750 2353 2798 victoriis

218 2846 323 2896 gua
354 2829 446 2879 bac
488 2830 818 2894 appellatione
854 2830 1012 2879 utitur
1051 2841 1243 2887 oraton-3

216 2926 402 2974 nempe
438 2909 678 2974 significat
733 2910 1100 2957 consensionem
1142 2910 1244 2956 sive

207 2992 399 3051 ¹iustam
415 3023 430 3048 ,
454 2988 557 3035 sive
577 2990 824 3050 injustam.

302 3085 352 3128 7.
376 3070 523 3130 Quem
548 3085 636 3116 πω
662 3083 829 3116 omnes
847 3067 1042 3131 sequuti
1063 3082 1243 3115 sumus.

217 3151 291 3197 Et
316 3148 494 3211 quibus
521 3147 798 3212 pepercisti.

299 3229 351 3276 8.
370 3227 619 3275 Maxima.
640 3228 808 3288 Quum
832 3224 1065 3287 Pompeio
1096 3222 1242 3270 filiam

213 3309 251 3356 J
256 3305 404 3354 uliam
430 3304 708 3354 collocavit.

294 3402 346 3449 9.
389 3389 637 3450 Quantum
673 3397 849 3429 nomen
896 3382 1016 3447 ejus.
1058 3384 1241 3429 Lucan.

217 3464 322 3524 IX,
346 3480 446 3512 soa
469 3481 482 3511 ε
516 3485 539 3506 ι
565 3462 747 3509 clarum
770 3472 818 3509 et
844 3459 1116 3508 venerabile
1144 3476 1240 3508 no-

216 3558 333 3590 men
353 3540 593 3590 Gentibus
612 3551 662 3588 et
679 3540 884 3588 multum
909 3549 1088 3587 nostrae
1106 3539 1242 3603 qnod

210 3621 451 3686 proderat
493 3618 669 3667 urbi».
714 3620 775 3666 Et
815 3618 936 3666 Plin.
963 3621 1060 3666 vn
1081 3649 1096 3676 ,
1136 3619 1204 3666 26
1224 3633 1238 3666 :

209 3722 239 3741 ο·
252 3699 332 3748 Ad
357 3698 503 3747 decus
525 3697 718 3763 imperii
735 3699 921 3745 romani
934 3713 1059 3755 ,non
1081 3697 1240 3746 solnm

209 3777 281 3827 ad
300 3778 392 3826 viri
417 3778 562 3824 unius
591 3779 801 3840 pertinet
833 3778 1062 3826 victorias
1095 3778 1239 3825 Pom-

211 3857 315 3922 peii
332 3858 502 3920 Magni
515 3891 531 3917 ,
556 3855 926 3921 triumphosque
943 3856 1106 3903 hocin
1124 3855 1238 3903 loco

209 3936 491 4001 nuncupari
512 3952 528 3996 3
558 3945 750 3997 aequato
775 3951 878 3983 non
904 3934 1055 3982 modo
1082 3933 1235 3982 Alex·

210 4016 355 4065 andri
374 4016 541 4080 Magni
563 4029 723 4061 rerum
752 4013 968 4076 fulgore,
987 4013 1071 4062 sed
1094 4013 1239 4061 etiam

213 4094 439 4144 Herculis
460 4108 615 4158 prope
639 4109 696 4139 ac
723 4092 882 4141 Liberi
905 4095 1075 4153 Patris,
1098 4104 1193 4142 etc.
1207 4111 1232 4153 ¹2

211 4175 399 4222 ‘Verum
437 4173 490 4220 in
526 4172 585 4220 iis
616 4171 799 4221 diutius
822 4172 1064 4220 immorari
1093 4172 1229 4236 puti-

1327 2831 1463 2894 pleni
1496 2841 1627 2880 sunt.
1668 2833 1811 2882 Conf.
1841 2832 2003 2879 Valet.
2034 2830 2236 2878 Maxim.
2260 2829 2347 2876 lib.

1331 2910 1406 2958 lx
1428 2943 1442 2964 ,
1477 2925 1587 2974 cap.
1616 2909 1708 2958 ult.
1731 2920 1778 2958 et
1799 2910 2078 2959 Ciceronem
2109 2920 2210 2956 tum
2232 2907 2349 2955 alibi

1330 2988 1621 3050 frequenter,
1660 3001 1764 3037 turn
1788 3006 1883 3053 pro
1910 2989 2015 3052 lege
2036 2987 2234 3037 Manilia
2252 3020 2267 3045 ,
2300 2998 2350 3035 et

1330 3082 1421 3130 pro
1448 3067 1679 3116 Cornelio
1704 3068 1879 3116 Balbo.

1406 3160 1485 3193 ιο.
1524 3145 1933 3207 Qeeantihonores
1943 3145 2121 3210 populi
2141 3146 2350 3194 mmam'.

1329 3223 1388 3270 Id
1402 3233 1490 3280 est,
1509 3238 1534 3271 a
1555 3224 1742 3288 populo
1765 3240 1967 3274 romano
1985 3224 2035 3272 in
2057 3223 2347 3289 Pompeium

1328 3297 1509 3350 collati.
1531 3329 1595 3343 —-
1627 3301 1730 3351 Tae’.
1760 3304 1798 3350 1.
1825 3319 1867 3351 e.
1898 3320 1923 3349 a
1953 3313 2000 3350 te
2021 3302 2202 3350 collati.

1418 3395 1440 3427 ι
1456 3395 1501 3428 1.
1525 3384 1720 3445 Quanto
1747 3393 1798 3428 m
1824 3381 2061 3429 omnibus.
2085 3383 2191 3431 Col.
2226 3384 2355 3433 Pitb.

1326 3461 1499 3509 Dresd.
1524 3470 1743 3524 «quanto
1772 3471 1827 3508 tu
1852 3461 1905 3508 in
1934 3462 2167 3510 omnibns
2188 3485 2229 3510 n.
2250 3464 2346 3511 Sed

1327 3539 1551 3587 Graevius
1590 3540 1835 3603 vulgatam
1863 3540 2087 3604 praefert,
2130 3558 2276 3606 quam
2302 3553 2349 3589 et

1325 3618 1617 3667 Erfurtensis
1637 3629 1816 3667 tuetur.

1396 3699 1461 3747 V.
1494 3715 1536 3748 1.
1559 3698 1646 3746 Ad
1660 3716 1767 3746 eum
1785 3699 1948 3764 igitur.
1970 3700 2126 3748 Prima
2153 3715 2347 3747 excusa-

1326 3778 1396 3823 tio
1413 3777 1665 3836 DeJotari,
1694 3777 1832 3839 quod
1860 3779 2007 3825 suerit
2035 3778 2348 3839 perturbatus

1324 3854 1467 3902 variis
1484 3856 1765 3903 rumoribus
1783 3890 1800 3914 ‚
1823 3866 1872 3903 et
1890 3859 1942 3903 in
1967 3870 2178 3903 errorem
2200 3856 2347 3906 indu·

1323 3945 1446 3982 ctus.
1464 3933 1631 3982 Altera
1648 3969 1663 3994 ‚
1682 3938 1970 3984 anctoritate
1985 3936 2199 3999 Pompeii
2217 3938 2345 3984 invi-

1323 4024 1466 4062 tatus.
1491 4014 1680 4071 Tertia,
1708 4030 1851 4078 quain
1883 4029 2015 4061 nune
2043 4016 2340 4077 exsequitur,

1320 4092 1478 4140 fatalis
1501 4093 1720 4156 qnaedam
1745 4093 1837 4141 fuit
1865 4094 2122 4140 necessitas
2139 4110 2247 4157 quae
2266 4095 2339 4140 in-

1320 4171 1457 4231 cidit,
1478 4182 1528 4220 et
1554 4170 1849 4236 improvidas
1871 4170 2128 4223 bominum
2157 4182 2341 4220 mentes
