2994 4778
642 403 778 488 564
1220 335 1246 363 '
1286 400 1384 466 Μ.
1424 401 1508 467 Τ.
1551 399 2125 469 'CICERONIS

633 526 849 598 nimis
888 518 1325 593 iracundam
1368 518 1685 590 futuram
1737 518 1955 591 fuisse
1999 519 2391 590 victoriam.
2448 517 2768 608 Quidam

636 637 826 708 enim
870 658 1019 703 non
1060 630 1275 701 modo
1320 632 1644 717 armatis,
1683 629 1807 700 sed
1845 628 2209 700 interdum
2253 631 2476 699 etiam
2511 631 2769 699 otiosis

632 737 1175 824 minabantur53
1223 765 1394 826 nec,
1441 738 1619 836 quid
1675 739 1984 836 quisque
2037 740 2405 824 sensisset,
2458 739 2582 810 sed
2627 738 2769 809 ubi

634 853 918 938 fuisset,
968 848 1427 946 cogitandum
1472 873 1626 920 esse
1675 849 2013 920 dicebant
2059 874 2078 918 :
2124 864 2205 919 ut
2244 849 2418 919 mihi
2456 847 2770 947 quidem

633 964 1009 1034 videantur
1052 959 1151 1029 dii
1211 958 1693 1044 immortales,
1752 959 2026 1030 etiamsi
2082 981 2335 1056 poenas
2383 983 2423 1028 a
2478 958 2774 1056 populo

631 1096 933 1144 romano
974 1069 1072 1142 ob
1110 1069 1402 1166 aliquod
1441 1068 1780 1138 delictum
1809 1069 2289 1165 expetiverint
2305 1064 2361 1152 ⁶,
2398 1069 2520 1163 qui
2549 1069 2772 1140 civile

633 1184 908 1256 bellum
971 1193 1252 1250 tantum
1297 1193 1372 1248 et
1418 1192 1566 1247 tam
1615 1177 2030 1248 luctuosum
2089 1178 2586 1261 excitaverint,
2639 1177 2774 1247 vel

634 1294 891 1390 placati
930 1290 1111 1385 jam,
1146 1288 1257 1359 vel
1296 1288 1578 1357 satiati?
1615 1285 2040 1382 aliquando,
2084 1309 2380 1357 omnem
2416 1309 2609 1383 spem
2646 1311 2774 1356 sa·

638 1403 803 1473 lutis
831 1399 919 1470 ad
965 1398 1416 1469 clementiam
1458 1400 1747 1468 victoris
1776 1411 1850 1467 et
1883 1398 2302 1494 sapientiam
2343 1396 2766 1467 contulisse.

734 1514 974 1601 Quare
998 1506 1228 1604 gaude
1258 1520 1386 1576 tuo
1414 1508 1552 1577 isto
1582 1521 1727 1577 tam
1758 1506 2138 1577 excellenti
2167 1505 2392 1591 bono,
2422 1521 2495 1577 et
2520 1504 2774 1577 fruere

636 1644 862 1717 quum
910 1617 1201 1689 fortuna
1256 1630 1329 1687 et
1372 1617 1633 1713 gloria,
1681 1631 1836 1686 tum
1884 1617 2098 1687 etiam
2139 1630 2392 1686 natura
2428 1631 2500 1686 et
2539 1618 2773 1686 mori-

638 1729 776 1798 bus
833 1729 1014 1813 tuis;
1071 1749 1157 1795 ex
1211 1750 1363 1821 quo
1412 1724 1706 1822 quidem
1753 1726 2106 1795 maximus
2151 1739 2261 1795 est
2316 1723 2581 1796 fructus
2631 1727 2773 1821 ju-

639 1836 1113 1931 cunditasque
1142 1837 1463 1932 sapienti.
1511 1831 1805 1905 Cetera⁸
1845 1859 2071 1931 quum
2110 1848 2231 1904 tua
2265 1833 2774 1924 recordabere,

641 1950 771 2018 etsi
812 1969 1125 2042 persaepe
1164 1945 1451 2027 virtuti,
1494 1958 1734 2014 tamen
1788 1942 2221 2042 plerumque
2267 1942 2574 2016 felicitati
2615 1960 2776 2016 tuae

641 2053 1233 2154 congratulabere
1274 2081 1300 2123 z·
1331 2052 1421 2123 de
1470 2052 1721 2138 nobis,
1772 2077 1959 2150 quos
2001 2057 2076 2123 in
2119 2053 2488 2151 republica
2523 2070 2778 2125 tecum

642 2166 855 2238 simul
900 2164 1130 2236 salvos
1187 2188 1338 2235 esse
1392 2163 1721 2251 voluisti,
1781 2166 2066 2260 quoties
2117 2163 2496 2260 cogitabis,
2549 2165 2782 2236 toti&

645 2273 737 2344 de
775 2275 1104 2344 maximis
1139 2278 1281 2343 tuis
1321 2271 1727 2359 beneficiis,
1770 2273 1984 2356 toties
2018 2271 2109 2343 de
2143 2272 2542 2344 incredibili
2583 2272 2781 2345 libe-

643 2383 960 2468 ralitate,
1016 2383 1231 2454 toties
1276 2380 1370 2453 de
1417 2381 1755 2479 singulari
1804 2382 2151 2480 sapientia
2209 2398 2332 2454 tua
2385 2382 2779 2482 cogitabis;

646 2518 806 2591 quae
864 2517 1015 2562 non
1057 2490 1276 2562 modo
1319 2515 1599 2562 summa
1633 2491 1867 2580 bona,
1917 2491 2043 2563 sed
2095 2493 2433 2563 nimirum
2483 2493 2782 2566 audebo

644 2602 759 2672 vel
802 2599 952 2674 sola
1006 2600 1264 2672 dicere.
1321 2605 1591 2671 Tantus
1644 2616 1749 2672 est
1802 2604 1993 2672 enim
2045 2601 2391 2700 splendor
2429 2604 2503 2672 in
2556 2602 2783 2676 laude

646 2736 850 2794 vera,
878 2725 1075 2782 tanta
1114 2711 1187 2780 in
1217 2707 1702 2806 magnitudine
1746 2711 1962 2780 animi
2003 2725 2079 2780 et
2114 2712 2394 2782 consilii
2424 2711 2779 2808 dignitas»,

647 2835 731 2891 ut
756 2820 904 2890 haec
938 2844 978 2889 a
1009 2821 1273 2889 virtute
1302 2818 1568 2890 donata
1581 2830 1639 2907 9,
1678 2835 1912 2892 cetera
1937 2845 1979 2890 a
2005 2818 2295 2893 fortuna
2322 2821 2786 2894 commodata

721 3087 773 3135 5.
793 3084 956 3134 Etiam
981 3082 1143 3132 ociosis
1167 3083 1492 3132 minabantur.
1514 3083 1667 3148 Epist.

652 3182 683 3233 7
712 3165 775 3213 ad
797 3167 901 3214 An.
921 3164 1007 3212 lib.
1025 3165 1101 3211 xl
1121 3176 1136 3211 t
1169 3184 1191 3205 ι
1206 3164 1289 3210 Me
1315 3163 1586 3210 discessisse
1605 3162 1667 3209 ab

650 3244 795 3290 armis
826 3257 1087 3305 numquam
1124 3243 1383 3306 poenituit;
1412 3253 1544 3289 tanta
1568 3251 1669 3288 erat

651 3322 703 3368 in
731 3322 825 3367 illis
851 3321 1136 3382 crudelitas,
1161 3330 1293 3367 tants
1315 3336 1427 3367 cum
1453 3319 1669 3367 barbaris

654 3398 879 3462 gentibus
904 3399 1218 3464 conjunctio,
1247 3410 1300 3446 ut
1323 3415 1425 3446 non
1451 3399 1670 3445 nomina-

651 3478 766 3534 tim,
800 3476 887 3524 sed
913 3478 1176 3541 generatim
1212 3478 1512 3542 proscriptio
1549 3487 1672 3523 esset

652 3555 935 3612 infui-matu
974 3564 1029 3600 ut
1067 3555 1169 3613 jam
1220 3556 1439 3601 omnium
1482 3552 1670 3612 judicio

654 3632 974 3683 constitutum
1011 3641 1162 3689 esset,
1203 3631 1420 3679 omnium
1458 3640 1673 3678 vestrum

653 3714 783 3762 bona
832 3709 1043 3774 praedam
1094 3726 1198 3758 esse
1246 3709 1376 3757 illius
1415 3709 1634 3758 victoria
1655 3743 1672 3770 ‚

654 3803 748 3840 etc.
769 3814 793 3833 ι·
833 3788 1093 3838 Suetonius
1120 3789 1173 3837 in
1204 3789 1422 3849 Nerone,
1467 3804 1576 3853 cap.
1612 3805 1672 3848 π,

656 3871 716 3917 de
743 3869 996 3917 Domitio:
1030 3867 1388 3917 «Consultante
1414 3868 1506 3916 Cn.
1527 3870 1674 3916 Pom·

656 3950 770 4012 peio
801 3947 865 3994 de
898 3944 1099 4004 mediis,
1137 3962 1194 3994 se
1232 3957 1450 3996 nentrum
1487 3958 1676 4011 partem

657 4024 968 4088 sequentibus
982 4059 996 4081 ‚
1027 4025 1214 4072 censuit
1232 4025 1450 4074 hostium
1471 4042 1674 4074 numero

655 4102 906 4152 habendos
928 4125 970 4150 ιο.
1008 4105 1067 4150 In
1118 4102 1334 4151 eamdem
1385 4103 1672 4168 sententiam

1755 3082 1995 3131 Plutarch.
2021 3082 2075 3130 in
2100 3084 2203 3144 ejus
2222 3084 2351 3143 vitu
2384 3085 2507 3134 Caes.
2523 3085 2646 3134 Bell.
2665 3086 2782 3136 civ.

1756 3166 1803 3220 1,
1837 3163 1932 3220 33;
1959 3165 2162 3210 Sueton.
2180 3164 2306 3212 Caes.
2330 3165 2414 3225 75.

1826 3241 1875 3288 6.
1908 3241 1987 3288 Sic
2022 3241 2198 3305 optimi
2230 3243 2385 3301 MSS,
2412 3253 2461 3289 et
2483 3252 2623 3304 post,
2646 3242 2785 3289 esei-

1756 3319 1976 3367 mvere'nt.
2006 3319 2199 3368 lelem.
2237 3321 2439 3368 retinuit
2471 3321 2669 3367 alteram
2705 3321 2784 3369 le-

1757 3399 1970 3446 ctionem
1985 3434 2001 3460 ,
2029 3398 2390 3464 expetiverunt,
2423 3399 2789 3449 excitaverunt.

1757 3480 1806 3527 J.
1824 3476 1886 3525 V.
1913 3480 1967 3524 L.

1832 3572 1882 3615 7.
1900 3555 1982 3603 Al.
2006 3556 2183 3603 :etiam
2206 3557 2421 3605 satistiu.

1832 3632 1890 3701 ⁸0
1919 3632 2106 3680 Cetera.
2133 3633 2321 3682 Multus
2347 3645 2423 3682 est
2457 3634 2515 3681 B.
2532 3633 2794 3682 Weiskim

1760 3709 1814 3757 in
1847 3710 2094 3759 laudando
2129 3727 2317 3759 summo
2356 3712 2560 3774 hnjcnsoe
2588 3713 2792 3776 periodi

1762 3786 1969 3838 artificio
1989 3824 2005 3849 ‚
2035 3802 2085 3839 et
2116 3793 2224 3852 jure
2262 3791 2463 3854 quidem
2481 3825 2498 3851 ,
2538 3806 2699 3854 quum
2738 3793 2794 3840 in

1764 3870 1978 3917 animum
2014 3870 2190 3917 sensim
2218 3869 2389 3918 influat
2408 3904 2423 3928 ‚
2455 3880 2504 3917 et
2533 3872 2795 3918 verissim

1763 3964 1821 3995 ac
1842 3950 2120 4011 gravissima
2146 3948 2406 3996 verborum
2428 3947 2631 3996 lenitate
2648 3949 2798 4013 qnasi

1763 4026 1990 4074 modesto
2018 4026 2156 4076 vultu
2182 4027 2389 4092 placent.

1769 4130 1776 4133 ⁷
1833 4121 1887 4168 9.
1920 4107 1970 4154 A
2008 4106 2189 4156 vit-mee
2228 4106 2435 4158 donata.
2479 4108 2602 4170 Qut
2652 4107 2799 4170 quasi
