2994 4778
664 422 1052 490 ORATIO
1106 421 1314 488 PRO
1365 420 1460 486 M.
1513 419 1904 490 COELIO.
2191 449 2321 496 221

234 544 501 619 Clodiae
540 541 874 615 necandae
917 566 1125 613 causa
1168 565 1445 639 parasse
1495 541 1800 611 Coelium
1849 545 2331 621 criminantur.

242 664 506 723 Aurum
552 654 893 750 sumpsit,
952 665 1033 721 ut
1082 650 1350 738 dicitis,
1403 648 1603 746 quod
1657 656 1733 721 L.
1794 655 2074 724 Lucceii
2119 660 2339 730 servis

245 763 469 846 daret,
527 787 660 860 per
713 786 895 858 quos
944 759 1463 830 Alexandrinus
1520 757 1728 845 Dio3,
1773 763 1897 857 qui
1951 775 2104 832 tum
2149 766 2341 863 apud

245 874 620 942 Lucceium
662 868 1063 958 habitabat,
1113 882 1507 940 necaretur.
1551 872 1891 966 Magnum
1933 875 2202 945 crimen
2233 877 2345 948 vel

241 983 309 1050 in
346 981 595 1076 legatis
649 978 1059 1049 insidiandis
1085 1032 1105 1064 ,
1158 977 1267 1048 vel
1314 979 1387 1048 in
1433 978 1649 1048 servis
1691 976 1777 1048 ad
1821 977 2177 1077 hospitem
2213 983 2343 1054 do-

238 1091 456 1160 mini⁴
496 1086 903 1159 necandum
938 1084 1483 1171 sollicitandis⁵;
1524 1087 1816 1184 plenum
1857 1090 2137 1162 sceleris
2170 1116 2345 1164 con-

240 1201 465 1270 silium
486 1254 510 1287 ,
551 1198 843 1296 plenum
880 1196 1208 1268 audaciae.
1245 1198 1408 1285 Quo
1440 1195 1732 1292 quidem
1767 1199 1841 1266 in
1871 1198 2166 1270 crimine
2197 1203 2343 1298 pri-

242 1332 431 1378 mum
498 1304 681 1376 illud
747 1306 1103 1402 requiram
1126 1360 1146 1394 ,
1214 1304 1561 1376 dixeritne
1621 1304 1923 1393 Clodiae,
1980 1332 2199 1404 quam
2252 1310 2345 1382 ad

244 1442 381 1487 rem
437 1440 699 1487 aurum
764 1430 919 1486 tum
983 1429 1333 1500 sumeret,
1393 1439 1484 1484 an
1546 1438 1691 1484 non
1749 1414 2027 1487 dixerit.
2077 1419 2150 1488 Si
2195 1443 2345 1491 non

244 1526 448 1613 dixit,
486 1550 619 1596 cur
655 1524 903 1596 dedit?
940 1529 999 1595 si
1030 1523 1249 1609 dixit,
1291 1522 1546 1593 eodem
1585 1546 1660 1594 se
1704 1525 2153 1595 conscientiae
2191 1552 2344 1599 sce-

242 1634 385 1706 lere
416 1635 757 1706 devinxit.
800 1638 1001 1704 Tune
1038 1657 1288 1703 aurum
1327 1658 1415 1703 ex
1453 1631 1809 1704 armario⁶
1849 1647 1973 1704 tuo
2011 1659 2342 1732 promere

247 1769 404 1814 ausa
434 1745 563 1816 es?
592 1758 768 1814 tune
792 1747 1146 1815 Venerem
1175 1742 1365 1812 illam
1393 1756 1589 1812 tuam
1621 1742 2090 1838 spoliatricem
2115 1758 2140 1801 ⁷
2172 1770 2343 1844 spo-

246 1853 402 1925 liare
427 1853 873 1923 ornamentis
891 1851 936 1920 ?-
958 1856 1291 1923 Ceterum
1329 1875 1560 1947 quum
1585 1852 1830 1940 scires,
1870 1868 2217 1949 quantum
2254 1856 2343 1927 ad

245 1960 512 2033 futinus
551 1986 809 2033 aurum
854 1959 994 2032 hoc
1030 1973 1502 2058 quaereretur,
1539 1959 1629 2030 ad
1677 1983 1921 2031 necem
1972 1962 2215 2059 legati,
2253 1964 2343 2036 ad

246 2078 313 2142 L.
364 2072 696 2163 Lucceii,
756 2071 1170 2141 sanctissimi
1229 2070 1541 2139 hominis
1601 2082 1817 2164 atque
1864 2072 2340 2167 integerrimi,

246 2180 468 2252 labem
532 2180 820 2252 sceleris
872 2181 1334 2277 sempiterni:
1388 2177 1560 2248 huic
1620 2176 1918 2248 facinori
1976 2193 2175 2252 tanto
2224 2198 2345 2254 tua

253 2314 440 2360 mens
494 2289 846 2378 liberalis,
907 2292 1228 2369 conscia;
1279 2303 1402 2359 tua
1448 2287 1704 2357 domus
1758 2288 2159 2384 populariS,
2211 2293 2341 2361 mi-

255 2403 510 2487 nistra;
559 2414 687 2471 tua
741 2401 1050 2497 denique
1102 2398 1470 2497 hospitalis
1522 2397 1640 2467 illa
1687 2391 2000 2485 Venusss,
2036 2398 2344 2496 adjutrix

312 2567 356 2615 3.
389 2563 764 2614 Alexandrinus
787 2564 896 2612 Dio.
931 2563 1252 2628 Philosophus

251 2644 575 2701 Academicus,
588 2643 841 2705 leg-tionis
858 2643 1096 2707 princeps,
1107 2658 1250 2705 qmm

251 2725 442 2771 Romam
461 2722 781 2770 Alexandrini
803 2723 1051 2779 miserant,
1075 2733 1131 2769 ut
1151 2736 1251 2769 sese

249 2812 500 2864 purgarent
536 2802 599 2848 de
637 2801 763 2864 regis
794 2800 1039 2849 Ptolemaei
1069 2798 1253 2847 Auletis

248 2880 558 2944 expulsione,
586 2879 668 2943 qui
695 2878 862 2926 eodem
889 2889 1105 2941 tempore
1135 2894 1253 2941 que-

247 2970 367 3005 stum
408 2961 619 3005 Romam
656 2967 868 3005 vener-t.
907 2957 1080 3005 Strabo
1097 2992 1112 3013 ,
1158 2956 1250 3005 lib.

251 3038 395 3084 xvn
410 3071 426 3096 ,
456 3036 517 3082 de
537 3039 622 3084 ists
639 3037 878 3100 legatione
899 3035 1134 3100 loquitur.
1157 3035 1253 3082 Dio

249 3115 425 3163 citatus
444 3115 496 3161 in
515 3114 733 3162 Academ.
754 3116 802 3161 11
821 3148 837 3173 ,
862 3123 911 3171 4.

315 3202 363 3249 4.
421 3192 512 3240 Ad
545 3192 774 3256 hospitem
819 3191 1017 3242 domini.
1058 3192 1253 3256 vulgat.

251 3271 392 3320 domi.
434 3272 671 3319 Nicohns
695 3273 1014 3320 Damascenus
1039 3271 1164 3318 libro
1195 3271 1256 3319 de

254 3351 462 3398 moribus
488 3352 730 3413 gentium,
753 3350 812 3398 de
834 3350 980 3400 Celtis
1010 3351 1073 3396 its
1097 3350 1255 3417 loqui·

256 3441 355 3478 tur:
383 3453 407 3472 σ
425 3432 485 3478 Ei
510 3431 665 3491 majus
688 3429 977 3494 supplicium
1000 3431 1255 3491 irrogatur,

257 3512 332 3572 qni
344 3509 592 3573 hospitem
605 3545 621 3569 ‚
636 3524 777 3571 qnam
796 3509 880 3571 qui
898 3508 1050 3555 civem
1069 3506 1257 3555 occide·

260 3589 328 3635 rit.
350 3589 479 3636 Huic
504 3588 633 3635 enim
659 3603 815 3649 mors,
841 3586 912 3634 illi
934 3586 1151 3634 exsilium
1179 3586 1255 3632 in-

263 3666 396 3713 [mur
428 3690 471 3712 ι».
523 3666 753 3714 Horatius
797 3665 894 3713 hoc
935 3664 1088 3712 scelus
1132 3664 1258 3710 inter

261 3746 542 3792 atrocissima
587 3745 807 3806 acinon,
828 3745 1094 3791 numeravit
1109 3775 1124 3801 ,
1163 3741 1258 3789 Od.

270 3825 321 3870 13
340 3859 354 3881 ‚
373 3823 458 3872 lib.
482 3826 570 3871 11:
599 3846 624 3864 ιι
644 3823 786 3871 Illum
805 3835 854 3871 et
873 3822 1086 3887 parentis
1107 3820 1261 3869 eredi-

263 3902 403 3951 derim
426 3905 498 3950 sni
520 3903 731 3966 Fregisse
751 3902 982 3950 cervicem
1002 3938 1017 3962 ‚
1045 3912 1091 3948 et
1113 3916 1257 3965 pene·

263 3982 388 4029 mua
420 3982 657 4045 Sper-sisse
685 3992 926 4029 nocturno
955 3995 1124 4028 cruore
1156 3980 1261 4026 Ho-

263 4062 395 4123 tpttis
417 4083 459 4109 ι.

334 4135 383 4188 5.
426 4136 767 4187 &uiolanda
813 4137 940 4185 vide
979 4136 1260 4185 Ciceronem

1338 2562 1398 2610 de
1416 2563 1645 2625 gravitate
1671 2561 1815 2622 hujus
1841 2562 2031 2611 sceleris
2054 2576 2271 2628 agentem
2291 2569 2343 2615 in

1336 2651 1457 2690 orat.
1475 2657 1568 2705 pro
1590 2642 1845 2703 Deiotaro,
1868 2656 1975 2705 cap.
2003 2657 2024 2688 1
2040 2658 2084 2690 r.

1408 2722 1457 2768 6.
1482 2722 1567 2767 Ex
1587 2719 1818 2768 armario.
1847 2720 2104 2768 Petronius
2131 2721 2183 2768 iu
2206 2723 2345 2788 Saty·
2413 2722 2420 2733 “

1338 2800 1439 2847 rico
1467 2814 1481 2849 :
1519 2819 1541 2842 ιι
1561 2798 1755 2846 Grande
1788 2800 2040 2846 armsrinm
2082 2799 2133 2847 in
2167 2803 2344 2865 angulo

1337 2878 1468 2940 vidi,
1520 2879 1570 2925 in
1618 2879 1755 2938 cujus
1801 2877 2000 2926 aediculs
2050 2891 2186 2929 eraut
2223 2880 2344 2930 lares

1337 2958 1579 3020 argentei,
1602 2958 1900 3020 Venerisque
1916 2960 2103 3021 signum
2121 2979 2166 3007 ι.

1412 3049 1459 3100 7.
1503 3034 1852 3098 spoliatricem.
1899 3038 2059 3082 Venus
2091 3035 2347 3099 spoliatn‘x

1341 3112 1534 3166 dicitur,
1564 3112 1699 3175 quod
1720 3111 1885 3160 Clodia
1900 3113 2101 3172 juvenes
2122 3114 2348 3163 omnibus

1339 3190 1691 3256 propemodum
1709 3190 1850 3237 bouis
1884 3190 2127 3253 spoliaret.
2147 3193 2345 3242 nan-ti·-

1340 3270 1427 3325 lis,
1451 3268 1537 3318 lib.
1559 3271 1647 3327 IV,
1667 3285 1747 3332 ep.
1764 3284 1829 3331 ²9
1849 3284 1862 3317 ε
1886 3268 2002 3317 usic
2024 3270 2346 3334 spoliatricem

1344 3347 1649 3396 commendat
1687 3349 1835 3396 fastus
1874 3338 2072 3395 amicam
2118 3363 2133 3399 ε
2191 3352 2347 3400 anus

1342 3441 1432 3473 nec
1466 3426 1692 3485 juvenem
1728 3441 1916 3490 semper
1953 3438 2114 3490 aperta
2150 3440 2279 3477 tenet
2303 3454 2347 3480 ιι.

1342 3505 1471 3552 Hinc
1492 3520 1689 3552 munera
1706 3503 1767 3551 ab
1787 3492 2078 3552 amstorihus
2102 3522 2320 3571 expressa
2333 3542 2349 3568 ‚

1341 3583 1493 3646 spolia
1511 3585 1687 3648 passim
1705 3584 2027 3632 nominantur.
2048 3587 2343 3649 Propertius,

1342 3663 1472 3726 Eleg.
1487 3661 1574 3710 lib.
1597 3665 1701 3711 111:
1734 3684 1756 3705 ιι
1779 3663 2003 3711 Matrona
2027 3663 2210 3711 incedit
2234 3681 2350 3713 een-

1342 3757 1423 3788 sus
1448 3741 1613 3787 induta
1638 3752 1888 3804 nepotum,
1901 3743 1964 3789 Et
1986 3742 2139 3805 spolia
2165 3759 2351 3808 oppro-

1342 3818 1438 3866 brii
1458 3828 1619 3865 nostra
1640 3835 1726 3882 per
1744 3835 1825 3867 ora
1847 3818 1993 3866 trahit
2008 3842 2050 3865 ι.
2078 3822 2350 3882 Iuvenalis,

1344 3907 1432 3944 sat.
1449 3898 1521 3943 vl
1542 3930 1558 3956 ,
1608 3898 1705 3943 232
1735 3911 1749 3945 ε
1803 3919 1824 3941 ιι
1858 3897 1945 3944 Illa
1997 3897 2141 3945 docet
2185 3902 2353 3965 spoliis

1345 3974 1465 4023 nudi
1490 3974 1696 4047 gaudere
1718 3976 1876 4025 mariti
1894 3977 2063 4025 ..Vide
2081 3978 2326 4027 Tibullum
2338 4015 2357 4041 ,

1347 4053 1468 4117 eleg.
1497 4060 1556 4112 4,
1577 4053 1662 4101 lib.
1690 4056 1754 4103 11.

1421 4135 1468 4182 8.
1500 4135 1600 4180 Tua
1619 4148 1749 4180 mens
1769 4132 2000 4194 libet-alit,
2020 4134 2215 4180 conseia
2226 4151 2245 4190 ,-
2270 4144 2354 4179 ma
