2994 4778
411 428 698 494 ORAT.
751 428 882 495 DE
932 429 1237 497 PROV.
1290 427 2125 496 CONSULARIBUS.
2232 451 2371 522 279

248 572 399 618 sare
431 549 905 645 imperatore,
949 563 1230 646 gestum
1280 561 1429 635 est3
1474 560 1681 618 autea
1727 548 2228 620 tantummodo
2269 575 2377 619 re-

251 657 550 753 pulsum.
615 662 911 756 Semper
971 659 1123 729 illas
1181 661 1558 729 nationes²
1621 658 1850 727 nostri
1911 658 2376 753 imperatores

248 765 657 838 refutandas
707 766 1000 866 potius³
1055 768 1285 856 bello,
1332 792 1551 864 quam
1599 766 2043 837 lacessendas
2088 782 2378 863 putave-

242 892 427 947 runt.
477 883 646 973 Ipse
688 880 805 951 ille
853 884 930 950 C.
984 881 1290 965 Marius»,
1335 880 1542 973 cujus
1587 878 1827 949 divina
1866 892 2086 973 atque
2124 879 2379 951 eximia

246 988 461 1057 virtus
520 990 799 1085 magnis
858 986 1106 1086 populi
1161 992 1441 1060 romani
1495 987 1809 1061 luctibus
1856 985 2381 1084 funeribusque

243 1095 618 1185 subvenit,
679 1097 1066 1171 influentes
1126 1100 1200 1169 in
1262 1100 1537 1170 ltaliam
1607 1097 1980 1169 Gallorum
2040 1101 2382 1167 maximas

242 1208 482 1303 copias
520 1211 865 1304 repressit
884 1212 939 1295 4,
986 1235 1135 1280 non
1176 1211 1326 1305 ipse
1364 1207 1452 1279 ad
1492 1233 1746 1280 eorum
1783 1208 1997 1280 urbes
2030 1207 2380 1304 sedesque

246 1319 672 1414 penetravit.
742 1317 968 1390 Modo
1031 1318 1149 1390 ille
1212 1343 1542 1390 meorum
1601 1317 1971 1401 laborum,
2023 1316 2382 1414 periculo-

242 1451 435 1511 rum,
481 1426 952 1497 consiliorum
992 1431 1267 1512 socius,
1295 1431 1842 1524 C.Pomptiuius
1865 1422 1918 1514 ⁵,
1959 1424 2383 1498 fortissimus

246 1540 383 1619 vir,
436 1552 692 1608 ortum
743 1553 1043 1635 repente
1099 1538 1373 1610 bellum
1431 1536 1946 1633 Allobrogum,
1991 1550 2205 1632 atque
2251 1535 2385 1607 hac

252 1648 587 1719 scelerata
630 1649 1129 1743 conjuratione
1170 1653 1591 1734 excitatum,
1641 1646 1898 1744 praeliis
1940 1644 2183 1742 fregit,
2221 1671 2381 1717 eos·

254 1782 387 1853 que
430 1757 763 1843 domuit,
806 1763 935 1854 qui
992 1758 1480 1848 lacessierant3
1523 1775 1596 1829 et
1632 1784 1711 1829 ea
1752 1758 2044 1831 victoria
2078 1771 2381 1828 conten-

251 1883 401 1954 tus,
468 1867 843 1966 republica
911 1883 1106 1939 metu
1178 1868 1514 1955 liberata,
1581 1870 1880 1965 quievit.
1948 1871 2027 1937 C.
2090 1870 2382 1936 Caesaris

252 1980 458 2077 longe
528 1980 740 2062 aliam
803 1979 1015 2051 video
1071 1979 1286 2053 fuisse
1342 1983 1720 2055 rationem.
1777 1980 1942 2048 Non
1997 1978 2188 2048 enim
2245 1975 2380 2047 sibi

250 2091 477 2160 solum
526 2114 691 2160 cum
737 2092 863 2172 iis,
917 2114 1104 2186 quos
1157 2092 1302 2185 jam
1357 2104 1670 2165 armatos
1724 2100 1975 2157 contra
2005 2086 2373 2183 'populum

250 2224 630 2270 romanum
670 2197 996 2286 videbat,
1033 2199 1454 2271 bellandum
1500 2223 1651 2269 esse
1688 2197 1896 2267 duxit
1922 2250 1943 2278 ,
1986 2194 2110 2266 sed
2153 2209 2374 2266 totam

258 2308 556 2379 Galliam
594 2309 669 2378 in
701 2322 1017 2380 nostram
1056 2308 1403 2380 ditionem
1436 2333 1588 2380 esse
1614 2305 2095 2404 redigendam.
2129 2312 2382 2404 ltaque

257 2506 383 2554 bello
408 2522 683 2570 provocare
725 2506 919 2565 Gallos,
952 2506 1037 2554 sed
1060 2508 1184 2555 bene
1217 2525 1268 2555 se

251 2597 299 2633 et
328 2586 563 2650 praeelare
599 2601 700 2632 rem
744 2586 942 2648 geminae
977 2597 1267 2650 putaverunt

252 2668 521 2729 anper-iores
567 2665 881 2729 imperatores
906 2699 923 2726 ,
975 2667 1016 2714 si
1062 2667 1266 2716 lacessiti

252 2746 568 2805 restitissent,
615 2755 665 2792 et
705 2745 806 2791 vim
851 2746 900 2792 vi
949 2747 1267 2809 repulissent5

250 2824 375 2872 aolus
426 2834 549 2887 post
592 2822 773 2870 Urbem
819 2825 1065 2871 conditam
1108 2826 1268 2874 Caesar

249 2914 374 2951 tanta
421 2905 610 2950 virtute
657 2903 782 2960 fuit,
815 2915 870 2951 nt
914 2904 1046 2951 ultro
1087 2903 1268 2952 bellum

250 2983 472 3030 intulerit
507 2982 864 3044 quiescentibus
882 3018 899 3045 ,
935 2995 985 3032 et
1011 2983 1073 3030 ad
1099 2999 1266 3031 eorum

248 3061 397 3109 nrbes
421 3062 696 3125 penetrarit.
1120 3051 1125 3054 Δ

322 3157 373 3188 2.
399 3143 596 3203 Semper
629 3140 740 3188 illas
772 3141 1012 3189 nationes.
1055 3143 1268 3206 Appian-

249 3220 368 3268 Bell.
396 3219 507 3267 Civ.
537 3221 584 3266 11
605 3232 619 3265 ε
647 3241 671 3260 ιι
701 3219 829 3267 Galli
868 3231 1055 3269 tantum
1082 3221 1271 3285 populo

248 3315 451 3346 romano
478 3298 693 3346 nominis
709 3299 784 3346 sui
809 3310 1036 3348 terrorem
1059 3302 1270 3348 incusse-

251 3390 386 3436 rant,
429 3390 485 3427 ut
542 3379 648 3441 lege
698 3380 761 3426 de
801 3382 1048 3428 vacatione
1089 3380 1271 3427 militiae

251 3476 415 3506 senum
439 3470 492 3506 et
512 3459 816 3506 sacerdotnm
835 3471 1088 3523 exceptum
1111 3460 1271 3517 fuerit,

253 3540 289 3583 si
318 3539 542 3586 Gallicus
575 3538 810 3584 tumultus
848 3539 1116 3600 ingrueret,
1157 3550 1270 3585 tunc

252 3617 372 3663 euim
403 3627 453 3663 et
479 3632 622 3662 aenea
653 3628 702 3664 et
740 3616 1013 3663 sacerdotes
1035 3616 1153 3676 jussi
1178 3615 1274 3663 mi-

255 3696 383 3745 litare
402 3721 446 3743 ο.
480 3697 662 3743 Eadem
703 3697 833 3761 apud
868 3697 1171 3744 Plutarchum
1219 3697 1272 3743 in

256 3777 491 3834 Camillo,
525 3776 618 3822 sub
647 3773 803 3823 linem.

324 3857 370 3902 3.
395 3854 706 3919 Refmandas
719 3856 899 3918 potius.
928 3853 1162 3914 Resinam
1184 3871 1272 3902 na-

255 3935 347 3981 tiva
387 3949 439 3983 et
477 3937 675 4000 propria
709 3931 1090 4006 significatione²
1130 3950 1274 3997 quam

253 4030 314 4061 ex
336 4016 461 4061 Festi
486 4027 534 4061 et
554 4015 760 4061 aliorum
784 4015 1059 4077 fragmentis
1081 4029 1274 4077 expres·

258 4094 317 4140 sit
365 4096 471 4140 Jos.
513 4093 745 4156 Scaliger,
785 4105 852 4139 est
902 4093 1075 4152 ollam,
1124 4108 1271 4154 quum

260 4171 444 4218 sen-ens
472 4171 641 4236 paullo
670 4173 779 4235 plus
803 4172 1066 4229 exuberat,
1096 4172 1271 4231 injecta

1353 2523 1477 2572 aqua
1539 2521 1865 2570 compescere.
1928 2509 2043 2553 Haec
2093 2505 2375 2571 metaphora

1355 2603 1500 2652 qnam
1511 2587 1573 2634 sit
1583 2585 1758 2633 idonea
1773 2581 2018 2647 intelligit,
2034 2584 2119 2646 qni
2131 2599 2231 2630 non
2244 2583 2361 2644 igno
2371 2606 2381 2615 -

1356 2679 1429 2715 rat
1450 2682 1560 2731 qnae
1577 2666 1768 2729 ingenia
1786 2665 1947 2711 forent
1968 2662 2123 2724 gentis
2142 2661 2342 2724 gallica.

1429 2757 1477 2803 4.
1523 2746 1799 2794 Gallorum.
1823 2777 1835 2789 .
1857 2776 1870 2788 .
1895 2775 1906 2788 .
1941 2740 2104 2805 copIas
2140 2740 2380 2802 repressit.

1355 2828 1580 2890 Epitome
1607 2825 1796 2872 Liviana
1811 2860 1824 2884 ,
1846 2821 1931 2870 lib.
1951 2822 2214 2878 Lxxvn,
2241 2830 2379 2883 pont·

1354 2922 1528 2971 qnam,
1554 2927 1579 2945 ο-
1599 2907 1673 2952 Μ.
1704 2902 1930 2951 Aurelius
1957 2896 2166 2949 Scaurus
2192 2898 2374 2962 legatus

1356 2984 1569 3032 consulis
1581 3000 1607 3029 a
1624 2981 1832 3030 Cimbris
1851 2981 1961 3027 suso
1977 2979 2192 3027 exercitu
2207 2988 2378 3041 captus

1357 3075 1428 3110 est
1467 3085 1521 3131 a..
1549 3063 1612 3109 Et
1648 3060 1812 3124 paullo
1843 3070 1990 3124 post:
2026 3081 2051 3100 ιι
2076 3060 2132 3108 C.
2162 3057 2376 3105 Manlius

1357 3140 1534 3189 consul
1553 3152 1602 3188 et
1623 3143 1686 3202 Q.
1709 3139 1937 3186 Servilius
1963 3140 2131 3201 Caepio
2154 3153 2372 3202 procon-

1357 3221 1433 3269 sul
1462 3220 1580 3267 victi
1607 3218 1774 3283 praelio
1791 3252 1806 3276 ,
1833 3220 1999 3265 castris
2025 3233 2221 3280 quoque
2244 3216 2373 3262 binis

1358 3300 1495 3349 exuti
1525 3309 1666 3358 sunt,
1702 3300 1947 3361 octoginta
1984 3297 2190 3346 militum
2225 3296 2374 3344 millia

1359 3381 1543 3435 occisa,
1584 3380 1811 3427 calonum
1847 3388 1896 3425 et
1930 3377 2137 3426 lixarum
2176 3376 2383 3441 quadra⁴

1359 3460 1508 3524 ginta.
1523 3461 1562 3506 E
1575 3457 1751 3522 quibus
1771 3456 2016 3504 funeribus
2033 3457 2193 3520 magni
2211 3456 2374 3504 luctus

1358 3549 1472 3587 tunt
1495 3538 1781 3601 consequuti
1802 3558 1846 3583 n.

1430 3620 1478 3666 5.
1499 3618 1552 3667 C.
1572 3615 1887 3681 Pomptinius.
1907 3617 2006 3678 Qui
2025 3625 2206 3679 praetor
2216 3614 2381 3662 Tullio

1356 3698 1557 3746 consule
1572 3697 1761 3744 fidelem
1771 3697 1822 3743 in
1839 3695 2057 3742 Catilinae
2075 3694 2388 3755 exstinguen-

1361 3776 1421 3824 da
1458 3777 1794 3837 conjuratione
1831 3790 2029 3837 operam
2066 3772 2287 3834 navavit,
2331 3781 2378 3816 et

1360 3855 1524 3901 literas
1551 3855 1914 3913 conjuratorum
1944 3855 1996 3898 in
2024 3862 2175 3915 ponte
2203 3848 2382 3896 Milvio

1354 3921 1700 3994 deprehendit.
1725 3931 1911 3978 Deinde
1931 3930 2236 3994 provinciam
2262 3927 2379 3976 Gal-

1361 4011 1472 4058 liam
1492 4027 1554 4055 ex
1581 4021 1784 4073 praetura
1803 4012 2028 4067 sortitus,
2057 4008 2343 4072 Allobroges
2365 4040 2381 4063 ‚

1362 4092 1462 4136 sive
1486 4089 1754 4145 Sabandos,
1769 4091 1853 4151 qui
1870 4106 1895 4135 a
1915 4088 2180 4147 conjuratis
2199 4087 2380 4134 sollici‘

1362 4170 1448 4217 tati
1462 4178 1654 4233 repente
1665 4168 1843 4216 bellum
1853 4164 2378 4227 excitarant‚refutavit
