2994 4778
634 456 762 500 ιη
1255 430 1355 498 Μ.
1403 429 1483 495 Τ.
1536 428 2105 499 CICERONIS

619 552 774 647 ligi3
788 571 1011 621 nosse
1031 546 1585 647 descriptionem
1608 549 1910 620 civitatis
1928 546 1985 636 ³,
1999 574 2042 619 a
2067 546 2459 644 majoribus
2478 554 2745 623 nostris

622 658 1138 757 sapientissime
1172 659 1679 730 constitutam:
1714 661 1844 754 qui
1879 682 2106 755 quum
2145 678 2394 756 regum
2429 657 2745 757 potesta-

627 785 775 843 tem
806 794 958 841 non
984 768 1345 857 tulissent,
1373 769 1470 839 ita
1493 769 1949 863 magistratus
1975 792 2255 841 annuos
2280 788 2745 859 creaverunt,

625 893 709 950 ut
755 879 1133 951 consilium
1167 891 1457 948 senatus
1500 876 1911 976 reipublicae
1960 885 2515 977 praeponerent⁴
2558 904 2746 952 sem-

624 991 1030 1086 piternum;
1059 986 1542 1085 deligerentur
1566 1003 1810 1061 autem
1841 993 1914 1059 in
1937 987 2013 1059 id
2046 988 2428 1060 consilium
2468 990 2564 1061 ab
2592 995 2748 1063 uni-

621 1123 828 1173 verso
860 1097 1133 1199 populo
1154 1095 1210 1186 ⁵,
1241 1096 1625 1195 aditusque
1661 1102 1740 1170 in
1773 1099 1982 1170 illum
2011 1123 2374 1170 summum
2411 1099 2746 1173 ordinem

623 1213 886 1282 civium
925 1207 1292 1280 industriae
1329 1234 1411 1281 ac
1461 1210 1715 1281 virtuti
1754 1225 2051 1308 pateret.
2111 1214 2456 1281 Senatum
2504 1213 2744 1309 reipu-

624 1319 833 1392 blicoe
860 1316 1228 1390 custodem
1250 1372 1269 1407 ,
1317 1318 1725 1416 praesidem,
1779 1333 2398 1417 propugnatorem
2441 1320 2745 1396 colloca-

623 1440 918 1516 verunt3
963 1426 1180 1523 hujus
1217 1427 1491 1501 ordinis
1537 1432 1962 1501 auctoritate
1997 1431 2104 1501 uti
2147 1430 2639 1528 magistratus,
2675 1448 2748 1504 et

588 1534 604 1549 ’
623 1543 828 1637 quasi
855 1538 1218 1610 ministros
1251 1540 1643 1634 gravissimi
1684 1539 1959 1611 consilii
1994 1564 2146 1611 esse
2182 1538 2604 1626 voluerunt3
2633 1566 2746 1612 se·

626 1664 875 1721 natum
942 1662 1181 1719 autem
1230 1649 1464 1746 ipsum
1510 1650 2007 1747 proximorum
2060 1649 2397 1721 ordinum
2420 1647 2455 1695 ⁶
2502 1652 2746 1749 splen·

627 1760 803 1832 dore
843 1756 1284 1846 confirmari,
1320 1759 1553 1857 plebis
1597 1759 1996 1832 libertatem
2034 1775 2106 1833 et
2141 1759 2526 1832 commoda
2559 1765 2778 1865 tueri·

624 1882 840 1967 atque
873 1894 1135 1969 augere
1167 1871 1574 1943 voluerunt.

712 1982 961 2052 LXVI.
1004 1986 1170 2052 Haec
1214 1981 1379 2078 qui¹
1441 2005 1580 2078 pro
1617 1981 1800 2052 virili
1838 1995 2042 2080 parte
2075 1978 2513 2070 defendunt,
2558 1983 2748 2079 opti-

623 2105 849 2162 mates
889 2104 1095 2180 sunt,
1154 2090 1678 2189 cujuscumque
1727 2094 1876 2164 sint
1928 2090 2249 2180 ordinis3
2310 2092 2442 2188 qui
2506 2107 2750 2163 autem

624 2204 988 2299 praecipue
1034 2202 1180 2274 suis
1220 2201 1621 2275 cervicibus
1658 2217 1854 2274 tanta
1902 2205 2148 2273 munia
2179 2208 2401 2299 'atque
2449 2226 2749 2299 rempu-

623 2314 887 2386 blicam
942 2317 1337 2403 snstinent‚
1387 2317 1437 2385 ii
1480 2341 1766 2415 semper
1802 2314 2028 2388 habiti
2079 2330 2251 2387 sunt
2293 2318 2754 2414 optimatium

624 2432 1025 2530 principes,
1053 2420 1405 2503 'auctores
1464 2446 1539 2503 et
1588 2447 2129 2503 conservatores
2176 2429 2500 2503 civitatis.
2563 2435 2751 2505 Huic

624 2541 1001 2614 hominum
1043 2544 1287 2639 generi
1315 2540 1570 2629 fateor,
1602 2557 1686 2612 ut
1709 2557 1877 2613 ante
1911 2541 2092 2631 dixi,
2121 2541 2390 2613 multos
2418 2541 2751 2614 adversa-

622 2657 807 2744 rios,
845 2658 1202 2744 inimicos,
1242 2655 1525 2726 invidos
1551 2680 1704 2727 esse
1727 2709 1749 2740 ,
1786 2656 2012 2726 multa
2047 2660 2360 2755 proponi
2397 2657 2752 2754 pericula,

622 2765 881 2836 multas
921 2764 1169 2837 inferri
1210 2765 1546 2858 injurias,
1601 2789 1898 2868 magnos
1951 2789 2104 2837 esse
2148 2765 2634 2865 experiundos
2679 2779 2752 2839 et

691 2975 745 3024 3.
775 2971 1156 3037 Dent-aptium
1172 2971 1388 3021 civitatis.
1408 2973 1478 3021 Ut
1499 2972 1642 3037 plane

622 3062 825 3103 noscant
862 3051 1042 3116 quibus
1090 3051 1326 3101 institutis
1377 3063 1639 3117 temperata

623 3134 767 3182 fuerit
779 3130 1075 3197 respublica3
1090 3141 1140 3180 et
1158 3130 1429 3196 intelligant
1442 3147 1640 3198 prorsus

621 3210 983 3276 quonammodo
1011 3212 1234 3260 ordinum
1263 3212 1481 3260 omnium
1520 3226 1638 3260 oon-

621 3306 814 3348 smus,
837 3290 902 3338 sd
924 3292 1074 3340 totius
1098 3290 1275 3354 pupuli
1294 3291 1565 3343 libertatem
1592 3300 1640 3338 et

623 3369 897 3417 fdidutem
923 3368 1148 3417 tuendam
1174 3372 1441 3432 conspiret.

693 3455 740 3504 4.
763 3449 1115 3509 Pramum
1134 3447 1236 3497 Alii
1257 3482 1276 3509 ‚
1302 3458 1639 3512 preponerent.

692 3605 745 3654 5.
766 3603 845 3652 Ab
860 3600 1284 3667 univempop-lo.
1302 3603 1433 3653 Ante
1453 3615 1642 3654 oratos

622 3696 872 3733 meotes:
905 3680 1211 3731 mmdeinde
1233 3694 1337 3730 non
1362 3698 1393 3730 s
1416 3683 1638 3748 populo,

623 3762 711 3812 sed
726 3779 754 3810 ι
775 3761 1091 3820 maribam.
1098 3771 1341 3810 senatores
1358 3761 1474 3810 lecti
1494 3772 1637 3812 sunt:

624 3861 652 3892 ι
678 3842 867 3908 populo
906 3852 1071 3890 sutem
1109 3853 1250 3890 entes
1288 3840 1642 3907 deligebantur,

622 3920 824 3974 mule
863 3922 1161 3970 nominante.
1199 3923 1376 3970 Sensus
1411 3921 1495 3970 me
1540 3937 1642 3970 non

626 4001 852 4054 canibus
876 4000 1090 4059 atriden
1114 4002 1419 4051 contendunt
1440 4001 1638 4066 quidem

622 4086 692 4134 sic
728 4097 835 4132 osse
873 4079 1241 4145 intelligendum
1282 4096 1296 4129 :
1349 4082 1638 4130 Universum

626 4164 808 4214 scilicet
832 4160 1066 4226 populum
1093 4162 1391 4225 magistratus
1417 4160 1532 4208 dere
1556 4175 1640 4222 pe·

1728 2972 1944 3022 tentibus
1983 2973 2249 3022 candidatis
2262 3007 2276 3032 ,
2311 2989 2491 3036 eosque
2527 2972 2749 3021 omniun·

1729 3053 1954 3101 ordinum
1972 3053 2194 3100 homines
2211 3054 2441 3117 consequi
2469 3067 2638 3117 posse;
2661 3055 2750 3118 qui

1726 3144 1887 3181 antem
1905 3133 2208 3196 magistratus
2222 3131 2428 3196 adeptus
2446 3132 2617 3188 fuerat,
2633 3148 2751 3180 con·

1727 3213 1866 3260 tinuo
1901 3229 1928 3259 a
1958 3212 2238 3259 censoribus
2274 3212 2324 3259 in
2362 3221 2580 3259 senatum
2616 3212 2751 3276 lege·

1726 3292 1889 3340 hatur.

1798 3371 1851 3418 6.
1881 3369 2216 3417 Proximam
2244 3367 2484 3416 ordinum.
2512 3369 2754 3433 Intelligit

1729 3466 1816 3499 eus
1835 3450 1923 3513 qni
1948 3447 2247 3498 sen-toribus
2275 3447 2508 3512 dignitate
2534 3450 2754 3514 proximi

1729 3539 1872 3589 sunt,
1895 3539 1948 3576 nt
1973 3527 2158 3592 equites
2174 3560 2190 3587 ,
2218 3539 2269 3576 et
2293 3527 2379 3592 qui
2397 3527 2584 3589 judicis
2609 3544 2755 3578 exet·

1726 3606 1917 3656 cebant.

1795 3688 1980 3735 vat.
2022 3700 2067 3733 ι.
2103 3685 2226 3733 Haec
2268 3684 2372 3749 qni.
2421 3685 2522 3748 Qui
2557 3684 2755 3733 viribus

1726 3765 1951 3814 omnibns
1976 3763 2294 3822 incumbunt,
2317 3781 2382 3813 ne
2403 3764 2758 3828 perturbentu-

1728 3845 1922 3894 ordines
1939 3843 2175 3903 civitatis,
2192 3859 2253 3891 ne
2271 3843 2412 3907 pleb·
2428 3854 2600 3892 contra
2615 3860 2758 3892 sens·

1729 3934 1832 3972 tum
1879 3923 2137 3972 insolescat
2157 3957 2173 3982 ‚
2214 3933 2298 3969 snt
2342 3934 2535 3971 senatus
2580 3934 2751 3972 contra

1726 4002 1898 4068 populi
1938 4002 2205 4052 libert-tem
2250 4014 2517 4066 grassetur,
2561 4004 2600 4050 ἢ
2638 4015 2753 4052 snm

1727 4082 1985 4146 optimates
1997 4119 2011 4144 ,
2023 4098 2329 4148 quocumque
2340 4098 2399 4132 ex
2414 4083 2593 4132 ordine
2607 4100 2757 4132 enee·

1730 4160 1894 4209 serint.
