2994 4778
646 439 1019 505 ORATIO
1070 441 1171 508 IN
1226 441 1304 505 L.
1352 442 1430 506 C.
1486 442 1967 509 PISONEM.
2229 442 2356 513 361

246 557 640 627 involutam
678 559 1254 656 integumentis&
1291 559 1617 628 nondum
1661 577 1904 632 cernat
1940 590 1953 630 ε
1993 562 2222 634 dicam
2260 580 2365 635 ta·

242 691 431 737 men.
471 672 636 765 Ipse
664 683 854 739 certe
881 684 1222 765 agnoscet
1248 723 1266 754 ‚
1300 682 1374 739 et
1401 693 1569 739 cum
1604 669 1846 766 aliquo
1881 670 2130 741 dolore
2169 672 2365 769 flagi-

236 779 513 848 tiorum
546 801 838 849 suorum
867 776 1387 850 recordabitur.
1423 780 1906 849 Meministine
1934 772 1987 866 ⁵,
2017 804 2292 850 coenum
2307 778 2365 865 ⁶,

241 909 472 981 quum
495 885 586 955 ad
611 900 680 955 te
707 889 959 982 quinta
985 885 1133 958 fere
1149 887 1368 959 hora?
1403 912 1566 959 cum
1594 894 1670 959 C.
1692 890 1948 959 Pisone
1982 891 2364 976 venissem,

243 997 488 1066 nescio
534 1021 686 1091 quo
745 1021 784 1066 e
833 1000 1205 1093 gurgustio
1238 1010 1309 1068 te
1354 995 1680 1095 prodire,
1723 994 2099 1069 involuto⁸
2139 1000 2368 1095 capite

242 1106 597 1177 soleatum
618 1107 647 1174 ἓ
666 1121 770 1193 et,
793 1132 1022 1203 quum
1053 1110 1198 1179 isto
1219 1133 1345 1179 ore
1372 1106 1628 1178 foetido
1645 1120 1677 1167 9
1696 1112 2130 1179 teterrimam
2161 1107 2373 1179 nobis

241 1217 591 1312 popinam
650 1215 1071 1305 inhalasseS,
1126 1218 1582 1288 excusatione
1643 1232 1713 1289 te
1765 1220 1869 1289 uti
1925 1218 2333 1289 valitudinis
2355 1274 2373 1303 ‚

241 1325 445 1420 quod
472 1325 773 1410 diceres,
801 1327 1182 1399 vinolentis
1211 1343 1281 1398 te
1310 1326 1744 1424 quibusdam
1778 1327 2373 1399 medicaminibus

242 1435 479 1506 solere
520 1438 794 1506 curari?
841 1462 1059 1534 quam
1093 1464 1226 1509 nos
1267 1462 1549 1509 causam
1584 1462 1813 1534 quum
1859 1440 2375 1536 accepissemus

242 1547 470 1644 (quid
502 1552 694 1618 enim
718 1546 948 1619 facere
975 1549 1464 1646 poteramus?)
1482 1603 1501 1634 ‚
1529 1548 1924 1646 paullisper
1952 1553 2278 1618 stetimus
2297 1550 2373 1617 in

247 1657 372 1727 illo
422 1682 809 1754 ganearum
864 1674 1153 1729 tuarum
1198 1658 1454 1729 nidore
1495 1673 1714 1754 atque
1761 1657 2004 1742 fumo;
2061 1658 2256 1729 unde
2298 1671 2374 1727 tu

247 1790 421 1852 nos,
467 1791 697 1863 quum
749 1767 1277 1865 improbissime
1323 1768 1873 1867 respondendo,
1912 1783 2068 1838 tum
2115 1768 2378 1865 turpis·

247 1881 423 1947 sime
468 1875 863 1946 eructando
900 1879 1188 1971 ejecisti.

344 1985 552 2056 Idem
598 1985 721 2054 illo
758 1984 906 2056 fere
941 1985 1246 2057 biduolto
1281 1987 1681 2085 productus
1715 1991 1789 2056 in
1832 1989 2254 2079 concionem
2288 1987 2381 2058 ab

251 2118 375 2177 ee,
429 2095 549 2164 cui
583 2095 682 2163 sic
727 2109 1086 2190 aequatum
1137 2095 1509 2193 praebebas
1561 2096 2014 2167 consulatum
2040 2107 2099 2140 ¹¹
2139 2112 2380 2183 tuum,

249 2228 476 2299 quum
523 2227 713 2273 esses
746 2205 1263 2302 interrogatus,
1305 2205 1484 2301 quid
1520 2209 1818 2277 sentires
1859 2206 1949 2277 de
1998 2208 2377 2277 consulatu

329 2418 379 2465 4.
408 2409 603 2457 Frontis
624 2409 885 2458 involutam
917 2411 1267 2477 integumentis.

256 2489 384 2536 Vide
425 2505 534 2551 quae
581 2489 746 2552 paullo
788 2502 900 2554 post
943 2491 1166 2539 dicentur
1209 2490 1270 2538 de

253 2568 445 2615 Pisonis
480 2568 773 2631 supercilio,
813 2569 873 2616 de
911 2570 1086 2617 frontis
1126 2570 1273 2617 nube·

250 2648 388 2704 cula,
415 2663 530 2710 cap.
551 2662 616 2709 93
643 2647 704 2694 de
731 2649 915 2695 Pisonis
938 2649 1270 2703 simulatione,

250 2742 345 2789 pro
383 2727 585 2784 Sextio,
616 2738 730 2789 post
770 2727 1029 2785 Reditum,
1068 2739 1118 2775 et
1156 2727 1273 2775 alibi

248 2820 399 2868 saepe.
418 2806 573 2852 Porro
594 2805 815 2852 Pisonem
836 2822 1006 2869 magna
1023 2807 1272 2854 existima-

247 2884 385 2930 tione
418 2883 567 2930 fuisse
596 2884 729 2947 apud
762 2883 986 2933 homines
1024 2896 1125 2932 tum
1169 2886 1272 2948 ipse

247 2963 431 3009 Cicero
447 2962 636 3019 fatetur,
661 2973 765 3009 tum
789 2963 944 3013 delata
968 2964 1134 3028 paullo
1160 2973 1272 3027 post

247 3043 294 3087 ei
324 3055 526 3086 censura
547 3051 762 3089 testatur.

326 3121 378 3167 5.
426 3120 763 3169 Meministine.
816 3122 976 3185 Ipsius
1025 3123 1274 3170 couscien-

248 3199 372 3245 tism
404 3207 601 3246 testatur
617 3234 632 3260 ‚
658 3210 714 3246 ut
741 3211 880 3248 tanto
904 3200 1016 3262 plus
1042 3201 1274 3247 momenti

246 3276 431 3324 habeat
456 3279 629 3327 oratio.

317 3356 372 3405 6.
403 3356 614 3405 Coenum.
636 3361 802 3406 Homo
824 3368 919 3404 tam
941 3357 1273 3416 lumlente‚et

246 3437 297 3483 in
347 3445 446 3481 tam
485 3435 699 3483 sordidis
741 3437 871 3484 vitiis
902 3445 1021 3484 *toto
1066 3451 1273 3500 eor-pore

244 3513 488 3572 volutate,
509 3525 565 3562 ut
592 3530 697 3562 uon
726 3525 819 3562 tam
848 3531 1075 3563 coenosus
1092 3527 1140 3563 et
1163 3531 1271 3561 sor-

247 3594 394 3641 didus
419 3610 567 3657 quem
592 3596 754 3658 ipsum
773 3611 966 3644 eoenum
982 3631 998 3655 ,
1034 3594 1270 3642 dicendus

247 3690 352 3720 esse
387 3674 615 3721 videaris.
655 3672 968 3722 Abstrsctum
1000 3673 1114 3721 loco
1146 3690 1271 3721 eou-

250 3751 373 3799 creti
397 3752 681 3815 saepissime.

326 3848 374 3891 7.
396 3829 710 3896 Quintafere
735 3830 878 3878 hora.
898 3831 1124 3892 Qustuor
1141 3830 1274 3879 boris

248 3920 512 3973 antequam
538 3910 621 3956 alii
646 3909 835 3957 soleant
868 3911 1047 3958 mensis
1081 3924 1274 3957 secum·

251 3989 387 4035 bere.

327 4069 374 4114 8.
406 4066 628 4113 Involuta
655 4065 831 4129 capite.
860 4068 1132 4131 Utrumque
1156 4065 1278 4113 dicit

259 4156 502 4210 tamquam
528 4162 555 4191 a
583 4145 792 4192 romanis
811 4144 1026 4191 moribus
1042 4145 1278 4204 alienum3

1355 2428 1515 2475 neque
1535 2413 1664 2459 enim
1684 2424 1833 2476 caput
1855 2414 1948 2460 nisi
1970 2424 2187 2479 tempore
2207 2416 2379 2478 pluvio

1355 2490 1576 2553 solebant
1614 2490 1890 2550 involvere,
1910 2508 2065 2555 neque
2089 2492 2263 2549 soleis,
2295 2493 2381 2541 sed

1356 2569 1528 2617 calceis
1558 2570 1652 2616 nisi
1689 2579 1910 2632 tempore
1946 2572 2282 2618 conviviorum
2310 2575 2382 2619 uti

1355 2660 1661 2697 consuet-snt.
1689 2649 1920 2697 solebant
1946 2649 2144 2696 libidini
2170 2660 2218 2696 et
2243 2651 2382 2713 popi-

1354 2727 1431 2774 nis
1451 2728 1668 2776 vacsturi
1684 2739 1833 2792 eaput
1851 2727 2124 2774 involvere.

1428 2823 1477 2868 9.
1529 2808 1686 2869 Quum
1731 2807 1820 2853 iseo
1865 2821 1950 2853 ore
1975 2802 2180 2868 soetae'do.
2228 2805 2379 2867 Quod

1351 2887 1452 2945 jam
1500 2886 1719 2934 dentium
1759 2885 2046 2949 putredine,
2086 2885 2202 2932 satis
2245 2885 2380 2932 foen-

1359 2964 1475 3012 dum
1504 2975 1604 3022 est,
1641 2964 1831 3012 etiamsi
1870 2980 1934 3011 ex
1962 2964 2078 3011 vino
2108 2975 2159 3011 et
2184 2962 2381 3027 crapula

1356 3044 1506 3090 foetor
1528 3044 1652 3091 alius
1681 3059 1782 3091 non
1808 3043 2079 3091 secesserit.

1436 3139 1516 3172 10.
1543 3124 1679 3170 Idem
1707 3121 1924 3186 illusere
1948 3122 2114 3171 biduo.
2141 3124 2219 3169 Tu
2249 3120 2380 3169 idem

1359 3201 1472 3247 Piso
1515 3199 1669 3247 biduo
1707 3211 1967 3262 postquam
2004 3199 2123 3246 mihi
2160 3210 2257 3246 tam
2293 3199 2383 3246 im-

1358 3278 1511 3342 probe
1529 3278 1848 3342 responderas
1864 3309 1879 3333 ,
1901 3276 2175 3341 productus
2191 3278 2241 3324 in
2262 3295 2382 3326 eon-

1359 3358 1552 3405 cionem
1588 3373 1614 3404 s
1646 3356 1857 3412 Clodio,
1891 3356 1972 3403 cui
2010 3355 2074 3404 nd
2108 3356 2379 3405 vexandam

1356 3435 1706 3499 rempublicam
1760 3445 1910 3482 totam
1965 3435 2037 3482 tui
2098 3436 2383 3484 consulatus

1357 3517 1455 3561 vim
1470 3550 1486 3575 ,
1540 3525 1927 3579 potestatemque
1989 3513 2236 3562 tribuebas
2254 3548 2269 3573 ,
2327 3526 2381 3563 ut

1357 3594 1555 3658 aequalis
1599 3593 1687 3641 tibi
1732 3594 1785 3641 in
1825 3602 2063 3658 potestate
2111 3592 2384 3651 videretur,

1356 3687 1507 3735 quum
1525 3690 1653 3722 esses
1674 3674 1996 3735 iuterrogatus
2014 3705 2031 3730 ,
2051 3684 2149 3720 etc.

1434 3769 1454 3799 1
1471 3768 1488 3799 ι
1502 3789 1515 3800 .
1540 3751 1629 3799 Oui
1645 3753 1714 3800 sie
1730 3764 1973 3814 ‹equaumt
1994 3751 2251 3814 prabebas
2268 3764 2384 3795 eon-

1360 3830 1572 3877 sulatum
1600 3842 1748 3877 etcum.
1787 3831 1938 3892 Quod
1962 3844 2104 3877 suum
2132 3829 2382 3890 magistra-

1366 3918 1486 3954 tum·
1524 3909 1569 3954 ei
1617 3919 1860 3971 tamquam
1901 3911 2029 3956 viam
2087 3908 2282 3971 planam
2336 3918 2385 3955 et

1364 3986 1696 4049 aequstsm‚sd‘
1717 3989 1878 4035 omnin
1906 4004 1991 4035 sua
2017 3986 2219 4035 consilis
2238 3985 2384 4050 perfl-

1366 4063 1536 4112 eiends
1563 4066 1826 4128 praebebat.
1836 4069 2095 4115 -Frustrs
2124 4065 2204 4112 hio
2236 4065 2387 4112 lueret

1369 4145 1562 4192 Ernest.
