2994 4778
913 470 1687 541 ARGUMENTUM.
2315 472 2353 543 5

318 606 424 650 tum
456 602 661 648 narrat
681 588 942 651 omnium
968 587 1259 648 bonorum
1282 589 1340 649 in
1372 589 1557 650 salute
1579 608 1685 649 sua
1712 595 2099 653 conservanda
2128 594 2318 654 studia
2335 639 2352 666 ,

307 688 517 749 civium
545 706 623 751 ex
645 698 768 747 tota
793 684 975 755 urbe,
1011 700 1333 764 cunctaque
1358 686 1523 747 Italia
1545 700 1923 761 conventum,
1958 692 2137 751 vestis
2165 707 2355 752 muta-

304 784 518 843 tionem
540 804 574 842 a
597 796 800 843 senatu
830 784 1018 843 luctus
1042 784 1236 861 potius
1257 803 1431 862 quam
1460 782 1888 865 deprecationis
1915 805 2078 849 cansa
2112 790 2357 863 sactam3

304 881 365 940 in
414 899 536 958 quo
579 879 956 939 vehementer
993 880 1233 958 castigat
1281 879 1518 942 Gabinii
1557 880 1945 959 perniciosam
1991 886 2320 944 concionem
2342 930 2359 960 ,

303 976 545 1056 ejusque
571 976 844 1055 injuriam
876 977 937 1036 in
964 981 1030 1036 L.
1057 977 1283 1037 AElium¹
1305 977 1594 1051 Lamiam,
1630 998 1803 1056 quem
1834 978 1933 1038 ine
1974 994 2213 1059 propter
2249 982 2358 1042 be-

304 1072 686 1135 nivolentiam
708 1075 770 1132 in
791 1075 1130 1134 Ciceronem
1156 1075 1532 1152 relegaverat.
1565 1079 1715 1137 Tum
1739 1076 2077 1155 perstringit
2103 1076 2353 1139 edictum

306 1188 424 1247 quo
451 1170 587 1229 Piso
628 1183 689 1228 et
725 1168 1006 1229 Gabinius
1045 1170 1309 1228 consules
1357 1183 1617 1230 senatum
1648 1169 1723 1230 ad
1764 1190 1932 1231 suum
1962 1173 2236 1233 vestitum
2265 1194 2361 1233 re-

309 1265 433 1325 dire
470 1265 785 1344 jusserant.
806 1271 877 1328 ln
900 1267 1101 1345 primis
1129 1279 1322 1327 autem
1359 1286 1460 1326 eos
1494 1267 1820 1346 vituperat,
1849 1268 2009 1346 quod
2039 1270 2195 1349 leges
2222 1270 2362 1329 ferri

308 1364 460 1440 passi
483 1363 630 1437 sint,
661 1375 724 1422 ut
747 1366 839 1422 lex
858 1363 1008 1424 AElin
1029 1362 1180 1443 (qua
1198 1376 1430 1423 cautum
1456 1376 1585 1424 erat
1600 1407 1616 1438 ,
1640 1377 1706 1423 ut
1732 1365 1960 1443 quoties
1977 1386 2111 1425 cum
2137 1367 2361 1446 populo

307 1472 608 1537 ageretur,
634 1477 884 1538 augures
913 1458 989 1519 de
1014 1460 1156 1519 caelo
1179 1473 1480 1519 servarent
1500 1503 1518 1531 ,
1542 1458 1892 1520 obnuntiare
1917 1461 2147 1534 liceret,
2174 1474 2235 1523 et
2262 1463 2359 1521 in-

310 1555 605 1615 tercedere
631 1558 996 1635 magistratus
1021 1558 1290 1637 possent)
1317 1558 1574 1636 itemque
1599 1558 1696 1617 lex
1724 1558 2053 1638 Fufia(qua
2077 1560 2359 1619 sancitum

309 1664 436 1713 erat
468 1672 543 1710 ne
567 1652 838 1731 omnibus
864 1652 1069 1713 diebus
1090 1654 1250 1713 fastis
1275 1654 1461 1732 legem
1500 1655 1653 1713 ferre
1689 1653 1928 1733 liceret)
1958 1675 2032 1714 ne
2063 1657 2358 1726 valerent3

309 1766 496 1825 eoque
526 1761 593 1806 ut
624 1748 815 1808 Clodii
836 1749 1132 1809 furoribus
1164 1748 1479 1809 tribunitiis
1508 1769 1731 1811 summa
1757 1750 1989 1809 licentia
2014 1752 2358 1813 concedere·

312 1854 437 1916 tur,
465 1864 597 1923 cap.
633 1845 813 1917 7-15.

382 1945 514 2000 Iam
539 1942 804 2021 quamvis
830 1962 922 2001 res
943 1955 1132 2001 essent
1156 1941 1471 2020 ejusmodi,
1495 1955 1560 2001 ut
1575 1957 1805 2003 senatus
1826 1963 1935 2021 pro
1955 1942 2200 2004 ducibus
2224 1966 2358 2024 pro·

307 2035 524 2098 ditores
553 2038 829 2113 haberet,
853 2052 1121 2118 equester
1144 2038 1293 2099 ordo
1318 2059 1352 2099 a
1382 2039 1720 2100 consulibus
1743 2058 1876 2100 reus
1899 2041 2205 2114 citaretur,
2232 2047 2356 2102 Ita-
2393 2090 2398 2097 .

307 2136 394 2194 lia
420 2138 735 2196 auctoritas
766 2137 1194 2216 repudiaretur,
1224 2135 1323 2195 alii
1357 2138 1694 2197 nominatim
1726 2137 2119 2216 relegarentur
2156 2136 2262 2217 (ut
2288 2142 2353 2195 L.

309 2232 583 2314 Lamia),
608 2233 708 2293 alii
745 2246 903 2293 metu
924 2253 993 2292 ac
1020 2233 1283 2311 periculo
1312 2245 1701 2305 terrerentur3
1729 2253 1887 2295 arma
1914 2247 2104 2297 essent
2131 2235 2191 2293 in
2215 2248 2358 2294 tem-

309 2333 446 2412 plis,
468 2330 677 2391 armati
699 2333 760 2389 in
783 2331 913 2389 soro
940 2351 953 2387 z
981 2343 1171 2388 tamen
1193 2329 1254 2386 in
1284 2341 1445 2387 tanto
1462 2328 1752 2389 bonorum
1772 2330 1968 2389 studio
1995 2332 2167 2391 tantis
2188 2331 2356 2389 malis

312 2431 513 2490 Cicero
535 2427 665 2508 (sic
694 2428 848 2487 enim
870 2426 1219 2505 persuadere
1247 2426 1315 2485 iis
1332 2468 1352 2498 ,
1378 2427 1481 2505 qui
1504 2426 1816 2487 audiebant
1835 2471 1852 2499 ,
1883 2428 2141 2506 voluit),
2183 2431 2352 2488 resti-

316 2528 494 2600 tisset,
524 2526 636 2586 nisi
658 2544 795 2585 eum
822 2525 922 2584 alii
950 2537 1135 2584 metus
1155 2566 1174 2595 ,
1204 2524 1329 2581 alioe
1357 2543 1514 2583 curte
1542 2537 1716 2602 atque
1740 2526 2094 2603 suspiciones
2136 2528 2355 2585 movis-

311 2637 436 2684 sent
458 2667 478 2697 ,
511 2638 573 2682 ut
601 2623 738 2701 fuga
765 2642 827 2682 ae
859 2620 1210 2686 dimicationi
1241 2619 1628 2682 subtraheret.
1657 2625 1792 2682 Non
1821 2622 1974 2680 enim
2007 2642 2068 2680 se
2107 2623 2353 2681 veritum

311 2742 467 2794 esse,
495 2721 545 2782 si
572 2718 735 2798 quod
760 2719 929 2779 facile
953 2719 1106 2777 factu
1132 2717 1307 2777 fuerit
1321 2757 1343 2786 ,
1360 2731 1421 2776 et
1448 2716 1608 2795 quod
1630 2717 1756 2777 fieri
1784 2717 2072 2790 debuerit,
2093 2717 2356 2780 inimicos

309 2839 444 2879 suos
461 2818 522 2876 vi
542 2817 835 2894 armisque
852 2827 1199 2894 superasset,
1213 2834 1287 2872 ne
1302 2814 1432 2892 quis
1451 2828 1554 2874 aut
1568 2815 1684 2876 vim
1703 2816 1764 2876 vi
1791 2815 2016 2893 pulsam
2045 2816 2356 2894 reprehen-

311 2916 505 2987 deret,
525 2927 627 2974 aut
650 2912 1010 2992 perditorum
1038 2911 1278 2983 civium,
1298 2912 1388 2972 vel
1409 2912 1604 2991 potius
1630 2910 2078 2972 domesticorum
2100 2912 2352 2971 hostium

313 3025 556 3072 mortem
592 3022 878 3070 moereret.
912 3009 1029 3070 Sed
1062 3008 1176 3068 hoc
1205 3009 1565 3088 potissimum
1597 3028 1719 3069 esse
1756 3021 2111 3070 commotum
2132 3052 2149 3081 ,
2193 3010 2355 3086 quod

312 3108 422 3169 sibi
441 3107 774 3186 Pompeium
796 3150 813 3179 ‚
841 3110 1108 3167 Crassum
1130 3149 1147 3178 ‚
1175 3108 1459 3166 caesarem
1486 3105 1726 3166 Clodius
1748 3106 2011 3165 inimicos
2039 3125 2164 3163 esse
2186 3104 2352 3163 diee-

314 3217 423 3279 ret,
443 3205 623 3283 hique
643 3204 1027 3263 taciturnitate
1048 3222 1155 3261 sua
1174 3222 1380 3260 vanam
1409 3203 1567 3261 illam
1586 3203 1908 3260 orationem
1931 3202 1992 3259 in
2013 3220 2075 3259 se
2090 3201 2357 3279 improbe

313 3303 630 3382 conjectam
654 3303 996 3363 confirmare
1030 3299 1400 3371 viderentur,
1440 3318 1570 3377 cap.
1607 3299 1796 3358 ι6-ι8.
1842 3303 2046 3378 Itaque
2070 3300 2121 3358 si
2155 3314 2358 3361 contra

316 3401 611 3464 tribunum
638 3399 822 3481 piebis
854 3400 1114 3478 privatus
1144 3398 1319 3458 armis
1349 3396 1700 3457 contendere
1731 3396 2049 3469 voluisset,
2090 3411 2149 3456 et
2182 3398 2230 3455 si
2263 3401 2356 3457 iu-

315 3501 583 3559 terfectus
613 3512 760 3558 esset
796 3496 1063 3569 Clodius,
1099 3493 1341 3556 dubium
1384 3514 1504 3553 non
1548 3495 1753 3565 fuisse,
1801 3494 1943 3572 quin
1985 3495 2082 3553 ine
2119 3497 2349 3573 sanguis

315 3596 642 3656 tribunitius
673 3595 939 3655 consuies
967 3593 1183 3651 ultores
1209 3604 1271 3650 et
1299 3591 1631 3651 defensores
1658 3604 1807 3651 esset
1835 3590 2157 3651 habiturus.
2192 3595 2354 3652 Hanc

314 3714 449 3752 vero
474 3695 714 3754 alteram
749 3690 1181 3751 contentionem
1206 3687 1492 3765 ejusmodi
1533 3688 1786 3747 futuram
1823 3686 2024 3760 fuisse,
2069 3700 2134 3747 ut
2168 3708 2356 3767 neque

314 3792 524 3864 viatus,
551 3810 743 3868 neque
775 3789 965 3847 victor
994 3784 1407 3864 rempublicam
1440 3798 1633 3844 tenere
1659 3799 1868 3864 posset.
1906 3790 1975 3844 In
2004 3785 2190 3863 prima
2216 3806 2356 3845 con·

325 3889 563 3950 tentione
605 3902 803 3950 autem
833 3906 971 3946 cum
1014 3882 1254 3954 Clodio,
1276 3883 1327 3943 si
1362 3884 1418 3942 vi
1444 3882 1744 3942 tribunitia
1770 3883 1956 3942 victus
1979 3882 2037 3940 in
2065 3883 2196 3940 foro
2222 3904 2352 3942 cum

327 3986 499 4047 multis
533 3986 672 4048 viris
709 3985 886 4046 bonis
929 3980 1300 4048 concidisset,
1342 3994 1531 4039 tamen
1566 3981 1688 4038 sive
1724 3978 2002 4059 improbi,
2047 3979 2170 4038 sive
2214 3979 2357 4039 boni

324 4079 452 4144 victi
474 4097 689 4157 meent,
708 4082 865 4143 hanc
894 4078 1320 4140 contentionem
1347 4097 1477 4136 cum
1494 4078 1804 4136 multorum
1827 4076 2116 4136 bonorum
2143 4078 2354 4135 civium

321 4177 539 4241 interitu
566 4181 745 4242 fuisse
766 4177 1158 4254 conjunctam.
1190 4180 1387 4252 Itaque
1410 4194 1471 4233 se
1504 4174 1768 4233 maluisse
1805 4175 2165 4252 periculum,
2196 4172 2356 4249 quod
