2994 4778
2101 534 2115 547 .
2218 486 2358 581 275

250 560 454 634 literis
483 569 824 656 recitatiS,
854 573 1196 650 confectis
1227 583 1567 657 omnibus
1608 595 1974 668 maritimis
2004 612 2357 679 terrestri-

244 668 510 769 busque
536 675 784 767 hellis,
823 685 1421 782 supplicationem
1453 695 1731 771 dierum
1765 703 2144 783 duodecim
2168 719 2200 767 ⁴
2238 718 2356 790 de-

236 785 634 880 crevistis),
681 814 841 861 sum
889 800 1018 866 Cn.
1068 801 1391 900 Pompeii
1442 808 1785 882 virtutem
1824 831 1896 887 et
1937 824 2152 894 animi
2200 853 2349 900 ma-

235 894 669 988 gnitudinem
706 901 1129 995 admiratuS,
1168 913 1365 1007 quod
1392 970 1410 1001 ,
1442 942 1670 1013 quum
1716 925 1866 1021 ipse
1913 937 2164 1005 ceteris
2201 964 2353 1011 om-

237 1001 433 1075 nibus
489 1023 678 1079 esset
729 1016 929 1083 omni
976 1015 1258 1091 honore
1308 1026 1706 1120 antelatus,
1754 1037 2175 1134 ampliorem
2218 1047 2351 1118 ho-

238 1137 468 1184 norem
510 1116 714 1188 alteri
757 1120 1151 1212 tribuebat,
1204 1155 1420 1228 quam
1456 1138 1607 1233 ipse
1647 1158 1796 1212 erat
1824 1170 2342 1248 consequutus.

233 1227 401 1319 Ergo
454 1227 527 1296 in
593 1228 707 1300 illa
766 1235 1330 1330 supplicatione,
1391 1270 1608 1340 quam
1669 1274 1804 1349 ego
1860 1255 2183 1350 decrevi,
2236 1291 2350 1340 res

232 1332 360 1427 ipsa
405 1335 677 1408 tributa
723 1355 829 1410 est
865 1342 998 1414 diis
1037 1348 1562 1426 immortalibus
1585 1412 1604 1444 ,
1650 1375 1720 1430 et
1753 1366 2106 1460 majorum
2140 1375 2344 1448 iusti-

228 1445 416 1529 tutis,
465 1461 538 1516 et
583 1449 868 1521 utilitati
911 1456 1365 1551 reipublicae3
1410 1464 1532 1534 sed
1571 1468 1875 1566 dignitas
1910 1480 2297 1558 verborum
2323 1545 2341 1576 ,

224 1550 473 1640 honos,
506 1571 582 1628 et
615 1564 889 1632 novitas
912 1619 930 1643 ,
962 1579 1033 1635 et
1060 1593 1407 1644 numerus
1437 1574 1756 1666 dierum,
1796 1590 2089 1662 Caesaris
2117 1596 2338 1692 ipsius

222 1659 401 1732 laudi
450 1666 842 1764 gloriaeque
901 1697 1282 1748 concessus
1337 1697 1460 1753 est.
1521 1690 1845 1763 Relatum
1903 1716 2010 1770 est
2064 1704 2151 1774 ad
2202 1735 2335 1782 nos

222 1796 434 1869 nuper
478 1774 571 1845 de
626 1780 1037 1874 stipendio⁵
1083 1793 1481 1862 exercitus:
1526 1822 1672 1868 non
1730 1802 2012 1879 decrevi
2060 1816 2334 1908 solum,

220 1882 323 1951 sed
358 1886 612 1973 etiam,
663 1902 746 1956 ut
789 1913 916 1960 vos
964 1890 1480 1989 decerneretis,
1534 1905 1880 1999 laboravi3
1931 1920 2156 1993 multa
2194 1928 2334 1999 dis·-

218 1994 665 2066 sentientibus
697 2000 1073 2095 respondi;
1111 2005 1493 2081 scribendo
1532 2013 1775 2089 affui⁶.
1819 2028 1998 2096 Tum
2030 2056 2327 2132 quoque

216 2099 464 2174 bomini
494 2105 658 2202 plus
687 2106 946 2195 tribui,
981 2137 1196 2209 quam
1224 2122 1468 2192 nescio
1501 2127 1615 2194 cui
1647 2135 2072 2210 necessitati.
2103 2144 2315 2218 Illum

211 2216 380 2283 enim
430 2215 865 2305 arbitrabar,
918 2223 1127 2292 etiam
1191 2226 1347 2297 sine
1396 2230 1537 2302 hoc
1587 2236 1909 2312 subsidio
1961 2256 2318 2343 pecuniae,

209 2328 491 2398 retinere
527 2329 923 2399 exercitum
957 2332 1193 2428 praeda
1222 2352 1390 2410 ante
1420 2359 1618 2439 parta
1642 2358 1692 2431 7,
1729 2358 1803 2421 et'
1833 2351 2102 2431 bellum
2138 2389 2314 2439 con-

269 2498 315 2544 ι.
350 2492 757 2554 &applicationem
795 2494 980 2543 dierum
1016 2499 1198 2547 duode-
1288 2506 1559 2574 cedendum
1579 2529 1679 2561 non
1699 2523 1903 2580 censuit;
1919 2525 2087 2575 harum
2101 2548 2192 2595 ego
2209 2551 2313 2583 sen·

202 2566 297 2614 ein.
323 2571 464 2631 Quini
498 2571 606 2618 dies
643 2571 1080 2635 supplicationibus
1112 2579 1196 2625 tri·
1287 2585 1544 2651 tentiamln
1567 2583 1612 2638 et
1631 2607 1801 2644 auctor
1818 2633 1832 2654 ,
1864 2612 1910 2648 et
1928 2606 2159 2673 princeps
2179 2614 2249 2660 fni
2266 2637 2307 2662 n.

200 2644 461 2697 bachantur.
487 2650 666 2700 Cicero
699 2653 868 2700 consul
906 2669 1161 2704 numerum
1179 2693 1194 2717 ,
1356 2667 1413 2715 6.
1449 2669 1709 2720 Sm‘bendo
1744 2675 1893 2741 affui.
1936 2685 2144 2736 Summa
2173 2691 2307 2740 beni-

196 2723 241 2771 in
263 2730 447 2788 gratiam
467 2730 688 2793 Pompeii
714 2729 1013 2794 duplicavit3
1040 2735 1196 2799 tripli-
1455 2748 1466 2759 ·

196 2807 305 2852 eavit
330 2809 380 2854 in
413 2809 614 2869 grati-am
656 2810 881 2866 (maris,
912 2811 996 2873 qui
1027 2813 1193 2876 paullo
1282 2835 1425 2872 nator
1448 2837 1869 2887 senatusconsulto
1894 2840 1954 2889 de
1981 2845 2184 2908 anem-m
2211 2852 2304 2901 ho-

191 2896 290 2943 post
328 2885 744 2951 quadruplicatam
790 2888 976 2936 dierum
1020 2892 1189 2955 viginti
1277 2917 1399 2951 ηοω
1440 2907 1699 2959 scabendo
1733 2920 1873 2978 quasi
1915 2926 2049 2971 ,esth
2089 2928 2297 2982 adesset.

188 2963 575 3027 applicationem
601 2966 795 3026 babuit,
822 2981 877 3017 ut
899 2971 1004 3035 ipse
1027 2985 1188 3021 narrat
1275 2980 1446 3031 Cicero
1471 2987 1534 3035 ad
1563 2991 1797 3044 Catonem
1813 3034 1826 3056 ,
1856 2999 1946 3052 lib.
1976 3008 2091 3064 XV,
2120 3028 2196 3074 ep.
2226 3013 2259 3061 6
2280 3032 2294 3061 :

189 3039 238 3086 de
268 3043 406 3091 Bello
433 3046 602 3107 gallico
640 3044 729 3095 lib.
769 3049 858 3104 lv,
884 3065 993 3113 cap.
1028 3050 1183 3100 ultim.
1272 3081 1298 3100 a·
1324 3063 1487 3113 Fuisse
1526 3069 1796 3126 jucundum
1847 3082 1985 3142 quod
2032 3089 2293 3140 scribendo

188 3120 447 3182 legendum
482 3124 624 3187 igitur
648 3125 811 3173 decem
846 3127 958 3175 loco
994 3129 1181 3178 duode-
1270 3139 1532 3202 adfuissem
1571 3147 1676 3195 baec
1708 3155 1837 3202 enim
1874 3170 2289 3220 senatusconsult.

186 3197 263 3244 ein
293 3202 613 3262 crediderim,
644 3204 686 3250 si
721 3204 916 3267 quidem
956 3223 1182 3256 uumerus
1271 3231 1371 3265 uon
1395 3221 1591 3284 ignoras
1608 3227 1670 3280 ab
1690 3234 1987 3286 amicissimis
2008 3244 2128 3305 ejus,
2156 3252 2292 3310 cuju,

187 3276 247 3324 bis
267 3282 480 3345 quinquae
507 3293 579 3330 est
605 3282 775 3331 decem
792 3287 1125 3351 aequipolleus.
1270 3294 1332 3344 de
1356 3299 1543 3350 honore
1573 3310 1748 3371 agitur,
1785 3316 1932 3363 scribi
1957 3321 2111 3372 solere
2130 3348 2172 3373 ιι.
2211 3331 2284 3381 Ι).

239 3361 283 3408 5.
320 3361 550 3408 Relatum
583 3373 681 3408 ese.
702 3398 720 3412 .
739 3399 753 3411 .
773 3397 787 3409 .
829 3365 891 3411 de
921 3367 1180 3430 supendio.
1267 3373 1366 3424 hoc
1397 3378 1630 3444 loquendi
1656 3403 1829 3451 genere
1851 3396 1961 3445 vide
1989 3401 2204 3457 Brisson.
2235 3414 2284 3460 11

182 3435 311 3485 Iocus
337 3440 422 3487 hic
455 3439 671 3487 declarat
700 3441 780 3500 jus
816 3443 961 3491 fuisse
993 3446 1180 3494 senatui
1267 3454 1328 3503 de
1343 3459 1599 3520 Fornmlis.

181 3525 220 3560 et
233 3517 539 3581 stipendium,
552 3530 601 3565 et
618 3519 884 3582 legatorum
903 3539 1174 3584 numerum,

176 3603 216 3639 α
235 3598 635 3661 supplicationem
671 3600 775 3646 sine
801 3602 972 3665 populi
997 3605 1171 3653 suffra-

174 3673 243 3734 gio
275 3677 581 3725 decernendi.
632 3680 806 3728 Cicero
849 3698 943 3744 pro
987 3685 1166 3745 Balbo,

173 3765 260 3816 etp.
287 3771 349 3818 ²7
376 3771 390 3803 ε
411 3779 437 3798 e
462 3758 525 3806 C.
545 3757 781 3806 Can-em
801 3773 995 3810 senatus
1015 3775 1062 3812 et
1089 3781 1168 3828 ge-

170 3835 637 3900 neoenpptioetioni·
649 3838 946 3903 amplissimo
959 3847 1167 3904 ornavit,

169 3919 206 3955 et
227 3927 419 3962 numero
441 3917 633 3964 dierum
656 3931 807 3965 novo.
845 3920 981 3969 Idem
1008 3924 1061 3970 in
1084 3941 1167 3972 an-

168 3992 313 4049 gatii·
337 3994 495 4042 erarii
518 3997 754 4043 victorem
785 4002 1050 4049 exereitum
1077 4005 1168 4052 sti·

165 4072 327 4128 prndio
369 4072 571 4124 adfecit.
648 4078 939 4140 Imperatori
1002 4083 1168 4132 decem

162 4143 327 4211 legatos
345 4154 588 4216 ἀπηνὴς
614 4156 721 4222 lege
747 4161 1038 4226 Smprouia
1059 4179 1169 4213 sue-

1338 3555 1385 3599 7.
1416 3542 1596 3591 Proeda
1629 3559 1749 3597 ante
1774 3565 1940 3614 parta.
1976 3561 2124 3622 Qut,
2141 3580 2280 3630 parta

1264 3616 1478 3679 victoria,
1495 3621 1721 3675 hostibus
1737 3631 2080 3696 eripiebantur,
2098 3660 2150 3692 ea
2171 3647 2281 3711 ple-

1258 3709 1460 3760 rumque
1493 3708 1721 3764 quaestori
1752 3715 2198 3786 committebantur,
2223 3739 2280 3776 ut

1256 3772 1464 3824 Romam
1486 3780 1550 3827 ad
1569 3788 1785 3835 erarium
1807 3802 1855 3838 et
1877 3808 2141 3855 quaestores
2162 3819 2278 3854 aera-

1257 3851 1316 3896 rii
1344 3856 1557 3906 referret.
1584 3865 1832 3915 Interdum
1855 3882 2013 3922 tamen
2038 3878 2122 3925 ubi
2152 3885 2277 3932 mili-

1257 3940 1327 3977 tes
1344 3932 1465 3981 bene
1482 3952 1581 3985 rem
1597 3957 1836 4003 gesserant
1852 3985 1866 4006 ,
1891 3968 1944 4000 ea
1965 3956 2277 4022 imperatores

1257 4007 1352 4056 illis
1381 4016 1571 4074 praemii
1608 4019 1722 4070 loeo
1760 4031 2112 4084 concedebant.
2143 4044 2276 4091 Raro

1256 4087 1420 4152 igitur,
1455 4093 1542 4140 nbi
1579 4100 1742 4160 praeda
1777 4114 2007 4170 quaestori
2041 4119 2275 4168 attributa

1258 4179 1360 4217 erat
1375 4203 1390 4226 ‚
1414 4171 1712 4237 stipendium
1735 4198 1762 4230 a
1785 4199 1955 4235 senatu
1978 4193 2276 4247 mittebatur.

1965 4275 2067 4346 18.
