2994 4778
275 453 1011 481 mmmmmm
1015 450 1192 472 mm
1198 448 1468 471 mmm
1473 444 2393 468 mmmmm

750 716 1912 830 ARGUMENTUM.

276 1028 586 1107 Dejotarus
626 1023 912 1083 tetrarcha
949 1017 1362 1098 Gallograeciae,
1382 1017 1515 1074 sive
1555 1013 1798 1074 Galatiae
1827 1032 1990 1092 paene
2037 1015 2244 1086 totius,
2278 1038 2409 1095 quae

361 1138 447 1184 est
491 1123 633 1202 Asiae
667 1119 827 1198 regio
867 1117 1131 1195 Phrygiae
1172 1129 1230 1173 et
1279 1110 1665 1192 Cappadociae
1689 1109 1948 1168 -confinis
1964 1152 1980 1178 ,
2031 1110 2411 1190 imperatores

362 1239 633 1283 romanos
665 1232 790 1276 toto
816 1217 951 1275 vitae
982 1233 1101 1280 (nae
1132 1224 1393 1288 tempore
1423 1208 1485 1266 in
1513 1208 1584 1266 iis
1611 1206 1777 1266 bellis
1802 1206 2122 1284 adjuverat,
2146 1230 2278 1288 quae
2298 1216 2414 1271 Ro.

362 1318 519 1377 mani
540 1318 601 1374 in
617 1315 745 1372 Asia
767 1324 1096 1391 gesserunt;
1115 1307 1272 1367 unde
1291 1307 1417 1385 ipse
1431 1305 1681 1365 vicissim
1704 1324 1807 1362 rex
1830 1325 1863 1363 c
1891 1306 2177 1364 tetrarcha
2207 1308 2413 1381 factus,

362 1409 958 1473 honorificentissimis
979 1406 1225 1466 decretis
1253 1415 1493 1462 ornatus
1521 1415 1580 1460 et
1601 1419 1805 1480 magna
1825 1402 1989 1479 regni
2019 1416 2186 1480 parte
2214 1418 2415 1464 auctus

366 1491 583 1570 fuerat:
618 1512 707 1566 De
746 1505 846 1563 illo
893 1503 1081 1573 Sulla,
1128 1504 1409 1565 Murena,
1447 1496 1725 1556 Servilius
1749 1538 1768 1569 ,
1809 1497 2084 1555 Lucullus
2117 1512 2319 1558 ornate
2357 1514 2414 1559 et

363 1607 614 1686 graviter
635 1604 696 1660 in
719 1614 917 1660 senatu
942 1597 1427 1678 praedicaverant3
1456 1603 1517 1649 et
1541 1592 1849 1669 Pompeius
1876 1612 2055 1651 unum
2079 1594 2417 1672 Dejotarum

369 1705 429 1760 in
454 1715 579 1760 toto
597 1699 740 1758 orbe
769 1710 1050 1755 terrarum
1080 1693 1272 1752 animo
1304 1689 1551 1748 amicum
1574 1707 1826 1765 vereque
1849 1688 2208 1765 benivolum,
2239 1713 2417 1752 unum

371 1801 595 1860 fidelem
623 1798 844 1877 populo
872 1811 1113 1852 romano
1136 1789 1420 1869 judicavit
1456 1785 1638 1866 (Phil.
1670 1788 1789 1864 11).
1827 1792 2031 1867 ltaque
2060 1789 2135 1850 ab
2162 1790 2296 1865 illo,
2324 1793 2421 1852 cui

372 1899 434 1956 in
471 1894 867 1956 Mithridatico
888 1887 1046 1949 bello
1077 1888 1382 1947 maximam
1410 1903 1583 1963 opem
1615 1897 1956 1957 navaverat,
2004 1888 2279 1947 Armenia
2305 1890 2419 1947 mi..

372 2015 517 2053 nore
551 1994 739 2051 fuerat
765 1989 1010 2047 donatus
1046 1986 1330 2066 (Eutrop.
1358 1985 1470 2053 VI,
1515 1986 1651 2053 ιι),
1687 1992 1747 2038 et
1777 2000 1812 2038 a
1850 1995 2052 2042 senatu
2087 2004 2192 2043 rex
2221 1987 2422 2063 appel-

371 2094 524 2151 latus
563 2091 584 2171 (
606 2089 680 2148 ad
710 2096 821 2146 Att.
849 2091 922 2157 V,
956 2082 1085 2162 17).
1120 2082 1279 2141 Bello
1307 2078 1463 2138 civili
1495 2077 1649 2136 inter
1678 2081 1959 2137 Caesarem
1997 2091 2058 2136 et
2086 2083 2422 2160 Pompeium

373 2202 582 2254 exorto
600 2231 618 2260 ,
649 2204 828 2264 quum
857 2183 1193 2241 alterutram
1220 2176 1383 2255 sequi
1414 2187 1638 2253 partem
1670 2187 2004 2252 cogeretur,
2031 2191 2308 2254 sequutus
2336 2193 2425 2239 est

377 2305 541 2357 eam,
582 2302 755 2362 quam
776 2278 1020 2358 jubebat
1043 2275 1185 2334 {ides
1211 2287 1270 2332 et
1296 2271 1577 2342 amicitia,
1611 2272 1669 2329 in
1707 2290 1823 2348 qua
1851 2291 2029 2348 quum
2062 2286 2323 2347 senatus,
2364 2291 2425 2336 et

377 2381 673 2450 consules,
716 2391 774 2437 et
815 2375 1178 2454 magistratus
1214 2370 1391 2429 ceteri
1429 2380 1655 2440 essent,
1696 2367 1819 2445 ipsa
1853 2386 2087 2446 quoque
2114 2391 2267 2450 resp.
2304 2393 2428 2433 esse

380 2478 703 2539 videbatur.
733 2480 1041 2551 Postquam
1068 2469 1329 2530 devictus
1348 2481 1456 2527 .est
1488 2465 1786 2526 Pharsalia
1810 2467 2120 2544 Pompeius
2141 2510 2159 2540 ,
2191 2469 2430 2530 domum

380 2599 442 2637 se
475 2575 724 2636 consulit
755 2573 1093 2650 Dejotarus‚
1119 2581 1179 2626 et
1215 2570 1499 2625 Caesarem
1541 2581 1674 2621 cum
1714 2562 2147 2635 Alexandrinis,
2196 2581 2427 2626 mortuo

381 2674 680 2752 Pompei0,
692 2670 909 2729 bellum
934 2678 1223 2745 gerentem
1248 2662 1492 2743 pecunia
1513 2660 1872 2724 sustentavit.
1894 2660 2173 2719 Confecto
2194 2663 2431 2723 Alexan·

383 2772 554 2830 drino
581 2769 757 2834 bello,
774 2766 835 2824 in
853 2771 1103 2825 Pontum
1131 2760 1427 2840 profectus
1453 2768 1542 2815 est
1574 2759 1782 2826 Caesar,
1807 2753 2162 2816 Pharnacem
2189 2758 2430 2818 Mithri-

386 2870 534 2929 datis
564 2869 742 2926 filium
764 2864 921 2923 bello
948 2871 1403 2940 persequuturus
1429 2877 1443 2913 ε
1473 2854 1707 2914 obviam
1733 2853 1841 2912 ivit
1866 2853 2174 2931 Dejotarus
2192 2898 2208 2924 ‚
2236 2870 2295 2915 et
2324 2858 2433 2916 de-

387 2967 589 3047 positis
618 2964 787 3042 regiis
814 2958 1131 3039 insignibus
1152 3001 1167 3028 ,
1207 2968 1267 3015 et
1304 2968 1493 3032 neque
1532 2964 1755 3011 tantum
1783 2952 2010 3030 privato
2042 2954 2249 3012 vestitu
2270 2996 2289 3027 ,
2332 2955 2434 3014 sed

390 3082 622 3123 reorum
645 3060 845 3119 habitu
861 3101 878 3130 ,
910 3057 1156 3135 supplex
1178 3052 1253 3112 ad
1282 3053 1565 3110 Caesarem
1582 3048 1741 3108 venit
1762 3061 2015 3120 oratum,
2038 3062 2105 3107 ut
2129 3048 2240 3109 sibi
2263 3052 2437 3112 etiam

392 3162 742 3237 ignosceret,
772 3153 933 3233 quod
961 3153 1021 3210 in
1053 3170 1122 3209 ea
1149 3161 1312 3228 parte
1344 3147 1570 3225 positus
1593 3157 1910 3216 terrarum,
1939 3164 2069 3222 quae
2094 3146 2255 3206 nulla
2285 3169 2439 3227 prae-

394 3257 539 3317 sidia
568 3255 807 3315 Caesaris
836 3249 1170 3318 habuisset,
1194 3242 1547 3304 exercitibus
1583 3241 1953 3320 imperiisque
1976 3242 2035 3299 in
2062 3245 2163 3301 Cn.
2182 3246 2440 3325 Pompeii

396 3354 596 3413 castris
623 3352 821 3410 fuisset
845 3370 859 3405 ε
884 3365 1074 3424 neque
1098 3343 1250 3402 enim
1279 3361 1339 3401 se
1366 3339 1623 3418 judicem
1648 3337 1917 3396 debuisse
1944 3358 2067 3398 esse
2094 3354 2441 3404 controver-

396 3453 607 3510 siarum
627 3446 831 3527 populi
851 3462 997 3502 rom.
1013 3440 1114 3500 sed
1129 3457 1333 3519 parere
1348 3431 1726 3515 praesentibus
1739 3432 2007 3512 imperiis.
2029 3439 2248 3498 Contra
2270 3460 2443 3518 quem

396 3552 588 3607 Caesar
615 3563 794 3623 quum
818 3539 1066 3620 plurima
1094 3556 1198 3595 sua
1220 3544 1727 3594 commemorasset
1753 3531 1975 3603 officia,
2010 3554 2140 3611 quae
2159 3539 2359 3596 consul
2387 3539 2443 3597 ei

400 3644 646 3703 decretis
670 3639 917 3720 publicis
947 3634 1271 3704 tribuisset;
1313 3650 1610 3711 quumque
1649 3629 2044 3688 defensionem
2075 3631 2199 3708 ejus
2227 3634 2446 3693 nullam

402 3761 570 3820 posse
609 3735 1036 3798 excusationem
1087 3729 1491 3810 imprudentiae
1543 3727 1803 3803 recipere
1854 3726 2240 3804 coarguisset3
2285 3730 2445 3806 quod

402 3839 578 3896 homo
614 3849 783 3893 tantae
801 3830 1121 3913 prudentiae
1153 3848 1220 3886 ac
1243 3824 1556 3904 diligentiae
1586 3822 1733 3880 scire
1767 3822 2047 3898 potuisset
2084 3822 2212 3900 quis
2227 3824 2446 3886 Urbem

401 3935 741 4010 Italiamque
770 3942 1022 3999 teneret,
1061 3924 1163 3985 ubi
1191 3935 1421 3982 senatus
1447 3920 1816 4000 populusque
1842 3938 2142 3988 romanus,
2169 3919 2273 3980 ubi
2297 3942 2448 4003 resp.

403 4043 584 4101 esset,
612 4028 743 4107 quis
768 4026 979 4085 deinde
1005 4036 1140 4104 post
1154 4026 1221 4080 L.
1234 4019 1566 4089 Lentulum,
1590 4019 1655 4075 C.
1672 4016 2032 4083 Marcellum,
2056 4019 2259 4077 consul
2277 4032 2452 4090 esset;

408 4128 507 4188 sed
540 4140 730 4186 tamen
766 4144 828 4182 se
861 4120 1179 4183 concedere
1216 4118 1277 4176 id
1319 4118 1532 4176 factum
1561 4111 1960 4190 superioribus
1981 4113 2102 4171 'suis
2128 4113 2416 4175 beneficiis
2437 4162 2452 4189 ,
