2994 4778
606 422 747 497 586
1244 429 1342 496 Μ.
1392 430 1470 495 Τ.
1525 429 2097 499 CICERONIS

601 545 897 618 exsulat.
946 549 1112 640 Non
1150 561 1233 617 tu
1275 571 1448 645 ergo
1484 547 1679 619 hunc
1713 553 1942 646 patria
1973 552 2284 648 privare,
2324 576 2474 648 qua
2507 568 2741 638 caret,

602 656 727 727 sed
771 657 950 740 vita,
995 658 1121 728 vis.
1167 662 1256 727 At
1292 657 1486 728 istud
1523 683 1616 729 ne
1660 658 1854 755 apud
1898 684 2068 729 eum
2108 659 2399 757 quidem
2446 659 2748 732 dictato-

598 789 755 836 rem
770 759 828 851 ⁸,
854 769 984 861 qui
1009 789 1296 853 omnes,
1329 791 1517 863 quos
1547 767 1838 855 oderat,
1868 784 2109 840 morte
2139 768 2521 858 multabat,
2551 773 2746 866 quis-
2775 801 2784 808 ·

603 899 824 971 quam
900 877 1043 972 egit
1096 876 1234 947 isto
1303 877 1548 948 modo.
1614 882 1775 975 Ipse
1837 876 2148 973 jubebat
2207 879 2467 964 occidi,
2535 880 2743 951 nullo

598 987 1051 1084 postulante3
1114 988 1419 1084 praemiis
1497 988 1716 1058 etiam
1783 986 2153 1058 invitabat.
2215 990 2434 1076 Quae9
2493 1003 2741 1059 tamen

602 1095 985 1168 crudelitas
1045 1095 1134 1168 ab
1192 1097 1447 1169 eodem
1511 1097 1789 1195 aliquot
1846 1099 2058 1169 annis
2116 1112 2322 1195 post,
2382 1123 2606 1194 quem
2661 1114 2742 1170 tu

606 1232 803 1279 nunc
842 1205 1212 1279 crudelem
1257 1232 1410 1280 esse
1442 1212 1585 1294 viS‚
1626 1209 1986 1281 vindicata
2022 1223 2154 1280 est.

696 1320 776 1387 V.
829 1321 982 1414 Ego
1018 1341 1200 1390 ‚vero
1249 1317 1438 1389 istud
1491 1343 1641 1389 non
1697 1320 2026 1415 postulo,
2075 1319 2386 1416 inquies,
2428 1323 2538 1390 Ita
2585 1344 2743 1393 me-

601 1426 843 1498 hercle
873 1428 1236 1516 existimo‚
1272 1427 1566 1500 Tubero
1597 1456 1613 1499 ε
1646 1430 1817 1499 novi
1845 1431 2039 1500 enim
2074 1444 2184 1515 te,
2213 1432 2386 1500 novi
2421 1444 2738 1527 patrem,

600 1538 769 1608 novi
810 1535 1139 1624 domum,
1181 1562 1597 1635 nomenque
1628 1553 1982 1626 vestrum;
2013 1538 2246 1612 studia
2274 1540 2594 1638 denique
2616 1566 2736 1638 ge-

603 1648 796 1718 neris
857 1673 939 1719 ac
987 1646 1269 1718 familiae
1320 1663 1609 1736 vestrae,
1659 1650 1989 1735 virtutis,
2048 1649 2555 1738 humanitatis,
2605 1650 2736 1721 do-

597 1758 883 1841 citime,
926 1756 1401 1853 plurimarum
1455 1760 1721 1829 artium
1775 1772 1997 1855 atque
2042 1759 2519 1856 optimarum,
2565 1774 2736 1830 uota

596 1880 767 1937 suut
803 1866 980 1936 mihi
1020 1869 1335 1938 omnia¹.
1382 1873 1636 1965 Itaque
1674 1883 1875 1940 certo
1914 1870 2097 1954 scio,
2136 1892 2267 1938 vos
2299 1893 2452 1939 non
2492 1884 2737 1966 petere

595 1977 1066 2074 sanguinem²
1108 2005 1123 2047 :
1170 1979 1296 2050 sed
1331 2003 1586 2075 parum
1617 1976 2007 2050 attenditis.
2050 1983 2188 2049 Res
2221 1978 2419 2048 enim
2457 2002 2549 2049 eo
2578 2002 2738 2075 spe·

595 2100 775 2174 ctat,
820 2102 905 2158 ut
940 2112 1022 2159 ea
1059 2110 1309 2185 poena,
1341 2090 1416 2158 in
1455 2113 1601 2186 qua
1643 2088 1884 2160 adhuc
1920 2092 2008 2180 Q.
2058 2089 2383 2185 Ligarius
2416 2088 2546 2175 sit,
2580 2114 2732 2158 non

595 2195 975 2268 videamini
1017 2222 1172 2270 esse
1216 2202 1565 2271 contenti.
1606 2201 1783 2290 Quae
1834 2213 1944 2270 est
1999 2201 2218 2297 igitur
2253 2197 2426 2284 alia,
2474 2212 2739 2295 praeter

597 2308 949 2382 mortem?
984 2309 1057 2377 Si
1110 2311 1300 2379 enim
1341 2310 1416 2379 in
1454 2307 1703 2381 exsilio
1748 2324 1892 2397 est,
1933 2311 2143 2380 sicuti
2184 2323 2328 2397 est,
2363 2308 2539 2407 quid
2578 2333 2735 2378 am-

493 2450 499 2459 ·
596 2416 786 2513 plius
826 2418 1254 2515 postulatis?
1298 2423 1442 2509 An,
1471 2445 1564 2492 ne
1600 2418 2100 2518 ignoscatur³P
2126 2419 2268 2490 hoc
2294 2443 2470 2491 vero
2500 2421 2737 2490 multo

595 2526 959 2613 acerbiu5‚
1001 2530 1383 2628 multoque
1427 2546 1539 2602 est
1576 2531 1848 2602 durius.
1882 2528 2102 2621 Quod
2145 2554 2278 2600 nos
2320 2529 2565 2600 domi⁴
2606 2554 2737 2627 pe-

597 2638 855 2727 timus,
889 2638 1226 2738 precibus
1254 2656 1326 2712 et
1355 2641 1685 2738 lacrymis
1701 2630 1757 2729 ⁵,
1790 2642 2130 2739 prostrati
2163 2638 2252 2710 ad
2283 2639 2540 2737 pedes,
2575 2666 2730 2710 non

597 2760 742 2817 tam
780 2764 1043 2820 nostrae
1087 2773 1316 2821 causae
1359 2749 1697 2839 fidentes,
1735 2775 1954 2847 quam
1993 2750 2215 2846 hujus
2261 2749 2734 2834 humanitati,

663 2994 713 3041 Β.
738 2990 1054 3040 Dictator-em.
1082 2992 1264 3040 Sullam
1286 2993 1529 3056 iutelligit.

662 3089 715 3136 9.
752 3076 874 3137 Quoe
902 3082 1084 3120 tamen.
1113 3072 1246 3120 Sulla
1275 3073 1375 3121 duo
1401 3072 1579 3120 talenta
1600 3109 1614 3131 ‚

591 3152 729 3214 qussi
754 3152 1008 3216 premium
1035 3151 1095 3198 iis
1119 3151 1364 3214 irrogabat
1387 3152 1473 3217 qui
1499 3167 1615 3215 pro·

590 3229 824 3293 scriptum
843 3231 998 3279 civem
1019 3240 1175 3277 morte
1192 3229 1483 3291 plectebant.
1509 3229 1612 3278 Cae·

590 3323 669 3355 ιιι·
692 3317 803 3370 post
827 3307 1106 3355 aedilitatem
1120 3342 1136 3366 ‚
1153 3307 1308 3368 judex
1330 3309 1611 3372 questionis

590 3396 663 3433 est
707 3384 915 3443 electus3
961 3396 1203 3450 tamquam
1246 3373 1447 3435 sicarios
1491 3402 1614 3434 cou-

591 3462 837 3510 demnavit
860 3480 1029 3513 omues
1056 3466 1145 3529 qui
1172 3465 1615 3530 proscriptionibus

591 3556 786 3606 opernm
813 3540 1081 3602 dederant3
1117 3555 1166 3591 et
1193 3544 1353 3605 coegit
1386 3544 1529 3591 etiam
1557 3553 1614 3590 ut

591 3618 761 3670 erario
781 3612 1088 3667 restituerent
1102 3653 1116 3675 ,
1141 3633 1335 3665 omnem
1353 3635 1499 3681 quam
1521 3636 1614 3682 pro

593 3698 878 3764 perpetratis
919 3695 1180 3744 sceleribus
1201 3695 1453 3759 pecuniam
1478 3712 1615 3745 acce-

521 3792 534 3809 ·
593 3780 793 3842 pisseut.
821 3780 902 3825 Sic
930 3776 1061 3824 Suet.
1080 3776 1200 3825 Caes.
1229 3792 1274 3823 c.
1296 3790 1362 3825 a:
1391 3800 1415 3818 κ
1436 3777 1614 3835 Caesar,

591 3857 643 3902 iu
680 3856 947 3905 exercenda
994 3853 1055 3902 de
1097 3855 1279 3903 sicariis
1315 3856 1613 3919 quatinus,

589 3950 674 3983 eos
714 3936 996 3984 sicariorum
1023 3950 1237 4001 ‚numero
1280 3935 1453 3984 habuit
1468 3971 1482 3995 ,
1528 3937 1615 3999 qui

591 4015 973 4079 proscriptione,
987 4014 1052 4062 ob
1068 4014 1211 4062 relata
1226 4015 1405 4062 civium
1415 4016 1573 4079 capita
1599 4051 1614 4073 ,

590 4092 819 4157 pecunias
840 4108 902 4140 ex
924 4093 1093 4141 aerario
1111 4105 1395 4157 acceperant
1408 4131 1422 4154 ‚
1443 4111 1612 4159 quam·

589 4190 733 4236 quam
753 4185 982 4236 exceptos
999 4173 1238 4222 Corneliis
1258 4173 1446 4237 legibus
1467 4196 1512 4223 a.

1772 2996 1835 3040 V.
1869 3009 1915 3041 ι.
1951 2992 2081 3041 nihi
2105 2993 2297 3042 omnia.
2318 2992 2604 3041 Tuberones
2631 2992 2734 3039 vir·

1702 3081 1834 3131 tute,
1858 3080 1909 3118 et
1932 3069 2209 3119 divitiarum
2237 3081 2526 3136 contemptu
2549 3071 2734 3119 florue-

1700 3160 1840 3212 ruut;
1864 3167 1990 3215 quos
2006 3150 2117 3198 Val-
2145 3152 2285 3199 Max.
2310 3150 2594 3216 Gelliusque
2617 3167 2727 3215 pas-

1701 3229 1790 3276 sim
1811 3228 2038 3277 laudibus
2059 3239 2322 3277 exornant.

1771 3322 1820 3356 ο.
1851 3308 1964 3355 Non
1987 3318 2152 3371 petere
2172 3306 2486 3372 sanguinem.
2515 3310 2617 3356 Vos
2633 3343 2647 3365 ,
2671 3317 2730 3353 ut

1700 3386 1927 3443 arbitror,
1945 3386 2118 3451 Ligarii
2138 3396 2342 3433 mortem
2361 3402 2468 3433 nou
2484 3386 2728 3451 quoedtis3

1701 3466 1786 3513 sed
1813 3465 1932 3531 quid
1966 3465 2064 3513 hoe
2089 3460 2273 3513 refert?
2298 3481 2451 3528 quum
2485 3468 2557 3513 sic
2583 3482 2722 3513 sccu-

1702 3545 1814 3591 setis
1831 3577 1846 3602 ,
1876 3556 1932 3592 ut
1957 3543 2089 3591 nulls
2112 3542 2203 3591 slis
2231 3559 2377 3606 poeua
2399 3556 2577 3607 prater
2598 3559 2728 3591 mor-

1702 3634 1801 3670 tem
1821 3622 1892 3670 illi
1912 3624 1976 3671 sit
1996 3622 2272 3685 irroganda.

1774 3703 1824 3749 3.
1859 3700 1990 3748 Libri
2019 3700 2232 3765 quidam·
2252 3700 2419 3763 scripti
2439 3734 2454 3757 ,
2480 3701 2623 3747 etiam
2645 3700 2728 3748 ed.

1704 3779 1940 3829 Waldarf.
1969 3778 2206 3844 Ignoscat.
2235 3781 2282 3827 J.
2302 3780 2366 3825 V.
2395 3779 2448 3827 L.

1777 3869 1825 3915 4.
1865 3858 2085 3907 Lambin.
2122 3857 2264 3913 Febr.
2301 3855 2440 3903 domi
2468 3856 2723 3906 delendum

1702 3949 1892 4003 putsut.
1919 3941 1971 3986 J.
1992 3939 2055 3983 V.
2079 3940 2135 3986 1..

1770 4018 1821 4065 5.
1857 4014 2084 4062 Precibus
2109 4026 2158 4063 ee
2180 4014 2422 4075 lacrymis.
2449 4015 2725 4063 Crudelita-

1699 4108 1792 4143 tem
1820 4094 2094 4143 Tuberonis
2116 4095 2206 4142 hsc
2226 4094 2411 4141 ratione
2432 4094 2721 4158 amplificat,

1696 4176 2002 4239 invisumque
2020 4174 2196 4223 Catari
2221 4172 2437 4237 prebere
2459 4175 2647 4222 nititur.
