2994 4778
691 400 1066 470 ORATIO
1117 402 1322 469 PRO
1376 402 1464 490 Q.
1518 406 1998 479 LIGARIO.
2268 408 2409 508 589

266 521 478 597 rem⁵
501 550 522 610 3
559 525 686 619 qui
728 521 1014 608 durius,
1067 545 1304 620 spem,
1342 524 1813 622 cupiditatem
1837 583 1856 616 ,
1896 527 2188 619 odium,
2240 561 2407 632 per-

267 636 641 721 tinaciam3
683 636 812 729 qui
854 634 1264 729 gravissime
1289 689 1308 720 ‚
1344 637 1822 708 temeritatem
1854 664 1870 707 :
1909 640 2181 730 scelus,
2229 644 2407 743 prae·

266 761 385 817 ter
420 760 533 827 te,
587 744 826 814 adhuc
867 767 1107 814 nemo.
1164 748 1265 815 Ac
1297 744 1474 815 mihi
1514 746 1810 841 quidem
1828 746 1883 835 ⁶,
1931 754 1989 820 si
2027 755 2405 850 proprium

266 870 350 927 et
378 879 629 926 verum
658 879 929 925 nomen
960 855 1186 924 nostri
1215 855 1378 926 mali
1410 872 1797 953 quaeratur,
1828 857 2055 931 fatalis
2083 863 2407 958 quaedam

268 966 634 1038 calamitas
686 964 1018 1035 incidisse
1071 964 1378 1052 videtur,
1426 979 1497 1036 et
1549 967 1986 1063 improvidas
2028 970 2409 1045 hominum

268 1091 555 1149 mentes
586 1076 1047 1171 occupavisse
1083 1100 1098 1142 :
1137 1090 1217 1145 ut
1244 1100 1463 1147 nemo
1490 1077 1732 1147 mirari
1761 1076 2054 1168 debeat,
2095 1082 2412 1157 humana

269 1189 571 1260 consilia
605 1187 846 1258 divina
890 1186 1309 1257 necessitate
1347 1210 1496 1257 esse
1532 1202 1867 1283 superata
1888 1201 1940 1257 ⁷.
1979 1193 2223 1263 Liceat
2253 1219 2408 1268 esse

269 1301 612 1381 miseros,
648 1318 1090 1393 quamquam
1133 1294 1274 1365 hoc
1311 1297 1583 1367 victore
1618 1322 1768 1368 esse
1809 1323 1961 1369 non
1998 1326 2403 1397 possumus.

267 1407 419 1480 Sed
461 1433 610 1479 non
664 1406 927 1502 loquor
979 1404 1069 1476 de
1115 1403 1365 1493 nobis;
1411 1404 1503 1478 de
1542 1402 1678 1477 illis
1722 1407 2010 1505 loquor,
2054 1416 2181 1509 qui
2218 1417 2408 1487 occi-

271 1516 562 1590 derunt.
612 1516 907 1586 Fuerint
959 1514 1246 1623 cupidi,
1305 1513 1577 1587 fuerint
1619 1518 1816 1604 irati,
1875 1517 2147 1593 fuerint
2185 1526 2410 1622 perti-

273 1650 491 1699 naces
520 1654 536 1696 :
568 1626 854 1697 sceleris
880 1648 1051 1694 vero
1082 1626 1382 1695 crimine
1404 1681 1422 1712 ‚
1454 1625 1756 1716 furoris,
1790 1628 2171 1727 parricidii,
2203 1635 2412 1708 liceat

271 1743 408 1810 Cn.
471 1738 818 1835 Pompeio
888 1750 1181 1806 mortuo
1196 1731 1253 1823 8,
1319 1736 1526 1807 liceat
1597 1739 1840 1810 multis
1911 1742 2066 1813 aliis
2141 1769 2407 1818 carere.

270 1846 591 1938 Quando
627 1846 768 1917 hoc
805 1847 1190 1942 quisquam
1221 1870 1309 1916 ex
1336 1859 1408 1915 te
1432 1900 1451 1931 ‚
1493 1850 1748 1934 Caesar,
1781 1848 2099 1923 audivit?
2131 1871 2253 1926 aut
2286 1871 2412 1930 tua

270 1958 455 2056 quid
510 1956 702 2028 aliud
765 1976 960 2027 arma
1018 1955 1448 2041 voluerunt,
1496 1956 1632 2025 nisi
1683 1981 1722 2026 a
1775 1970 1845 2028 te
1896 1966 2408 2038 contumeliam

271 2066 748 2166 propulsare?
777 2065 967 2155 Quid
998 2070 1144 2161 egit
1175 2080 1344 2135 tuus
1375 2066 1494 2135 ille
1525 2068 1834 2138 invictus
1862 2074 2246 2162 exercitus,
2274 2078 2411 2148 nisi
2513 2160 2521 2169 r

269 2194 356 2248 ut
395 2202 609 2249 suum
641 2178 761 2272 jus
801 2188 1152 2262 tueretur,
1194 2188 1266 2244 et
1301 2174 1721 2272 dignitatem
1759 2179 2005 2247 tuam?
2051 2182 2294 2271 Quid?
2326 2199 2407 2257 tu

273 2312 508 2385 quum
566 2310 815 2385 pacem
877 2297 1077 2356 esse9
1125 2284 1507 2381 cupiebas,
1560 2285 1732 2357 idne
1784 2287 2084 2383 agebas,
2140 2307 2220 2362 ut
2275 2294 2404 2366 tibi

272 2423 440 2470 cum
477 2398 870 2486 sceleratis,
916 2422 1008 2467 an
1048 2411 1128 2467 ut
1175 2421 1341 2466 cum
1386 2395 1599 2468 bonis
1638 2397 1913 2470 civibus
1941 2408 2409 2479 conveniret?

374 2509 555 2580 Mihi
591 2533 796 2595 vero,
848 2510 1100 2591 Caesar,
1135 2521 1258 2576 tua
1291 2508 1366 2576 in
1405 2530 1521 2578 me
1565 2509 1871 2579 maxima
1915 2516 2165 2584 merita
2204 2528 2402 2592 tanta

275 2635 471 2691 certe
513 2644 666 2689 non
697 2619 1141 2703 viderentur,
1178 2617 1236 2684 si
1266 2640 1410 2698 me,
1450 2631 1531 2686 ut
1570 2617 1990 2688 sceleratum
2013 2674 2032 2707 ‚
2064 2646 2106 2691 a
2133 2636 2204 2693 te
2234 2647 2408 2695 con-

274 2746 637 2801 servatum
677 2744 1026 2826 putarem.
1075 2725 1465 2818 Quomodo
1510 2741 1752 2796 autem
1801 2741 1880 2796 tu
1918 2726 2007 2797 de
2042 2729 2412 2828 republica

275 2839 468 2911 bene
524 2841 820 2911 meritus
855 2862 1080 2925 esses,
1129 2841 1187 2907 si
1227 2850 1335 2906 tot
1376 2835 1760 2908 sceleratos
1803 2838 2151 2910 incolumi
2188 2841 2411 2941 digni·

275 2964 424 3021 tate
462 2974 613 3021 esse
654 2950 1054 3020 voluisses?
1089 2948 1582 3018 secessionem
1606 2958 1667 2991 ¹⁰
1703 2961 1784 3017 tu
1816 2947 2008 3018 illam
2048 2952 2407 3025 existima-

352 3115 399 3160 5.
415 3110 1124 3161 fimorum'Vet-ebsnturenim
1139 3107 1298 3168 multi,
1385 3122 1486 3155 non
1506 3117 1684 3172 sponte
1714 3123 1797 3155 sna
1822 3108 1875 3155 in
1902 3107 2029 3157 bella
2049 3110 2180 3160 fuere
2197 3113 2410 3179 impulsi.

274 3208 340 3240 ne
361 3192 508 3239 nimis
532 3191 733 3239 cami-i·
751 3191 968 3255 potentia
993 3192 1046 3238 in
1072 3190 1296 3255 tyranni·
1459 3189 1508 3236 8.
1548 3187 1772 3251 Pompeio
1803 3198 2009 3236 mot-mo.
2037 3191 2233 3254 Optime
2263 3195 2408 3247 verba

272 3271 389 3319 dem
412 3269 702 3318 deflecteret.
1384 3266 1467 3315 ills
1484 3303 1500 3327 ,
1525 3277 1572 3314 et
1600 3281 1776 3314 nomen
1795 3266 1893 3314 hoc
1914 3266 2232 3319 clarissimum
2253 3274 2411 3326 inter.

347 3354 401 3400 6.
422 3356 495 3399 Ac
509 3350 629 3399 mihi
638 3349 849 3415 quidem.
865 3351 1123 3414 Postquam
1136 3348 1297 3396 omnis
1386 3346 1532 3405 serit,
1585 3346 1818 3395 caesarem
1866 3357 1993 3394 certe
2048 3363 2412 3417 commoturus,

273 3431 492 3491 detexit,
516 3448 625 3495 quae
646 3431 869 3480 homines
893 3429 955 3477 ad
978 3444 1107 3477 arma
1136 3443 1298 3492 espes-
1385 3443 1537 3492 quum
1565 3426 1785 3488 Pompeii
1817 3427 2143 3489 patrocinium
2177 3435 2414 3496 quodam-

273 3511 426 3560 senda
469 3520 728 3575 potuerant
768 3509 1045 3573 impellere3
1082 3523 1191 3571 que
1236 3509 1301 3556 sit
1386 3505 1540 3555 modo
1577 3504 1810 3569 suscipit,
1854 3515 1903 3553 ct
1927 3507 2051 3555 tanti
2076 3508 2168 3557 viri
2197 3511 2415 3565 defuncti

274 3604 422 3637 censs
449 3589 562 3636 msli
588 3590 694 3653 ipse
721 3588 788 3635 its
815 3586 1069 3635 ostendere
1095 3586 1298 3646 nititur,
1388 3585 1672 3634 memoriam
1690 3602 1716 3633 a
1737 3583 1931 3649 probris
1951 3597 2128 3636 tuetur.

273 3678 333 3716 nt
356 3667 577 3732 Pompeii
594 3666 877 3715 memoriam
894 3682 923 3714 a
947 3667 1303 3732 vituperatione
1460 3683 1511 3730 9.
1565 3668 1743 3712 Pacem
1787 3681 1904 3714 esse.
1951 3667 2150 3732 Semper
2191 3686 2412 3735 maguam

271 3748 498 3796 vindicet
513 3784 529 3810 ,
570 3747 866 3810 Caessrisque
911 3745 1080 3793 laudes
1126 3761 1299 3793 conce-
1389 3746 1522 3811 pacis
1546 3743 1861 3807 cupiditatem
1886 3760 1986 3807 prae
2021 3763 2071 3793 se
2098 3746 2258 3795 Cesar
2283 3752 2412 3800 tulo.

273 3827 450 3876 lebret.
1390 3835 1462 3872 rst
1480 3860 1494 3884 ,
1516 3838 1628 3870 vere
1656 3838 1719 3869 an
1746 3822 1894 3882 falso,
1923 3823 2178 3875 incertum.
2212 3828 2276 3878 Et
2303 3830 2415 3881 ills-

355 3923 404 3966 7.
435 3908 551 3954 Esse
572 3918 822 3969 superata.
851 3908 962 3955 Hoc
984 3905 1135 3953 modo
1159 3919 1303 3951 uerno
1393 3913 1489 3950 tam
1532 3900 1625 3948 sibi
1660 3901 1885 3961 injuriam
1923 3903 2093 3952 ulcisci
2136 3916 2325 3959 tantum
2361 3913 2415 3961 in

278 4002 442 4050 neque
466 3986 718 4050 Pompeii,
745 4002 903 4049 neque
924 3986 1124 4035 Caessris
1151 3984 1307 4032 fauto-
1391 3991 1553 4030 mente
1594 3979 1803 4028 habebnt
1820 4016 1834 4041 ,
1882 3997 2034 4046 quum
2080 3983 2207 4033 beu·
2255 3990 2414 4040 civilia

276 4082 388 4114 rum
435 4064 661 4126 laeditur3
709 4075 757 4113 et
807 4064 942 4112 omni
986 4063 1306 4112 absolvuntur
1394 4058 1647 4112 conflavit..

278 4145 426 4230 fulp-
450 4146 535 4208 qni
560 4154 746 4208 partem
771 4144 902 4191 fuere
923 4143 1166 4206 amplexi,
1193 4143 1306 4206 quia
1472 4156 1549 4188 ro.
1590 4139 1925 4188 &cessionem
1969 4140 2284 4193 Notissimnm
2320 4147 2418 4195 hoc
