2994 4778
650 399 781 469 128
1286 401 1383 468 M.
1436 401 1511 466 T.
1567 399 2125 471 CICERONIS

635 522 884 619 populi
911 518 1219 613 judici0‚
1240 534 1481 618 togam
1510 518 1817 615 dederit3
1858 520 2055 591 hunc
2087 522 2226 593 hoc
2262 548 2490 611 anun,
2527 528 2606 597 in
2638 528 2785 601 bac

633 645 828 728 toga,
862 631 1253 727 rogationis
1291 630 1769 725 injustissimae
1803 630 2116 702 subitam
2141 633 2603 708 acerbitatem
2634 663 2784 737 pro

636 756 839 839 patre
876 738 1267 812 fortissimo
1306 753 1378 811 et
1412 738 1803 810 clarissimo
1836 741 1993 812 cive
2021 741 2529 841 deprecantem
2544 744 2601 818 ⁶.

735 856 968 948 Atque
1001 850 1118 920 hic
1153 864 1262 920 tot
1299 865 1371 920 et
1407 849 1655 919 talium
1693 850 1955 921 civium
1982 852 2300 948 squalor,
2328 854 2445 926 hic
2482 856 2727 930 luctus
2751 914 2777 946 ‚

633 962 741 1032 hae
779 960 1023 1033 sordes
1052 974 1400 1058 suscepta}
1430 973 1600 1029 sunt
1638 976 1938 1058 propter
1983 987 2209 1033 unum
2247 988 2401 1052 me,
2438 968 2605 1062 quia
2645 993 2778 1040 me

637 1071 1114 1145 defenderunt
1149 1122 1169 1157 ‚
1231 1072 1400 1165 quia
1476 1093 1719 1139 meum
1806 1094 2048 1141 casum
2139 1072 2566 1172 luctumque
2628 1077 2774 1149 do-

638 1184 962 1266 luerunt,
1016 1182 1187 1277 quia
1233 1203 1349 1249 me
1408 1178 1686 1275 lugenti
1733 1184 2009 1275 patriae,
2052 1182 2395 1279 flagitanti
2437 1191 2771 1275 senatui,

633 1292 960 1392 poscenti
1022 1290 1300 1377 ltaliae,
1332 1287 1540 1359 vobis
1595 1288 1937 1367 omnibus
1983 1291 2359 1363 orantibus
2425 1295 2773 1369 reddide-

630 1414 823 1473 runt.
861 1398 1079 1490 Quod
1115 1413 1400 1469 tantum
1431 1413 1539 1469 est
1578 1400 1654 1467 in
1692 1423 1806 1468 me
1843 1400 2118 1472 scelus?
2161 1402 2337 1498 quid
2384 1420 2770 1505 tantopere

634 1510 905 1605 deliqui
951 1508 1107 1593 illo,
1156 1506 1281 1578 illo
1334 1506 1491 1593 die,
1544 1532 1811 1605 quum
1821 1508 1910 1580 ad
1949 1535 2082 1580 vos
2119 1511 2418 1601 indicia,
2484 1517 2764 1607 litera5‚

629 1616 1112 1691 confessiones
1174 1620 1579 1687 communis
1637 1618 1874 1687 exitii7
1929 1617 2201 1691 detuli?
2255 1648 2485 1719 quum
2552 1631 2766 1723 parui

627 1719 924 1807 vobisss?
968 1731 1097 1813 At,
1141 1726 1200 1795 si
1241 1726 1627 1796 scelestum
1683 1741 1792 1798 est
1835 1750 2077 1801 amare
2115 1734 2449 1828 patriam,
2492 1738 2763 1834 pertuli

628 1859 1009 1937 poenarum
1057 1836 1280 1905 satis.
1330 1860 1572 1907 eversa
1611 1835 1873 1908 domus
1914 1853 2059 1928 est,
2104 1838 2418 1914 fortunae
2451 1862 2757 1934 vexatae,

628 1947 947 2044 dissipati
998 1943 1239 2034 liberi,
1294 1960 1577 2043 raptata
1622 1947 1923 2040 conjux;
1975 1948 2194 2022 frater
2229 1957 2593 2049 optimus,
2639 1958 2759 2028 in-

621 2056 948 2131 credibili
975 2057 1274 2154 pietate,
1302 2080 1547 2128 amore
1574 2056 1939 2146 inauditO,
1968 2062 2285 2133 maximo
2312 2066 2387 2134 in
2420 2069 2761 2163 squalore

625 2168 991 2239 volutatus
1032 2179 1139 2238 est
1190 2164 1278 2235 ad
1323 2165 1543 2263 pedes
1582 2168 2270 2260 inimicissimorum3
2325 2198 2461 2270 ego
2502 2176 2759 2273 pulsus

619 2278 798 2359 aris,
833 2274 1048 2364 focis,
1093 2274 1228 2345 diis
1285 2276 1712 2373 penatibus,
1769 2277 2150 2352 distractus
2194 2307 2234 2352 a
2285 2288 2507 2371 meis,
2550 2292 2754 2359 carui

620 2387 845 2486 patria
871 2442 891 2473 ‚
936 2409 1152 2483 quam
1197 2384 1349 2480 (uti
1407 2385 1761 2458 levissime
1821 2386 2107 2478 dicam)
2154 2408 2349 2466 certe
2385 2411 2755 2487 texeram3

617 2497 880 2594 pertuli
930 2495 1427 2567 crudelitatem
1474 2498 1970 2585 inimicorum,
2011 2501 2242 2573 scelus
2298 2502 2703 2578 infidelium
2733 2563 2754 2597 ,

619 2607 944 2678 fraudem
977 2605 1389 2676 invidorum
1415 2617 1464 2675 9.

709 2719 778 2788 Si
831 2717 970 2786 hoc
1011 2740 1163 2786 non
1201 2729 1305 2785 est
1349 2719 1620 2802 satis10,
1655 2716 1856 2814 quod
1895 2719 2048 2790 haec
2085 2723 2328 2792 omnia
2373 2721 2605 2795 deleta
2641 2732 2752 2798 vi-

611 2825 875 2896 dentur
907 2821 1143 2892 reditu
1178 2846 1342 2892 meo
1371 2850 1387 2892 z
1417 2823 1652 2895 multo
1688 2826 1901 2916 mihi,
1927 2829 2194 2916 multo,
2226 2832 2525 2928 inquam
2546 2835 2751 2931 judi-

611 2957 766 3018 ceS‚
830 2944 1144 3029 praestat,
1199 2932 1274 2999 in
1320 2933 1648 3004 eamdem
1706 2936 1898 3007 illam
1959 2939 2278 3012 recidere
2333 2940 2700 3016 fortunam
2731 3003 2753 3031 ‚

606 3069 824 3143 quam
860 3056 1130 3113 tantam
1169 3045 1559 3140 importare
1596 3050 1774 3117 meis
1806 3046 2309 3121 defensoribus
2347 3068 2419 3122 et
2450 3079 2750 3126 conser-

677 3215 727 3261 6.
740 3214 837 3260 Pro
845 3222 988 3275 patre
993 3208 1268 3273 fimi-mmo
1291 3222 1340 3258 ee
1356 3211 1628 3260 clarissimo
1715 3215 2006 3276 mandastis,
2032 3229 2089 3265 ut
2111 3219 2394 3278 conjuratos
2418 3219 2633 3314 eat-uilici
2656 3240 2751 3274 ne-

602 3292 702 3341 eive
745 3292 1097 3354 deprecantem.
1125 3290 1358 3338 Lentulus
1399 3292 1630 3354 Spinther
1716 3294 1899 3341 candoe
1920 3295 2179 3345 traderem.

601 3389 630 3419 e
649 3368 903 3417 consulatu
923 3383 1168 3430 egressus,
1189 3368 1405 3416 Ciliciam
1427 3370 1629 3433 provin·
1785 3388 1836 3435 9.
1876 3374 2118 3422 Frondem
2146 3375 2433 3427 invidorum.
2458 3380 2749 3431 Notandum

603 3449 727 3498 ciam
749 3459 799 3494 et
823 3446 1027 3492 insulam
1058 3445 1275 3509 Cyprum
1304 3448 1506 3494 sortitus
1536 3459 1625 3497 est.
1714 3467 1808 3513 qua
1826 3463 1929 3499 arte
1947 3469 2092 3501 voces
2114 3454 2210 3503 illae
2234 3457 2364 3504 inter
2382 3475 2434 3510 ee
2452 3460 2747 3523 jungantur.

602 3531 833 3576 Ptaeterea
881 3524 1196 3571 Ptolemaeum
1246 3535 1296 3570 et
1350 3524 1402 3570 in
1449 3525 1624 3574 solium
1713 3530 1790 3576 Ex
1815 3530 2066 3579 inimicitia
2094 3534 2384 3595 crudelitas,
2412 3554 2476 3585 ex
2500 3540 2623 3587 mala
2644 3538 2749 3589 fide

600 3605 907 3655 restituturus
935 3613 1067 3660 erat3
1100 3602 1184 3648 sed
1216 3601 1442 3650 tribunus
1468 3603 1623 3668 plebis
1712 3606 1868 3654 scelus
1884 3643 1898 3666 ‚
1918 3624 1978 3656 ex
2004 3611 2186 3660 invidia
2210 3614 2340 3661 fraus
2359 3616 2536 3665 oritur.

598 3687 751 3747 legem
772 3681 908 3735 tulit,
931 3690 987 3726 ut
1006 3678 1102 3726 hoc
1124 3679 1328 3744 imperio
1351 3682 1624 3743 orbaretur,
1790 3701 1868 3734 ιο.
1910 3688 2025 3736 Non
2056 3702 2131 3738 ese
2157 3692 2293 3741 satis.
2334 3694 2384 3742 Si
2423 3695 2640 3744 nondum
2675 3695 2748 3745 ad

600 3765 712 3828 quia
727 3759 954 3824 Sibyllini
969 3775 1134 3806 versus
1151 3760 1414 3807 monebant
1430 3777 1492 3808 ne
1512 3778 1623 3810 cum
1711 3765 1867 3813 scelus
1892 3769 2187 3830 expiandum
2208 3808 2223 3833 ‚
2256 3772 2390 3836 quod
2417 3774 2623 3821 amando
2650 3791 2746 3839 pa-

601 3839 814 3891 exercitu
863 3837 1076 3902 populus
1120 3853 1348 3887 romanus
1389 3857 1623 3905 umquam
1715 3845 1853 3891 triam
1880 3846 2077 3909 admisi,
2107 3851 2358 3902 sufficiunt
2385 3872 2562 3903 eversae
2590 3872 2745 3921 opes,

603 3926 803 3972 intraret
824 3919 1104 3980 AEgyptum.
1711 3921 1868 3973 diruta
1899 3925 2102 3987 domus,
2135 3941 2184 3977 et
2209 3948 2319 3994 quae
2354 3934 2562 3996 penum
2609 3935 2745 3983 malo

711 3993 1030 4047 ,Communis
1050 3993 1209 4047 exicii.
1236 3998 1310 4045 De
1330 4000 1626 4061 conjuratio.
1714 4017 1880 4051 rursus
1926 4006 1979 4053 iu
2030 4009 2252 4056 exsilium
2305 4011 2553 4075 proficisci
2591 4029 2742 4078 quam

601 4099 662 4132 ne
673 4016 779 4127 dici
798 4074 912 4121 natis
930 4084 1138 4122 constat.
1711 4081 1817 4130 haee
1864 4085 2027 4131 omnia
2071 4086 2404 4139 defensoribus
2447 4094 2567 4140 meis
2614 4095 2742 4142 mala

671 4161 719 4208 8.
768 4151 924 4202 Parui
967 4151 1150 4200 vobis?
1196 4153 1321 4201 Mihi
1356 4156 1485 4202 enim
1525 4156 1617 4204 SC.
1713 4159 1990 4226 importare.
