2994 4778
657 429 788 474 110
1279 402 1375 470 M.
1428 401 1507 469 Τ.
1560 402 2137 497 CICERQNIS

644 542 793 599 tem
824 522 1127 608 solebat,
1167 537 1292 594 aut
1333 546 1650 595 errorem
1684 539 2018 597 senatus:
2065 531 2182 597 «Ο
2224 529 2612 626 ingratifici
2643 536 2771 604 Ar-

645 638 816 732 givi,
870 635 1115 704 inanes
1163 634 1393 717 Graii,
1431 633 1887 712 immemores
1929 633 2295 710 beneficii!
2333 669 2368 705 ιο
2407 644 2574 713 Non
2617 657 2771 714 erat

647 744 822 816 illud
864 743 1154 842 quidem
1197 765 1499 813 verum:
1541 766 1695 813 non
1738 746 1933 815 euim
1974 747 2264 841 ingrati,
2308 748 2433 819 sed
2473 754 2769 840 miseri,

641 855 908 953 quibus
948 852 1248 924 reddere
1289 851 1634 937 salutem,
1685 876 1725 923 a
1770 878 1919 950 quo
1964 872 2387 953 acceperant
2415 914 2435 947 ‚
2482 883 2633 930 non
2683 861 2769 932 li-

638 980 860 1049 ceret;
890 985 1023 1034 nec
1052 983 1238 1031 unus
1271 960 1345 1031 in
1379 979 1820 1058 quemquam
1847 988 2194 1060 umquam
2221 970 2510 1063 gratior,
2541 994 2769 1066 quam

637 1078 710 1146 in
747 1098 864 1144 me
902 1070 1252 1142 universi:
1292 1070 1416 1141 sed
1459 1085 1698 1142 tamen
1732 1072 1909 1143 illud
1938 1076 2220 1172 scripsit
2255 1073 2768 1150 disertissimus

642 1201 855 1285 poeta
910 1207 1046 1280 pro
1099 1178 1302 1269 me⁵;
1362 1183 1508 1281 egit
1563 1181 2032 1255 fortissimus⁶
2070 1202 2294 1275 actor,
2335 1212 2484 1259 non
2522 1189 2768 1260 solum

640 1296 993 1395 optimus,
1028 1291 1116 1362 de
1142 1315 1256 1362 me
1277 1346 1297 1379 ,
1332 1317 1565 1389 quum
1598 1317 1851 1365 omnes
1878 1294 2169 1367 ordines
2202 1297 2767 1386 demonstraret3

638 1419 1001 1490 senatum,
1047 1403 1326 1498 equites
1366 1427 1747 1489 romanOS,
1783 1407 2201 1477 universum
2247 1408 2609 1505 populum
2646 1435 2767 1482 ro-

640 1538 966 1600 manum,
1014 1526 1440 1584 accusaret:
1484 1514 1883 1585 «Exsulare
1923 1518 2186 1604 sinitis,
2237 1520 2495 1588 sivistis
2541 1518 2714 1617 pelli
2747 1572 2768 1608 ‚

642 1626 933 1727 pulsum
983 1624 1308 1720 patimini
1335 1652 1388 1692 n.
1443 1624 1624 1712 Quae
1670 1637 1826 1694 tum
1874 1625 2295 1723 significatio
2336 1626 2554 1699 fuerit
2595 1653 2759 1699 om-

640 1736 875 1819 nium,
939 1755 1099 1829 quae
1134 1728 1518 1801 declaratio
1556 1732 1946 1805 voluntatis
1979 1730 2072 1805 ab'
2107 1739 2445 1808 universo
2483 1738 2768 1835 populo

640 1865 942 1915 romano
984 1843 1056 1908 in
1110 1862 1319 1910 causa
1373 1839 1687 1911 hominis
1731 1867 1879 1914 non
1921 1845 2371 1941 popularis7,
2422 1846 2767 1943 equidem

643 1948 1108 2023 audiebamus
1158 1975 1175 2018 z
1233 1950 1638 2021 existimare
1695 1949 1967 2023 facilius
2038 1968 2343 2051 possunt
2368 2009 2388 2041 ,
2446 1958 2575 2053 qui
2636 1955 2770 2027 ad-

643 2061 956 2133 fuerunt.

739 2173 984 2243 LVIII.
1014 2172 1131 2254 Et,
1156 2171 1502 2264 quoniam
1530 2194 1646 2242 me
1674 2171 1816 2243 huc
1849 2174 2179 2268 provexit
2207 2177 2438 2245 oratio
2455 2227 2477 2258 ,
2510 2172 2769 2247 histrio

645 2304 887 2353 casum
928 2302 1172 2351 meum
1216 2280 1468 2350 toties¹
1513 2282 2072 2377 collacrymavit‚
2119 2307 2349 2379 quum
2386 2287 2482 2353 ita
2515 2281 2773 2354 dolen-

644 2409 756 2466 ter
800 2405 1040 2488 ageret
1090 2414 1373 2461 causam
1411 2416 1687 2481 meam,
1717 2475 1724 2482 ‚
1750 2407 1832 2464 ut
1886 2417 2027 2464 vox
2070 2393 2227 2488 ejus
2269 2393 2388 2464 illa
2432 2393 2773 2490 praeclara

643 2502 969 2599 lacrymis
1014 2499 1506 2598 impediretur.
1568 2507 1821 2598 Neque
1882 2517 2112 2601 poetae
2129 2514 2184 2589 ²,
2257 2527 2578 2599 quorum
2631 2529 2772 2601 ego

646 2636 932 2711 semper
959 2612 1245 2708 ingenia
1279 2609 1530 2700 dilexi,
1560 2615 1868 2709 tempori
1897 2636 2060 2684 meo
2080 2611 2508 2701 defuerunt3
2538 2638 2773 2709 eaque

645 2724 962 2822 populus
989 2743 1330 2792 romanus
1355 2746 1506 2790 non
1525 2720 1761 2792 solum
1792 2722 2075 2818 plausu,
2095 2722 2218 2794 sed
2249 2725 2461 2793 etiam
2495 2726 2773 2820 gemitu

646 2857 780 2903 suo
829 2827 1345 2928 comprobavit.
1398 2833 1660 2901 Utrum
1698 2831 1916 2928 igitur
1956 2830 2106 2903 haec
2148 2836 2486 2931 AEsopum
2525 2835 2774 2930 potius

645 2964 781 3037 pro
814 2962 970 3024 me,
1023 2952 1146 3008 aut
1182 2940 1454 3009 Attium
1497 2938 1739 3011 dicere
1779 2946 2136 3036 oportuit,
2183 2944 2242 3013 si
2294 2942 2605 3040 populus
2645 2969 2773 3014 ro-

643 3075 901 3122 manus
934 3046 1119 3118 liber
1156 3063 1375 3135 esset,
1413 3073 1506 3119 an
1544 3050 1905 3148 principes
1949 3050 2296 3121 civitatis?
2327 3053 2773 3122 Nominatim

643 3186 802 3233 sum
842 3158 1236 3260 appellatus
1278 3160 1353 3231 in
1411 3165 1631 3231 Bruto
1661 3156 1730 3248 ³,
1783 3160 2141 3248 «Tullius,
2184 3161 2312 3259 qui
2357 3159 2774 3232 libertatem

718 3345 768 3395 5.
802 3349 895 3392 Pro
929 3359 1019 3392 mc.
1055 3344 1123 3390 Ut
1153 3343 1205 3390 in
1241 3359 1317 3389 me
1358 3343 1519 3390 multis
1551 3354 1664 3408 post
1820 3345 1994 3393 Lvm.
2025 3362 2068 3395 ι.
2103 3345 2269 3395 Toties.
2297 3348 2356 3394 In
2379 3345 2604 3394 omnibns
2621 3348 2777 3395 versi·

643 3425 782 3475 annis
810 3421 1151 3481 convenirent,
1177 3430 1231 3467 nt
1259 3421 1313 3466 in
1337 3436 1444 3466 eum
1475 3432 1664 3485 tempus
1750 3422 1840 3470 bus
1882 3439 1990 3487 quae
2036 3423 2098 3472 ad
2140 3440 2303 3472 casnm
2347 3440 2508 3472 meum
2554 3425 2778 3474 revocari

646 3502 818 3553 cadere
839 3509 1058 3564 possent,
1086 3498 1220 3560 qnod
1243 3513 1343 3545 non
1364 3510 1525 3561 poetae
1550 3516 1664 3547 con·
1748 3513 1994 3566 poterant.

645 3582 781 3637 silio,
805 3578 891 3626 sed
913 3593 1025 3624 casu
1045 3577 1109 3622 ita
1131 3576 1308 3622 factum
1330 3585 1416 3622 cst.
1823 3597 1870 3629 α.
1887 3582 2062 3631 Poetae.
2081 3583 2178 3645 Qui
2197 3581 2427 3647 quadam,
2441 3592 2498 3631 ut
2514 3583 2578 3630 ita
2596 3581 2777 3643 ὰίαηι,

716 3660 764 3706 6.
790 3655 1113 3704 fortissimus.
1151 3654 1274 3716 Quia
1301 3653 1450 3700 libere
1482 3655 1665 3718 egerit,
1748 3659 1929 3723 ingenii
1968 3659 2299 3724 divinatione,
2338 3660 2442 3708 haec
2480 3661 2643 3708 omnia
2677 3677 2777 3726 pro

643 3752 880 3800 suumque
905 3734 999 3782 mei
1024 3731 1341 3792 desiderium,
1368 3733 1506 3781 nullo
1532 3745 1663 3782 metu
1748 3739 2149 3802 mest-ripsermt.

643 3815 952 3883 perterritus,
971 3823 1132 3877 aperte
1152 3811 1503 3862 demonstrarit.
1821 3818 1868 3865 3.
1888 3819 1946 3864 In
1970 3820 2133 3867 Bruto.
2160 3819 2296 3867 Accii
2317 3818 2576 3884 tragoedia‚
2595 3818 2660 3866 de
2677 3837 2776 3885 qua

718 3914 765 3960 7.
792 3890 1008 3942 Hominis
1030 3909 1125 3939 non
1133 3891 1402 3957 popularis.
1421 3894 1481 3941 Se
1499 3893 1660 3958 ipsum
1746 3893 1874 3943 libro
1903 3897 1926 3941 1
1954 3896 2012 3943 de
2035 3897 2378 3956 Divinatione,
2411 3909 2457 3945 et
2491 3898 2629 3961 apud
2648 3902 2777 3945 Var-

644 3972 871 4037 intelligit
898 3988 912 4018 ι
950 3972 1035 4036 qui
1071 3973 1157 4019 etsi
1191 3974 1386 4019 nomine
1410 3972 1660 4036 popularis
1748 3992 1914 4022 renem
1939 3976 1999 4023 de
2019 3978 2199 4041 Lingua
2229 3980 2393 4026 Latina
2416 3977 2450 4025 l.
2477 3979 2569 4035 lv,
2589 3978 2776 4025 mentio

643 4073 746 4108 non
791 4062 922 4110 erat,
966 4066 1196 4098 summam
1251 4061 1406 4099 tamen
1453 4067 1565 4114 erga
1609 4068 1659 4099 se
1747 4052 1820 4101 fit.
1852 4082 1920 4090 —-
1964 4056 2165 4103 Tullius.
2206 4057 2371 4117 Quum
2407 4056 2535 4103 enim
2566 4058 2776 4104 Brutum

642 4133 816 4204 populi
836 4130 1133 4179 voluntatem
1151 4130 1433 4194 cognovisse
1454 4128 1592 4178 dicit.
1746 4135 1952 4199 AEsopus
1992 4135 2239 4183 nominare
2282 4133 2478 4183 deberet
2495 4170 2513 4199 ,
2552 4134 2775 4184 Tullium
