2994 4778
674 409 1057 477 ORATIO
1102 407 1301 476 PRO
1351 409 1425 475 P.
1478 408 1884 479 SEXTIO.
2208 411 2341 483 113

201 526 577 600 Videtisne
614 531 864 629 igitur,
907 544 1262 626 quantum
1306 529 1494 599 inter
1535 529 1886 627 populum
1923 555 2339 621 romanum,

207 657 283 712 et
338 645 773 712 concionem
814 640 1170 739 intersit?
1248 637 1585 710 dominos
1644 643 2073 711 concionum
2136 647 2338 718 omni

208 750 372 822 odio
410 751 680 850 populi
716 748 1048 823 notari⁶?
1076 747 1342 846 quibus
1378 763 1622 819 autem
1653 750 2045 823 consistere
2072 755 2145 824 in
2172 780 2340 854 ope·

202 885 441 931 rarum
488 860 977 933 concionibus
1024 884 1175 929 non
1217 857 1462 943 liceat,
1499 882 1625 929 eos
1672 859 1876 929 omni
1921 861 2173 959 populi
2220 890 2338 938 ro-

203 973 394 1040 mani
435 969 977 1065 significatione
1012 966 1379 1039 decorari?

290 1089 450 1156 LX.
499 1091 615 1157 Tu
649 1084 828 1155 mihi
856 1084 1067 1154 etiam
1091 1092 1110 1125 ¹
1160 1085 1260 1152 M.
1292 1078 1615 1151 Attilium
1649 1080 2003 1176 Regulum
2043 1106 2351 1158 comme-

202 1219 446 1266 moras
479 1251 501 1282 ,
536 1200 670 1291 qui
708 1193 940 1265 redire
973 1193 1123 1289 ipse
1154 1189 1653 1286 Carthaginem
1685 1214 1812 1261 sua
1847 1192 2220 1266 voluntate
2258 1197 2347 1269 ad

201 1306 690 1404 supplicium,
734 1329 953 1402 quam
995 1304 1145 1373 sinc
1196 1302 1283 1370 iis
1325 1302 1658 1397 captivis,
1698 1324 1738 1370 a
1788 1301 2056 1397 quibus
2099 1302 2185 1375 ad
2234 1330 2346 1377 se·

204 1431 461 1486 natum
500 1420 766 1486 missus
810 1429 999 1500 erat,
1039 1416 1281 1482 Romae
1324 1433 1615 1495 manere
1648 1409 2025 1482 maluerit?
2059 1427 2132 1483 et
2171 1416 2348 1487 mihi

206 1551 421 1624 negas
467 1524 879 1624 optandum
921 1522 1234 1593 reditum
1275 1517 1494 1590 fuisse
1529 1542 1661 1616 per
1708 1516 2006 1593 familias
2050 1546 2344 1625 compa-

207 1656 389 1713 ratas
422 1656 499 1711 et
551 1640 888 1710 homines
924 1634 1276 1707 armatos?

299 1753 469 1822 Vim
507 1751 786 1822 scilicet
815 1773 951 1846 ego
973 1743 1425 1830 desideravi,
1450 1745 1576 1839 qui
1595 1742 1806 1831 ‚dum
1834 1747 1939 1816 vis
1961 1743 2129 1836 fuit,
2165 1748 2348 1823 nihil

212 1861 313 1954 egi
332 1870 389 1959 ἓ,
448 1875 525 1931 et
575 1885 841 1956 quem,
885 1860 944 1929 si
986 1856 1094 1926 vis
1142 1878 1292 1924 non
1342 1850 1627 1940 fuisset,
1682 1852 1877 1925 nulla
1931 1854 2092 1927 res-²¹
2145 1858 2342 1932 labe-

213 1970 467 2043 factare
502 1971 886 2067 potuisset.
927 1970 1138 2036 Hunc
1174 1986 1307 2058 ego
1339 1961 1655 2032 reditum
1686 1962 2180 2060 repudiarem,
2214 1971 2343 2067 qui

217 2084 301 2151 ita
336 2084 613 2151 florens
660 2076 836 2165 fuit,
878 2091 960 2147 ut
1003 2096 1274 2161 verear,
1332 2095 1423 2140 nc
1459 2073 1625 2166 quis
1662 2096 1778 2141 me
1822 2072 2063 2146 studio
2101 2075 2342 2174 gloriae

220 2207 409 2286 putet
438 2190 730 2269 ,idcirco
761 2188 1025 2266 exisse,
1062 2198 1142 2254 ut
1173 2184 1268 2251 ita
1306 2179 1668 2251 redirem?
1692 2183 1931 2271 Quem
1965 2188 2161 2255 enim
2193 2213 2347 2259 um·

222 2326 422 2398 quam
453 2315 754 2374 senatus
780 2298 1010 2368 civem
1030 2348 1049 2381 ‚
1080 2292 1395 2376 nisime,
1419 2288 1837 2363 nationibus
1863 2294 2123 2364 exteris
2156 2319 2348 2367 com·

221 2409 842 2502 mendavitPcujus
873 2427 1216 2502 umquam
1240 2414 1540 2498 propter
1563 2400 1859 2472 salutem
1880 2456 1902 2488 ‚
1920 2405 2052 2474 nisi
2077 2430 2306 2478 meam
2328 2465 2347 2494 ,

218 2536 494 2593 senatus
537 2520 837 2622 publice
881 2517 1132 2588 sociis'*
1192 2511 1449 2610 populi
1507 2513 1787 2581 romani
1838 2516 2097 2608 gratias
2153 2520 2347 2613 egit?

215 2636 319 2702 De
373 2657 487 2702 me
544 2656 707 2702 uno
770 2642 1011 2727 patres
1063 2622 1451 2717 conscripti
1507 2618 2018 2706 decreverunt,
2055 2635 2175 2711 ut,
2219 2627 2345 2720 qui

215 2746 615 2838 provincias
655 2763 825 2811 cum
865 2729 1218 2834 imperio⁵
1264 2729 1719 2818 obtinerent,
1751 2731 1878 2827 qui
1917 2745 2350 2829 quaestores,

219 2852 564 2950 legatique
592 2864 833 2923 essent
852 2903 872 2935 ‚
914 2846 1216 2917 salutem
1244 2854 1317 2911 et
1347 2842 1567 2910 vitam
1599 2864 1837 2911 meam
1874 2841 2340 2915 custodirent.

218 2966 289 3032 In
323 2989 469 3033 una
506 2986 671 3032 mea
709 2983 920 3030 causa
958 2967 1121 3054 post
1151 2956 1450 3022 Romam
1484 2949 1848 3021 conditam
1886 2949 2158 3022 factum
2197 2968 2342 3047 est,

1314 3101 1388 3145 vis
1401 3097 1727 3155 adhiberetur,
1742 3112 1803 3143 ne
1822 3097 2101 3161 reipublice
2115 3113 2340 3148 nocerem

1315 3178 1531 3226 discessi.

275 3113 322 3160 6.
356 3109 510 3158 Omni
541 3109 653 3156 odio
683 3107 861 3174 populi
893 3102 1076 3152 notari.
1108 3101 1223 3150 Clo·

221 3189 337 3238 dium
364 3189 584 3247 scilieet,
607 3198 651 3234 et
670 3199 857 3236 ceteros
875 3185 961 3250 qui
979 3182 1228 3232 Ciceronis

220 3268 377 3318 reditui
398 3268 710 3316 obstiterant.

279 3351 375 3398 LX.
425 3364 473 3397 ι.
532 3348 605 3394 Tu
646 3344 772 3393 milui
811 3343 978 3392 etiam.
1025 3342 1126 3406 Qui
1171 3343 1226 3388 P.

222 3427 410 3475 Sextium
429 3427 679 3475 accusavit
698 3424 1037 3472 Albinovanus
1050 3455 1066 3479 ‚
1090 3421 1230 3470 Cice-

224 3507 312 3553 mni
335 3507 543 3555 reditum
572 3503 786 3565 objecit,
815 3501 950 3566 quod
971 3517 1054 3565 per
1075 3516 1228 3547 arma·

227 3594 287 3630 ⁸oe
314 3586 437 3632 cives
466 3588 523 3632 in
550 3583 759 3649 patriam
792 3581 951 3628 fuerat
982 3595 1226 3636 reversus;

227 3663 467 3728 Regulique
492 3661 770 3728 protulerat
796 3658 1098 3722 exemplum,
1140 3658 1228 3722 qui

232 3741 541 3806 Carthaginem
596 3741 665 3808 *dl
717 3738 1013 3803 supplicium
1064 3748 1230 3802 petere

233 3818 442 3869 maluism
469 3837 620 3885 quam
652 3823 825 3868 Romae
859 3832 1047 3864 manere
1063 3850 1078 3874 ,
1115 3816 1227 3881 quia

236 3911 303 3943 res
332 3899 401 3947 ilia
430 3902 581 3965 magis
610 3899 676 3947 ad
711 3895 991 3962 reipublicae
1026 3895 1226 3959 gloriam

234 3976 498 4027 conferebat.

298 4071 338 4101 a.
370 4057 499 4105 Nihil
516 4057 615 4122 egi.
640 4055 699 4103 ld
731 4065 837 4110 est,
864 4052 1101 4115 patienter
1121 4068 1230 4116 quae

240 4145 383 4181 eontra
395 4151 466 4183 me
486 4134 792 4182 struebantur
812 4130 1006 4196 pertuli,
1021 4143 1065 4179 et
1082 4148 1229 4195 quum

366 4222 445 4288 V.
485 4239 568 4283 Cic.
589 4253 701 4301 pars
720 4233 941 4281 secunda.

1388 3258 1438 3306 3.
1483 3254 1638 3304 Nulla
1679 3268 1773 3301 res.
1811 3252 1939 3300 Nam
1979 3268 2138 3317 neque
2180 3253 2308 3320 leges
2325 3292 2340 3316 ,

1315 3353 1475 3401 neque
1491 3335 1676 3398 judicia
1692 3367 1707 3391 ,
1732 3348 1889 3397 neque
1916 3333 2120 3381 omnino
2143 3350 2219 3383 res
2241 3335 2337 3384 ulla

1314 3433 1419 3465 eam
1434 3415 1552 3463 mihi
1566 3413 1882 3462 calamitatem
1900 3411 2179 3473 invexisset,
2192 3429 2338 3478 quam

1314 3495 1511 3560 quidem
1534 3495 1608 3541 vis
1626 3490 1813 3539 intulit.

1387 3583 1434 3631 4.
1463 3572 1634 3622 Sociis.
1665 3570 1765 3633 Qui
1791 3585 1899 3627 me,
1928 3569 2083 3633 patria
2107 3571 2299 3634 pulsum
2328 3605 2344 3631 ‚

1314 3655 1517 3704 comiter
1530 3659 1836 3715 exceperant,
1849 3647 2154 3713 benigneque
2172 3659 2341 3698 tracta-

1316 3745 1443 3782 rflut.

1391 3814 1437 3861 5.
1474 3809 1592 3859 Cum
1619 3805 1836 3871 imperio.
1866 3805 1967 3867 Qui
1992 3806 2338 3870 proconsules,

1317 3903 1365 3940 et
1393 3891 1477 3955 qui
1502 3896 1825 3952 propraetores
1860 3893 2033 3932 erantt
2063 3900 2175 3932 nam
2201 3901 2345 3949 qua!-

1316 3983 1471 4020 stores
1490 3978 1540 4015 et
1562 3964 1710 4029 legati
1728 3963 1987 4027 imperium
2002 3963 2052 4010 in
2072 3964 2341 4027 provinciis

1319 4064 1421 4099 non
1469 4043 1714 4095 habebant
1742 4056 1758 4091 τ
1802 4041 1915 4092 ideo
1960 4058 2046 4090 eos
2085 4043 2340 4107 separatim

1319 4129 1493 4178 Cicero
1523 4123 1756 4171 nominat.

2113 4204 2155 4272 8
