2994 4778
550 429 932 499 ORATIO
979 433 1184 500 PRO
1237 434 1314 499 T.
1354 435 1429 500 A.
1484 433 1920 503 MILONE.
2165 435 2296 522 481

211 548 331 619 illae
363 548 849 620 intermortuae
883 555 1267 622 conciones
1289 542 1356 640 ⁵,
1401 549 1670 649 quibus
1705 554 2027 650 quotidie
2073 582 2304 629 meam

209 661 581 756 potentiam
610 660 961 732 invidiose
985 660 1518 751 criminabatur,
1544 687 1764 756 quum
1796 662 2084 752 diceret,
2110 690 2307 739 sena-

209 781 383 855 tum,
426 793 574 838 non
621 770 822 865 quod
865 773 1200 857 sentiret,
1256 768 1383 842 sed
1425 772 1625 868 quod
1664 796 1798 869 ego
1836 773 2124 860 vellem,
2180 778 2305 848 ‹le-

209 903 505 951 cernere.
526 884 706 969 Quae
728 880 1021 977 quidem
1042 885 1097 952 si
1125 882 1451 980 potentia
1473 896 1580 953 est
1600 882 2021 979 appellanda
2046 888 2310 981 potius,

211 1014 406 1084 quam
453 1005 753 1087 propter
782 1012 1033 1087 magna
1070 994 1144 1063 in
1184 991 1705 1089 rempublicam
1747 996 1997 1065 merita
2035 996 2308 1067 medio-

210 1101 432 1170 crisin
473 1098 688 1171 bonis
724 1103 952 1171 causis
999 1103 1421 1185 auctoritaS,
1458 1117 1584 1173 aut
1632 1117 1932 1199 propter
1968 1102 2100 1175 hos
2145 1105 2307 1176 offi-

210 1212 417 1279 ciosos
474 1207 807 1280 labores⁶
859 1236 1057 1282 meos
1107 1211 1459 1283 nonnulla
1512 1210 1704 1309 apud
1759 1210 1995 1284 bonos
2038 1218 2304 1312 gratia:

208 1319 594 1415 appelletur
639 1323 737 1389 ita
789 1344 993 1406 sane,
1048 1321 1447 1392 dummodo
1508 1348 1589 1393 ea
1643 1347 1779 1393 nos
1831 1337 2119 1396 utamur
2174 1351 2308 1424 pro

208 1429 410 1500 salute
440 1426 806 1499 bonorum
838 1445 1089 1500 contra
1126 1434 1511 1503 amentiam
1547 1432 2018 1529 perditorum.

288 1543 484 1608 Hanc
510 1562 684 1608 vero
721 1540 1192 1635 quaestionem
1216 1552 1271 1629 ⁷,
1306 1543 1437 1611 etsi
1476 1565 1628 1612 non
1660 1556 1768 1613 est
1796 1543 2073 1640 iniqua,
2104 1569 2314 1616 num-

208 1670 404 1743 quam
459 1662 697 1719 tamen
762 1663 1050 1719 senatus
1109 1649 1681 1721 constituendam
1738 1655 2035 1749 putavit.
2093 1659 2314 1725 Erant

207 1757 376 1827 enim
409 1757 645 1854 leges,
683 1772 885 1828 erant
922 1760 1357 1854 quoestiones
1388 1759 1501 1830 vel
1542 1756 1632 1829 de
1668 1759 1859 1834 caede
1880 1815 1901 1847 ,
1936 1762 2047 1834 vel
2079 1761 2171 1835 de
2202 1767 2314 1850 vi;

207 1889 322 1936 nec
346 1880 632 1937 tantum
655 1891 1042 1938 moerorem
1062 1893 1143 1939 ac
1167 1868 1440 1939 luctum
1462 1872 1740 1942 senatui
1761 1895 1954 1942 mors
1977 1875 2052 1944 P.
2080 1871 2316 1944 Clodii

204 1973 570 2064 afferebat,
593 1991 675 2047 ut
691 2001 876 2047 nova
894 1980 1193 2073 quaestio
1217 1981 1800 2050 constitueretur.
1829 1981 2051 2074 Cujus
2068 1972 2099 2024 ⁸
2120 1985 2316 2053 euim

206 2080 282 2154 de
315 2084 438 2155 illo
482 2089 760 2157 incesto
801 2099 1103 2182 stupro9
1151 2086 1506 2182 judicium
1553 2087 1986 2159 decernendi
2034 2093 2317 2162 senatui

205 2207 504 2288 potestas
535 2208 722 2265 esset
757 2209 1035 2293 erepta,
1071 2194 1346 2290 de.ejus
1373 2197 1669 2267 interitu
1699 2200 1862 2291 quis
1889 2212 2127 2294 potest
2156 2225 2315 2271 cre·

204 2300 359 2375 dere
407 2319 738 2376 senatum
793 2306 1148 2400 judicium
1209 2330 1483 2376 novum
1537 2307 2121 2378 constituendum
2176 2334 2316 2409 pu-

205 2417 414 2512 tasse?
455 2420 607 2487 Cur
660 2417 875 2512 igitur
910 2416 1327 2489 incendium
1385 2417 1640 2505 curioe,
1697 2424 2317 2516 oppugnationem

198 2520 438 2595 aedium
467 2530 568 2597 M.
605 2523 862 2623 Lepidi
886 2535 972 2612 ¹⁰,
1015 2523 1276 2597 caedem
1317 2525 1502 2597 hanc
1538 2526 1803 2623 ipsam,
1840 2542 2090 2598 contra
2125 2552 2319 2597 rem-

201 2632 552 2727 publicam
601 2649 892 2706 senatus
947 2633 1200 2706 factam
1260 2660 1412 2707 esse
1467 2634 1833 2707 decrevit?
1877 2639 2061 2724 Quia
2119 2637 2317 2708 nulla

201 2744 292 2814 vis
320 2770 668 2844 umquam
696 2749 907 2816 estin
942 2744 1168 2817 libera
1198 2746 1482 2817 civitate
1511 2759 1839 2844 suscepta
1866 2748 2059 2817 inter
2085 2747 2272 2816 cives
2289 2800 2308 2831 ,

197 2981 593 3020 commentatores
614 2986 719 3018 non
742 2969 872 3018 idem
891 2970 953 3019 de
973 2971 1069 3019 boc
1094 2971 1209 3019 loco

196 3063 395 3108 sensere,
421 3062 470 3099 et
508 3049 656 3098 verba
691 3049 777 3098 illa
807 3050 874 3098 ita
909 3050 1207 3113 explanant:

194 3127 441 3178 Fabiorum
483 3144 603 3193 gens
617 3163 632 3187 ‚
672 3144 767 3176 una
806 3144 865 3177 ex
900 3129 1208 3195 principibus

192 3207 461 3270 reipublicae
495 3207 816 3256 celeberrimis
833 3240 849 3267 ,
885 3210 1075 3256 nomini
1115 3224 1205 3257 suo

192 3301 452 3349 cognomen
475 3285 701 3335 Ambusti
725 3285 1057 3350 adscripscrat.
1086 3289 1207 3334 Ora-

193 3372 262 3412 tor
280 3369 442 3430 itaque
461 3366 714 3414 tribunum
732 3365 831 3412 boe
846 3365 1044 3413 nomine
1058 3366 1204 3424 dicit,

193 3453 239 3490 ut
263 3444 490 3502 irrideat,
518 3444 643 3492 sicut
669 3444 783 3491 alias
807 3460 933 3508 saepe
958 3445 1010 3491 in
1036 3444 1206 3491 adver-

189 3523 330 3571 sarios
351 3535 425 3571 est
447 3526 664 3584 iocatus.
698 3523 778 3570 Sic
800 3524 926 3570 enlm
946 3524 1207 3572 Gabinium

190 3601 529 3650 Cincinnatum
555 3601 799 3649 consulem
819 3635 834 3659 ,
862 3611 914 3648 et
938 3602 1200 3649 Cincinna-

187 3691 286 3728 tum
311 3682 583 3730 Galeouem
598 3715 613 3739 ,
639 3680 846 3728 vocavit.

254 3763 300 3809 5.
354 3763 693 3809 Inoennomeoe
749 3758 1021 3807 conciones.
1082 3761 1203 3822 Quae

183 3836 381 3914 flammis
404 3842 609 3887 fuerunt
629 3840 922 3903 interceptae.

250 3921 298 3966 6.
340 3919 598 3986 Officiosos
627 3919 834 3967 labores.
874 3918 1200 3966 Patrocinium

183 4009 230 4045 et
260 3998 644 4046 benivolentiam
673 4013 783 4065 erga
822 4013 943 4046 reos.
980 3997 1141 4044 Graev.
1177 4013 1204 4044 e

181 4076 293 4125 cod.
321 4078 426 4125 Erf.
453 4074 647 4123 addidit
674 4076 779 4123 hos.

251 4171 302 4221 7.
351 4158 506 4202 Hanc
552 4171 675 4202 vero
720 4153 1041 4218 quaescionem.
1087 4155 1204 4208 Nou

323 4244 411 4309 XT.
474 4257 567 4303 Cic.
587 4274 693 4318 pars
713 4256 924 4302 secunda.

1294 2982 1486 3019 senatus
1511 2971 1638 3018 enim
1664 2987 1765 3018 eam
1785 2982 2042 3030 statuerat,
2060 2970 2145 3019 sed
2172 2973 2315 3020 Pom-

1293 3050 1448 3114 peius,
1462 3050 1543 3096 cui
1558 3051 1801 3112 negotium
1816 3050 1935 3096 illud
1955 3050 2278 3098 mandaverat.

1368 3130 1414 3176 8.
1452 3127 1597 3194 Cujus
1623 3127 1772 3178 enim.
1801 3130 1923 3191 Quis
1948 3128 2146 3190 credat,
2163 3146 2314 3192 quum

1293 3207 1420 3256 Fufii
1467 3217 1519 3256 et
1548 3207 1895 3255 Clodianorum
1937 3206 2313 3271 intercessione,

1293 3287 1479 3335 senatui
1507 3297 1722 3351 potestas
1750 3287 1815 3335 sit
1843 3297 2007 3351 erepta
2040 3288 2214 3348 judicii
2258 3291 2312 3338 in

1293 3364 1520 3413 Clodium
1545 3364 1820 3425 statuendi,
1848 3366 1912 3414 ita
1939 3368 2183 3416 memoriae
2209 3370 2312 3430 ejus

1293 3442 1440 3491 fuisse
1475 3442 1747 3491 studiosum
1767 3477 1783 3500 ,
1812 3454 1869 3491 ut
1905 3459 2056 3492 novas
2092 3444 2223 3509 leges
2250 3448 2312 3496 de

1293 3522 1493 3570 interitu
1516 3523 1618 3582 ejus
1642 3521 1921 3570 ulciscendo
1946 3523 2237 3573 decerneret.

1361 3619 1411 3666 9.
1436 3604 1624 3649 Inceseo
1639 3612 1823 3665 stupro.
1852 3602 1935 3649 His
1956 3602 2117 3651 verbis
2133 3603 2311 3652 iutelli-

1291 3682 1360 3745 git
1385 3682 1543 3729 scelus
1570 3699 1596 3728 a
1620 3681 1801 3731 Clodio
1826 3680 2086 3729 admissum
2109 3719 2123 3743 ,
2158 3699 2306 3745 quum

1289 3771 1422 3807 veste
1444 3759 1665 3806 muliebri
1691 3758 1889 3806 indutus
1905 3796 1919 3820 ,
1941 3761 1989 3806 in
2009 3776 2139 3806 sacra
2160 3762 2308 3808 Rome

1290 3839 1405 3883 Deae
1430 3838 1649 3899 irrepsit,
1684 3853 1793 3899 quae
1820 3853 1845 3884 a
1876 3837 2158 3884 mulieribus
2185 3837 2309 3885 cele-

1290 3915 1572 3975 brabantur,
1600 3926 1654 3961 ut
1684 3924 1901 3980 stuprum
1932 3916 2130 3966 Caesaris
2168 3921 2311 3966 uxori

1289 3995 1506 4042 inferret.
1568 3993 1821 4057 Con-ruptis
1887 4006 2045 4043 autem
2103 3999 2308 4060 pecunia

1286 4072 1538 4134 judicibus
1554 4086 1624 4120 est
1643 4072 1906 4121 absolutus.

1369 4167 1444 4201 ιο.
1466 4150 1660 4198 AEdt’um
1676 4155 1744 4201 dl.
1767 4151 1949 4214 Lepidi.
1974 4152 2180 4200 Biduum
2202 4163 2312 4216 post

1981 4235 2060 4304 31
