2994 4778
586 508 591 513 ·
647 470 743 539 68
1289 468 1384 535 Μ.
1438 466 1516 533 Τ.
1568 464 2124 535 CICERONIS

654 590 1008 660 nationis⁷
1065 587 1220 681 ejus
1273 608 1466 672 esse,
1523 607 1741 680 quam
1795 585 2117 681 generis,
2175 582 2576 654 videretur-
2609 586 2771 654 Hoc

651 701 869 797 igitur
922 719 1146 784 anno,
1207 692 1735 789 magistratibus
1793 695 1999 765 novis
2060 693 2478 790 designatiS‚
2533 717 2770 787 quum

647 830 898 878 omnes
939 805 1114 877 boni
1163 827 1450 872 omnem
1509 826 1712 901 spem
1755 804 2067 874 melioris
2111 817 2334 874 status
2385 804 2458 872 in
2509 826 2768 875 eorum

647 915 861 987 fidem
913 913 1470 985 convertissent:
1511 913 1845 1009 princeps
1894 916 1964 982 P.
2020 910 2402 991 Lentulus,
2449 913 2769 981 auctori-

655 1021 845 1097 tate⁸
876 1048 957 1094 ac
995 1022 1346 1092 sententia
1387 1044 1552 1103 sua,
1599 1024 1856 1091 Pisone
1893 1034 1965 1090 et
2008 1019 2316 1090 Gabinio
2354 1042 2769 1115 repugnan-

650 1134 878 1217 tibus,
922 1154 1202 1202 causam
1248 1132 1598 1227 suscepit,
1635 1128 2085 1225 tribunisque
2120 1126 2349 1226 plebis
2382 1143 2546 1198 octo
2576 1125 2767 1197 refe-

646 1240 1012 1326 rentibus,
1075 1237 1724 1336 praestantissimam
1776 1235 1868 1308 de
1917 1262 2033 1308 me
2086 1238 2507 1307 sententiam
2559 1234 2764 1305 dixit.

650 1354 790 1440 Qui
826 1374 1052 1445 quum
1089 1348 1180 1417 ad
1215 1348 1514 1443 gloriam
1547 1372 1747 1419 suam
1777 1400 1796 1433 ‚
1827 1362 2043 1443 atque
2080 1348 2168 1418 ad
2196 1346 2608 1443 amplissimi
2633 1345 2767 1416 be-

647 1459 882 1532 neficii
917 1462 1212 1555 gratiam
1248 1459 1468 1552 magis
1497 1458 1856 1553 pertinere
1896 1456 2199 1543 videret,
2242 1479 2527 1526 causam
2565 1454 2769 1525 illam

648 1573 995 1666 integram
1039 1567 1128 1638 ad
1167 1591 1377 1639 suum
1422 1565 1869 1637 consulatum
1909 1568 2297 1651 reservari,
2332 1580 2572 1636 tamen
2605 1589 2767 1634 rem

648 1680 863 1751 talem
894 1704 1023 1777 per
1050 1677 1226 1749 alios
1253 1676 1462 1746 citius
1479 1730 1500 1762 ,
1529 1699 1746 1771 quam
1774 1700 1905 1773 per
1933 1699 2006 1746 se
2035 1675 2305 1745 tardius
2332 1672 2770 1767 conficimu-

649 1789 858 1861 lebat.
2211 1802 2219 1807 ·

700 1930 703 1933 >
745 1903 1074 1968 XXXIII.
1122 1903 1277 1967 Hoc
1317 1895 1601 1965 interim
1640 1909 1963 1990 tempore
1995 1897 2066 1962 P.
2103 1895 2417 1981 Sextius,
2447 1892 2769 1989 judium,

650 2009 1129 2104 designatus¹‚
1169 2008 1306 2076 iter
1341 2004 1431 2075 ad
1475 2008 1553 2074 C.
1592 2006 1935 2074 Caesarem
1978 2027 2111 2102 pro
2141 2027 2298 2074 mea
2342 2003 2566 2074 salute
2607 2027 2771 2074 sus-

655 2119 865 2213 cepit.
940 2115 1131 2204 Quid
1193 2117 1460 2209 egerit‚
1528 2128 1878 2210 quantum
1945 2111 2365 2210 profecerit,
2439 2112 2616 2182 nihil
2676 2112 2775 2184 ad

657 2248 961 2296 causam.
986 2223 1337 2319 Equidem
1360 2222 1686 2295 existimo
1701 2234 1755 2310 ²,
1781 2225 1840 2293 si
1864 2223 1980 2293 ille
2003 2227 2029 2317 ζ
2041 2237 2122 2294 ut
2149 2220 2496 2314 arbitror)
2521 2248 2774 2319 aequus

666 2332 875 2406 nobis
929 2330 1182 2420 fuerit,
1234 2332 1412 2404 nihil
1467 2332 1560 2404 ab
1612 2332 1752 2404 hoc
1804 2331 2251 2431 profectum3
2297 2335 2404 2404 sin
2449 2334 2694 2405 iratior
2713 2330 2772 2419 ³,

656 2532 757 2581 quo
798 2526 992 2579 gentem
1037 2514 1210 2562 AEliam
1247 2530 1380 2563 usam
1428 2530 1530 2563 esse
1568 2515 1667 2574 iam
1755 2529 1841 2570 eo,
1859 2516 2178 2578 qnigestums
2195 2526 2292 2571 est,
2312 2515 2776 2577 auctoritmitaque

659 2595 870 2644 diximus
899 2608 912 2642 ε
952 2594 1087 2657 quod
1116 2595 1205 2641 etsi
1235 2593 1302 2641 ob
1335 2609 1439 2641 eam
1478 2608 1667 2640 cansam
1755 2594 2042 2640 inoratione
2061 2594 2109 2640 in
2131 2594 2348 2640 Pisonem
2369 2592 2429 2640 de
2451 2595 2516 2655 Q.
2537 2592 2778 2640 Marcello

657 2676 797 2731 fecit,
822 2684 876 2721 ut
898 2673 960 2720 ab
984 2672 1078 2719 illis
1104 2673 1243 2719 AEliis
1266 2673 1544 2735 Liguribus,
1570 2671 1669 2718 cla·
1757 2671 1954 2718 consule
1971 2671 2219 2734 designato
2236 2671 2361 2718 dixit
2382 2689 2397 2719 ε
2415 2693 2440 2712 ιι
2457 2671 2543 2718 Ille
2563 2671 2779 2733 designa-

660 2752 857 2799 rissimis
884 2751 1025 2809 viris,
1050 2750 1286 2813 originem
1312 2750 1556 2797 videretur
1580 2747 1672 2795 dn·

663 2846 801 2878 cere:
828 2840 987 2877 tamen
1012 2839 1180 2876 eontra
1206 2844 1347 2891 quam
1369 2828 1450 2875 ille
1470 2838 1674 2890 putave-

664 2919 767 2966 rat,
805 2910 1014 2954 evenisse
1049 2907 1117 2953 ait
1155 2906 1325 2955 Cicero
1343 2939 1360 2964 ‚
1396 2916 1451 2953 ut
1486 2921 1550 2953 ex
1586 2903 1673 2951 illo

663 3002 935 3050 cognomen
953 2985 1113 3049 potius
1131 3001 1191 3033 ex
1208 2984 1434 3048 Ligurius
1454 2983 1673 3040 natione,

665 3081 809 3131 quam
831 3081 894 3113 ex
914 3065 1036 3112 AElia
1054 3074 1218 3127 gente,
1236 3072 1488 3128 putaretur
1505 3078 1623 3110 esse.

738 3162 785 3208 7.
820 3143 984 3209 Magis
1018 3142 1251 3191 nationis.
1289 3143 1486 3191 Rectius
1525 3142 1677 3198 forte,

668 3249 692 3268 ιι
714 3225 901 3288 generis
929 3225 1035 3285 ejus
1063 3238 1189 3279 esse,
1228 3238 1371 3285 quam
1403 3221 1614 3268 nationis
1634 3239 1679 3266 ο.

667 3306 717 3351 J.
734 3307 798 3350 V.
832 3305 890 3350 1..
923 3328 995 3337 —
1048 3301 1299 3364 vulgatam
1337 3302 1485 3360 magis
1515 3314 1681 3361 sapere

675 3381 880 3436 credam.
912 3380 1034 3426 Nam
1074 3375 1198 3424 illud
1237 3391 1510 3438 cognomen
1542 3376 1684 3437 Lign-

670 3457 737 3506 ris
763 3455 986 3504 omnibus
1008 3455 1061 3502 in
1088 3454 1365 3501 memoriam
1392 3451 1647 3499 revocabat
1662 3489 1680 3514 ,

669 3537 801 3583 hunc
818 3532 1028 3582 nationis
1046 3532 1150 3592 ejus
1165 3529 1384 3578 subdola:
1403 3546 1527 3587 esse,
1541 3546 1685 3592 quam

673 3613 839 3660 indole
884 3609 1119 3658 referebat
1136 3642 1152 3666 ,
1200 3621 1302 3655 nou
1343 3622 1460 3654 vero
1502 3607 1687 3669 generis

673 3691 803 3739 illius
821 3689 938 3737 clari
950 3722 965 3745 ‚
993 3688 1131 3748 cujus
1148 3701 1327 3734 nomeu
1350 3697 1687 3749 occupaverat.

678 3769 820 3818 Unde
854 3783 917 3814 ex
955 3766 1040 3814 illo
1079 3780 1169 3813 sno
1207 3764 1338 3812 furto
1377 3764 1528 3827 magis
1571 3764 1686 3812 vitia

673 3849 777 3909 ejus
804 3844 1075 3894 elucebant.

745 3928 793 3974 8.
831 3922 1155 3972 Auctor-itate.
1188 3922 1347 3983 Quam
1374 3921 1611 3978 habebat,
1638 3933 1686 3970 et

672 4004 786 4070 quia
839 4002 1140 4064 magistratus
1185 4010 1393 4064 gesserat
1413 4034 1427 4057 ‚
1478 4010 1529 4047 et
1571 4000 1686 4062 quia

634 4094 639 4100 ·
671 4081 843 4133 consul
861 4090 963 4128 erat
982 4079 1282 4142 designatum
1295 4088 1367 4126 est
1384 4078 1513 4125 enim
1529 4078 1581 4125 iu
1600 4093 1684 4137 eo,

669 4163 754 4225 qui
792 4158 1121 4223 magistratum
1161 4158 1308 4220 gerit,
1356 4166 1598 4219 potestas5
1634 4157 1685 4202 in

1761 2759 1838 2795 tus
1851 2750 2023 2796 oonsnl
2036 2783 2051 2806 ‚
2071 2765 2222 2811 quum
2239 2749 2434 2811 quidam
2460 2750 2682 2797 tribunus
2701 2751 2778 2813 pl.

1761 2842 1849 2875 suo
1881 2828 2063 2875 auxilio
2097 2830 2347 2890 magistros
2381 2829 2606 2876 ludorum
2630 2827 2783 2876 ludos

1762 2916 1927 2952 eontra
1950 2906 2417 2954 senatusconsultum
2442 2907 2595 2954 faeere
2612 2907 2784 2967 iussis·

1763 2993 1857 3042 set,
1887 2984 2102 3046 privatus
2136 2986 2318 3046 vetuit,
2355 2997 2500 3049 atque
2530 2985 2610 3042 id,
2639 2986 2783 3048 quod

1764 3061 1980 3109 nondum
2024 3074 2259 3126 potestate
2300 3075 2490 3129 poterat
2505 3097 2519 3122 ,
2563 3064 2785 3113 obtinuit

1766 3141 2048 3189 auctoritate
2065 3164 2107 3189 n.

1836 3221 2077 3269 xxxm.
2116 3234 2157 3268 1.
2192 3219 2495 3284 Designatus.
2534 3221 2785 3270 Tribunus

1767 3297 1922 3363 plebis
1946 3298 2116 3345 eodem
2146 3313 2276 3346 anno
2301 3314 2401 3362 quo
2445 3302 2503 3349 Ρ.
2550 3299 2788 3348 Iaentulua

1767 3376 1956 3425 consul.

1843 3471 1891 3503 2.
1914 3455 2172 3505 Existbno.
2194 3457 2375 3504 Mirum
2397 3467 2470 3504 est
2484 3454 2672 3520 periodi
2687 3456 2787 3504 bn·

1768 3536 1847 3595 jus
1865 3533 2143 3593 artificium,
2165 3552 2259 3599 qua
2272 3570 2286 3593 ‚
2303 3550 2454 3598 quum
2472 3535 2622 3582 Sextii
2641 3534 2790 3582 bene·

1770 3611 1936 3660 ficium
1970 3613 2231 3661 maximum
2257 3613 2510 3661 ostendere
2540 3613 2660 3660 velit
2677 3645 2693 3670 ‚
2720 3629 2788 3660 ex

1773 3690 2008 3739 industria
2027 3708 2127 3738 rem
2148 3692 2394 3754 implicat,
2421 3707 2482 3739 ne
2507 3692 2559 3737 in
2583 3691 2792 3739 Caesaris

1774 3769 2094 3817 offensionem
2122 3785 2299 3816 novam
2333 3770 2573 3824 incurrat,
2611 3768 2679 3815 ita
2712 3780 2791 3817 ta·

1775 3865 1885 3897 men
1928 3859 1985 3897 ut
2029 3849 2124 3896 hoe
2165 3848 2357 3897 silentio
2421 3848 2645 3896 facillime
2683 3849 2789 3897 elu-

1773 3938 1878 3975 eeat
1937 3927 2191 3992 singularis
2245 3928 2396 3976 Sextii
2451 3927 2678 3975 voluntas
2728 3943 2789 3975 ae

1772 4005 2016 4055 sedulitas.

1844 4078 1894 4127 3.
1919 4076 2112 4132 Irador.
2132 4076 2366 4125 Nondum
2384 4076 2613 4127 Ciceroni
2629 4078 2792 4125 Cesar

1772 4155 2041 4217 ignoverat,
2055 4154 2192 4218 quod
2208 4154 2408 4204 liberius
2423 4154 2706 4218 reipublice
2724 4157 2796 4203 vi·
