2994 4778
626 427 716 498 88
1248 429 1346 496 Μ.
1398 430 1475 498 Τ.
1528 427 2115 499 CICERONIS

623 573 707 619 ac
772 572 922 619 non
973 544 1324 644 cupidus⁸
1374 549 1707 619 vocaret?
1771 547 2127 618 alterum9
2202 541 2597 615 Thracibus
2665 570 2754 616 ac

620 657 968 729 Dardanis
990 659 1300 752 primum
1334 680 1579 753 pacem
1617 660 1923 728 maxima
1961 659 2271 754 pecunia
2295 653 2749 745 vendidisse;

623 766 916 855 deinde,
945 781 1026 837 ut
1060 766 1161 838 illi
1190 768 1567 865 pecuniam
1602 767 1958 840 conficere
1986 779 2277 864 possent
2295 818 2316 854 ,
2342 764 2745 836 vexandam

620 879 732 951 his
766 876 1258 950 Macedoniam
1280 889 1340 920 ¹⁰
1369 893 1443 948 et
1468 878 1914 977 spoliandam
1941 875 2351 963 tradidisse3
2379 874 2749 947 eumdem-

617 1013 763 1085 que
816 986 1013 1059 bona
1072 987 1510 1058 creditorum
1538 1042 1557 1074 ‚
1619 990 1882 1059 civium
1936 995 2513 1073 romanorum¹¹,
2566 1010 2737 1057 cum

618 1095 1068 1170 debitoribus
1096 1097 1360 1168 Graecis
1387 1096 1709 1169 divisisse
1735 1110 1832 1186 ¹²3
1870 1120 2126 1195 cogere
2152 1097 2493 1194 pecunias
2515 1099 2742 1166 maxi-

615 1231 767 1279 mas
785 1232 822 1278 a
851 1204 1387 1302 Dyrrhachinis,
1411 1207 1719 1304 spoliare
1743 1207 2118 1293 Thessalos
2135 1260 2154 1294 ,
2174 1219 2438 1277 certam
2460 1205 2741 1277 Achaeis

613 1316 687 1386 in
735 1338 961 1385 annos
1014 1314 1330 1411 singulos
1378 1321 1759 1413 pecuniam
1802 1318 2296 1414 imperavisse3
2342 1339 2578 1410 neque
2631 1328 2743 1385 ta-

609 1448 775 1495 men
813 1423 963 1495 ullo
1006 1425 1082 1495 in
1131 1423 1425 1521 publico
1475 1440 1602 1497 aut
1647 1426 1982 1523 religioso
2036 1424 2199 1496 loco
2242 1425 2562 1520 signum,
2606 1438 2742 1495 aut

607 1532 926 1604 tabulam
946 1589 966 1622 ‚
996 1549 1120 1605 aut
1146 1550 1655 1606 ornamentum
1682 1536 2096 1633 reliquisse?
2123 1534 2260 1605 hos
2283 1535 2384 1605 sic
2409 1532 2738 1619 illudere,

608 1641 874 1740 quibus
926 1668 1144 1714 omne
1198 1645 1637 1742 supplicium
1694 1661 1911 1743 atque
1965 1646 2202 1717 omnis
2237 1644 2399 1740 jure
2453 1645 2738 1740 optimo

607 1775 822 1848 poena
875 1750 1227 1824 debetur?
1281 1779 1443 1825 reos
1497 1779 1652 1826 esse
1697 1754 1832 1827 hos
1876 1752 2168 1842 duos¹³‚
2202 1776 2390 1851 quos
2427 1751 2679 1824 videtis
2705 1756 2740 1825 Ξ)

607 1862 882 1932 Omitto
913 1861 1062 1957 jam
1101 1867 1523 1936 Numerium
1547 1918 1567 1951 ‚
1612 1868 2036 1953 Serranum,
2073 1863 2368 1949 AElium,
2409 1864 2743 1960 quisqui-

604 1969 733 2040 lias
785 1970 1152 2042 seditionis
1193 1971 1584 2044 Clodianae:
1631 1973 1760 2045 sed
1804 1988 2043 2045 tamen
2082 1972 2161 2042 hi
2190 1996 2486 2069 quoque
2514 1976 2738 2043 etiarn

605 2102 804 2149 nunc
852 2079 1159 2149 volitant
1189 2084 1272 2165 ¹4,
1319 2096 1401 2150 ut
1446 2081 1743 2171 videtis3'
1790 2108 1963 2171 nec,
2012 2081 2188 2153 dum
2223 2106 2349 2153 vos
2392 2080 2483 2154 de
2524 2080 2741 2154 vobis

602 2188 874 2286 aliquid
906 2186 1285 2271 timebitis,
1316 2190 1420 2260 illi
1454 2214 1801 2289 umquam
1836 2192 1926 2266 de
1965 2219 2040 2266 se
2077 2193 2607 2292 pertimescent.

600 2339 831 2389 Lucullus
856 2340 898 2387 is
922 2356 1023 2388 esse
1044 2340 1247 2401 videtur,
1266 2342 1351 2407 qui
1367 2379 1383 2405 ,
1400 2343 1620 2408 pecuniis
1705 2349 1900 2400 ponent
1922 2352 1937 2388 ε
1971 2348 2179 2402 utroque
2217 2335 2369 2384 modo
2407 2337 2642 2401 graviter,
2679 2349 2741 2387 et

597 2425 803 2472 Romam
838 2438 902 2469 ex
939 2421 1069 2470 bello
1112 2422 1446 2472 Mithridatico
1483 2441 1616 2472 sum·

597 2501 784 2560 missis,
829 2500 987 2548 villam
1040 2501 1092 2547 in
1136 2501 1411 2550 Tusculano
1452 2514 1617 2551 monte

597 2577 926 2645 magnificam,
947 2579 1164 2627 suffossis
1180 2581 1324 2630 etiam
1344 2582 1617 2639 montibus,

597 2660 873 2707 exstruebat
896 2673 909 2706 :
939 2674 1081 2722 quem
1110 2670 1166 2707 ut
1192 2659 1245 2706 in
1269 2659 1501 2707 invidiam
1528 2676 1614 2708 vo·

597 2748 725 2786 caret
752 2737 991 2785 Gabinius
1022 2738 1245 2786 tribunus
1271 2738 1428 2802 plebis
1443 2773 1456 2796 ‚
1487 2737 1615 2787 ville

594 2818 697 2877 ejus
713 2817 970 2880 imaginem
985 2825 1032 2862 et
1047 2815 1413 2863 delineationem
1430 2817 1482 2863 in
1502 2832 1616 2865 con·

595 2894 818 2942 cionibus
834 2893 1121 2959 explicabat.

663 2976 714 3022 8.
750 2973 949 3032 Caseus,
982 2988 1044 3020 ae
1071 2986 1170 3018 non
1196 2969 1410 3036 cupidus.
1450 2973 1615 3022 Ironia

592 3053 646 3100 in
670 3051 957 3109 Gabinium,
986 3051 1069 3116 qui
1091 3051 1226 3098 omni
1248 3053 1612 3116 intemperantia

592 3133 811 3198 luxuque
842 3132 1104 3181 dissolutus
1133 3147 1189 3179 ac
1225 3131 1467 3197 perditus,
1504 3148 1614 3197 quo

501 3254 521 3272 ,
593 3213 646 3259 in
674 3212 780 3260 aliis
805 3212 1111 3260 vehementer
1136 3222 1440 3260 accusaverat
1461 3211 1580 3260 vitia
1595 3246 1613 3271 ,

593 3290 652 3337 iis
668 3290 771 3354 ipae
789 3290 1095 3338 vehementer
1109 3290 1373 3339 laborabat.

662 3384 713 3429 9.
733 3368 971 3415 Alterum.
999 3368 1224 3415 Pisonem
1237 3402 1254 3428 ,
1275 3369 1360 3430 qui
1377 3365 1613 3416 Macedo-

595 3448 723 3495 niam
745 3446 954 3510 regebat.

669 3539 746 3572 ro.
796 3523 1111 3571 Vox-andam.
1135 3557 1149 3570 .
1171 3560 1184 3573 .
1205 3558 1220 3573 .
1255 3523 1612 3574 Macedoniam.

590 3607 701 3652 Hoc
719 3612 789 3650 est
808 3635 824 3661 ,
847 3600 984 3665 qnod
1004 3602 1075 3647 ait
1097 3601 1149 3648 in
1179 3602 1429 3649 Pisonem:
1460 3623 1483 3644 ι
1506 3606 1616 3652 Μ.-

592 3682 794 3729 cedonia
840 3679 1116 3729 condonata
1144 3680 1358 3728 barbaris
1379 3702 1418 3730 n.
1460 3684 1519 3730 In
1558 3700 1614 3731 ea

588 3771 750 3807 tamen
779 3758 840 3806 de
862 3759 1131 3823 provinciis
1154 3758 1490 3808 consularibus
1511 3777 1613 3809 non

588 3837 701 3885 ideo
718 3835 925 3886 Thraces
948 3837 1016 3886 ait
1034 3838 1087 3886 in
1107 3836 1443 3887 Macedoniam
1463 3839 1613 3903 impe-

588 3928 693 3964 tum
724 3915 918 3972 secisse,
945 3928 1002 3966 ut
1023 3917 1279 3980 pecunias,
1304 3933 1424 3980 quas
1445 3918 1612 3966 Pisoni

588 4011 680 4061 pro
716 4005 874 4059 empta
908 4011 1028 4058 pace
1065 3997 1310 4045 solverent
1332 4030 1347 4055 ,
1381 3998 1610 4045 maximas

588 4084 843 4140 cogerent.
881 4073 966 4120 sed
998 4084 1081 4131 ut,
1119 4091 1236 4138 pace
1269 4087 1403 4123 antea
1433 4092 1609 4140 magno

589 4155 744 4217 pretio
763 4162 921 4218 empta
932 4187 946 4213 ,
963 4153 1218 4202 exhaustas
1234 4154 1405 4202 domos
1424 4155 1610 4218 replere

1708 2417 2057 2465 contumeliose
2073 2417 2127 2464 in
2148 2416 2395 2465 Pisonem.

1783 2509 1803 2539 1
1818 2509 1838 2539 1
1848 2529 1860 2542 .
1880 2493 2058 2542 Civium
2072 2511 2402 2543 romanorum.
2417 2496 2583 2558 Quum
2597 2495 2736 2543 enim

1708 2571 1864 2619 Graeci
1889 2574 2098 2621 romanis
2125 2573 2318 2622 civibus
2355 2590 2549 2637 magnas
2574 2589 2730 2637 pecu·

1703 2650 1808 2698 nias
1829 2649 2084 2711 deberent,
2107 2652 2274 2700 Pisoni
2298 2652 2405 2717 lege
2422 2652 2592 2701 Clodia
2612 2669 2733 2716 per-

1703 2729 1903 2778 missum
1927 2740 2024 2790 est,
2048 2742 2103 2779 ut
2124 2734 2205 2793 jus
2232 2733 2285 2778 in
2309 2732 2492 2779 liberos
2515 2731 2735 2795 populos

1704 2807 1765 2856 de
1800 2808 1996 2858 creditis
2028 2811 2249 2877 pecuniis
2289 2810 2472 2859 diceret
2492 2825 2508 2858 ε
2550 2810 2733 2860 deinde

1701 2891 1891 2950 antius
1929 2908 2030 2940 nou
2070 2890 2224 2953 dixit,
2264 2905 2351 2941 aut
2383 2893 2451 2941 ita
2483 2893 2635 2954 dixit,
2669 2906 2734 2944 ut

1701 2967 1844 3016 bonis
1866 2969 1995 3017 cives
2013 2986 2138 3020 rom.
2160 2983 2416 3021 everteret.

1776 3062 1856 3096 η.
1876 3047 2117 3097 Divisisse.
2132 3051 2460 3116 Apolloniatae
2475 3067 2532 3098 cc
2546 3051 2729 3100 talentu

1700 3126 1865 3175 Pisoni
1902 3128 2075 3176 Romae
2113 3128 2347 3179 dederunt
2363 3166 2376 3190 ,
2418 3148 2480 3180 ne
2516 3130 2729 3179 creditas

1701 3205 1929 3269 pecunias
1955 3208 2215 3257 solverent.

1775 3286 1855 3333 ¹3.
1876 3286 1977 3333 Hos
1990 3286 2129 3335 dnos.
2148 3287 2365 3335 Sextium
2383 3300 2432 3336 et
2456 3287 2694 3336 Milonem
2707 3324 2727 3347 ‚

1701 3361 1763 3410 de
1785 3364 1833 3408 vi
1855 3379 1964 3412 reos
1980 3399 1996 3424 ‚
2013 3365 2226 3414 Sextium
2244 3378 2497 3415 accusante
2515 3369 2588 3415 M.
2610 3366 2730 3414 Tul-

1698 3442 1769 3490 lio
1796 3444 2108 3494 Albinovam
2124 3482 2140 3507 ‚
2159 3457 2215 3495 ut
2235 3447 2407 3510 partim
2432 3463 2493 3494 ex
2517 3446 2727 3511 epistola

1701 3523 1730 3571 3
1764 3523 1877 3572 libri
1908 3527 1956 3573 11
1985 3525 2050 3573 ad
2077 3526 2312 3589 Quintum
2358 3525 2580 3584 fratrem,
2609 3542 2727 3590 par-

1700 3602 1786 3650 tim
1806 3619 1865 3651 ex
1883 3605 2101 3653 oratione
2122 3604 2175 3652 in
2187 3605 2435 3652 Vatinium
2451 3604 2722 3667 colligitur-3

1701 3682 1934 3731 Milonem
1964 3694 2216 3732 accusante
2250 3684 2303 3730 P.
2338 3681 2517 3732 Clodio
2548 3682 2717 3741 sedne,

1700 3770 1755 3808 ut
1780 3771 1830 3809 et
1860 3760 1940 3808 hie
1965 3762 2089 3808 infra
2119 3773 2281 3827 patet,
2320 3771 2370 3808 et
2412 3762 2465 3808 in
2501 3762 2725 3809 oratione

1701 3837 1755 3887 in
1789 3838 2043 3887 Vatinium
2061 3875 2079 3896 ,
2134 3851 2184 3888 et
2228 3839 2278 3886 in
2325 3839 2487 3887 Dione
2510 3873 2526 3894 ,
2590 3840 2721 3889 libro

1699 3918 1946 3965 xxm.

1777 4005 1854 4051 ¹4·
1900 3996 1970 4044 Hi
2008 4013 2201 4061 quoque
2244 3998 2386 4046 etiam
2433 4015 2564 4047 ηιιηο
2590 3997 2721 4046 voli·-

1701 4071 1823 4122 eabe.
1864 4076 2034 4123 Erecta
2080 4078 2265 4124 cervice
2311 4077 2546 4126 incedunt
2562 4113 2575 4136 ‚
2624 4078 2715 4124 im-

1699 4169 1829 4217 pune
1853 4154 1947 4202 sibi
1964 4170 2065 4203 esse
2086 4154 2370 4218 gloriantur.
