2994 4778
540 392 925 461 ORATIO
975 393 1182 461 PRO
1237 395 1510 461 REGE
1561 394 2112 464 DEJOTARO.
2231 395 2362 466 621

254 536 398 594 sar,
447 512 767 584 hominis
810 512 1169 612 probita5‚
1216 515 1371 584 noti
1413 538 1689 601 rnoreS‚
1737 531 1909 587 nota
1953 521 2373 591 constantia.

257 623 396 692 Cui
430 648 645 720 porro
667 621 720 709 ⁵,
758 627 886 720 qui
917 624 1135 694 modo
1170 624 1422 722 populi
1457 629 1737 695 romani
1765 651 2035 697 nomen
2067 628 2371 718 audivit,

253 733 578 827 Dejotari
618 735 1018 830 integritas,
1056 735 1394 831 gravita5‚
1437 734 1697 819 virtuS‚
1733 732 1915 805 fides
1944 761 2093 806 non
2136 737 2377 809 audita

253 844 419 912 est?
456 843 669 935 Quod
702 845 918 941 igitur
959 841 1235 914 facinus
1271 868 1404 914 nec
1436 844 1509 912 in
1553 842 1920 915 hominem
1957 846 2376 943 impruden·-

253 968 412 1024 tem
451 953 701 1025 cadere
746 969 1022 1052 posset,
1077 968 1374 1051 propter
1421 968 1693 1024 metum
1732 961 2108 1058 proesentis
2148 960 2376 1044 exitii,

254 1088 398 1134 nec
432 1067 503 1134 in
542 1062 1024 1135 facinorosum
1047 1120 1065 1151 ‚
1105 1066 1241 1134 nisi
1271 1078 1453 1135 esset
1486 1063 1675 1135 idem
1714 1068 2236 1140 amentissimus
2257 1123 2276 1152 ‚
2304 1067 2377 1138 id

253 1197 391 1243 vos
442 1188 516 1245 et
566 1198 607 1245 a
660 1175 811 1245 viro
861 1175 1179 1271 optimo,
1228 1188 1301 1243 et
1349 1171 1442 1243 ab
1492 1172 1787 1245 homine
1825 1177 2119 1247 minime
2156 1177 2377 1247 stulto

252 1284 651 1379 cogitatum
697 1308 850 1355 esse
893 1281 1326 1379 confingitis.
1374 1284 1467 1352 At
1503 1306 1719 1378 quam
1768 1308 1916 1353 non
1961 1283 2180 1355 modo
2223 1310 2375 1355 non

249 1392 750 1481 'credibiliter6‚
781 1394 901 1465 sed
933 1419 1025 1464 ne
1053 1394 1443 1490 suspiciose
1469 1391 1796 1488 quidem!
1829 1384 2376 1492 Quum‚inquit‚

248 1506 332 1573 in
381 1505 748 1584 castellum
784 1505 1133 1575 Luceium
1161 1503 1475 1573 venisses
1493 1514 1547 1588 7,
1586 1516 1657 1573 et
1678 1501 1973 1573 domum
2004 1506 2222 1599 regiS‚
2250 1503 2376 1575 ho-

250 1616 465 1712 spitis
517 1618 656 1699 tui,
714 1614 1163 1699 devertisseS‚
1227 1613 1428 1683 locus
1484 1626 1636 1682 erat
1696 1611 2026 1708 quidam,
2089 1616 2164 1682 in
2224 1637 2376 1709 quo

250 1741 469 1797 erant
508 1751 590 1797 ea
637 1726 1068 1821 composita,
1106 1721 1370 1819 quibus
1415 1746 1543 1792 rex
1590 1736 1659 1791 te
1695 1745 2075 1793 munerare
2110 1724 2375 1792 consti·

252 1850 514 1906 tuerat.
567 1841 724 1905 Huc
783 1849 855 1905 te
914 1858 954 1904 e
1014 1832 1277 1904 balneo
1299 1826 1353 1917 ⁸,
1408 1834 1827 1927 priusquam
1884 1830 2377 1918 accumbereS‚

249 1943 524 2015 ducere
559 1943 867 2015 volebat.
896 1944 1114 2014 Erant
1147 1934 1338 2014 enim
1378 1942 1713 2028 armati9‚
1751 1942 1876 2036 qui
1916 1956 1985 2013 te
2020 1941 2375 2013 interfice·

250 2067 458 2139 rent,
502 2056 575 2122 in
607 2078 693 2124 eo
732 2054 890 2150 ipso
924 2052 1084 2123 loco
1118 2053 1466 2123 collocati.
1508 2055 1617 2121 En
1654 2050 1962 2139 crimen,
2002 2076 2092 2122 en
2132 2076 2375 2139 causa,

252 2187 391 2234 cur
431 2187 668 2258 regem
721 2160 1099 2259 fugitivus,
1140 2161 1518 2232 dominum
1561 2185 1808 2232 servus
1858 2160 2177 2233 accuset!
2229 2166 2376 2259 Ego

256 2270 782 2360 mehercule¹⁰‚
824 2276 903 2342 C.
948 2275 1199 2357 Caesar,
1245 2271 1490 2356 initio,
1535 2294 1764 2366 quum
1811 2284 1919 2341 est
1970 2270 2059 2342 ad
2093 2296 2210 2343 me
2247 2273 2380 2343 ista

251 2406 473 2454 causa
490 2380 750 2454 delata¹
763 2392 814 2468 ¹,
831 2380 1267 2480 Phidippum
1300 2378 1688 2451 medicum¹
1702 2389 1757 2464 ²,
1774 2404 2062 2451 servum
2075 2382 2377 2477 regium,

253 2495 390 2588 qui
437 2517 604 2562 cum
656 2491 904 2590 legatis
956 2493 1210 2562 missus
1260 2504 1486 2576 esset,
1525 2489 1616 2561 ab
1667 2485 1888 2560 isto¹3
1920 2490 2372 2563 adolescente

255 2683 401 2740 data3
423 2683 533 2746 quia
555 2682 774 2743 Deiotari
804 2681 1040 2730 calliditas
1061 2697 1172 2728 enm
1191 2697 1271 2728 su·

254 2774 480 2826 spectum
504 2771 697 2825 poterat
734 2761 889 2808 facere
908 2794 923 2819 ‚
949 2762 1017 2809 ait
1041 2776 1142 2808 non
1174 2771 1270 2808 tam

253 2857 363 2888 esse
396 2857 449 2889 ea
492 2842 679 2889 ratione
712 2839 1067 2889 defendendum
1085 2873 1100 2898 ‚
1137 2839 1272 2905 quod

253 2919 538 2981 ingeniosus
575 2930 625 2966 et
653 2916 896 2983 prudens,
941 2934 1085 2982 quam
1135 2917 1273 2983 quod

251 2998 419 3046 fidelis
473 2999 655 3046 amicus
706 3008 755 3046 et
793 2997 1044 3061 religiosus
1088 3014 1275 3062 semper

252 3079 460 3126 exstitit.

335 3159 382 3205 5.
400 3157 491 3205 Cui
506 3173 671 3221 porro.
691 3157 970 3216 Deiotarum
988 3173 1098 3204 cum
1118 3172 1275 3219 popu-

252 3235 312 3283 lo
338 3250 544 3284 romano
571 3236 823 3283 consociat
841 3269 857 3292 ,
897 3251 1045 3299 quem
1085 3251 1275 3299 semper

253 3316 395 3363 omni
414 3316 468 3361 in
490 3315 587 3363 vita
610 3312 862 3377 diligenter
879 3325 951 3361 est
972 3324 1220 3377 sequutus.

330 3396 381 3443 6.
416 3395 530 3442 Non
566 3392 867 3442 credibiliter.
911 3393 1071 3455 Quam
1109 3404 1270 3440 autem

252 3474 330 3521 illi
356 3458 608 3521 calumnia!
636 3489 785 3537 parva
818 3470 940 3519 fides
976 3483 1136 3536 potest
1170 3472 1269 3519 hae-

253 3549 386 3600 rere!
407 3553 560 3600 immo
574 3567 717 3616 quam
736 3568 859 3617 aegre
877 3551 953 3598 vel
970 3552 1269 3615 suspiciones

253 3643 424 3680 movet
446 3627 459 3679 l

332 3728 380 3773 7.
409 3710 645 3758 Venisses.
673 3710 841 3758 Mallet
865 3712 1061 3758 Putean.
1080 3710 1266 3757 voluis-

248 3806 344 3838 ses.
364 3790 624 3838 Abi-nmina
637 3789 848 3837 venires.

328 3871 379 3917 8.
414 3870 524 3916 Huc
550 3879 597 3915 te
622 3885 651 3916 e
671 3868 859 3918 balneo.
886 3865 1116 3915 Solebant
1141 3877 1268 3914 vete-

254 3966 333 3997 res
354 3947 420 3995 ad
448 3947 617 3995 balnea
641 3946 712 3994 ire
726 3979 741 4004 ,
777 3946 1055 4011 priusquam
1096 3946 1272 3993 mensis

253 4025 616 4075 accumberent.

329 4122 379 4167 9.
409 4106 572 4152 Erant
606 4102 735 4151 enim
773 4100 970 4150 armati.
1010 4103 1092 4152 Al.
1122 4101 1272 4151 codd.

1359 2679 1428 2727 ibi
1467 2679 1599 2728 enim
1632 2691 1777 2727 erant
1800 2680 1980 2727 armati
1994 2715 2009 2737 ,
2035 2692 2130 2729 etc.
2157 2684 2205 2731 J.
2228 2687 2294 2733 V.
2322 2688 2376 2732 L.

1435 2773 1513 2808 ιο.
1529 2759 1637 2823 Ego
1658 2758 1943 2806 mehercule.
1981 2759 2139 2806 Prima
2159 2761 2374 2810 criminis

1361 2838 1718 2887 circumstantia
1735 2871 1752 2893 ,
1799 2853 1894 2901 qua
1940 2838 2150 2888 ostendit
2194 2842 2376 2889 crimen

1359 2916 1681 2981 probabiliter
1699 2931 1801 2963 non
1818 2933 1919 2964 esse
1942 2915 2204 2966 confictum
2215 2954 2229 2978 ,
2244 2921 2374 2984 qnia,

1361 2997 1402 3045 si
1424 2997 1658 3045 Caesarem
1678 2997 1936 3055 Dejotarus
1958 2994 2177 3046 occidere
2195 2998 2377 3047 volnis-

1361 3085 1433 3123 set
1447 3110 1462 3134 ‚
1490 3074 1843 3137 consiliumque
1865 3089 2006 3121 sunm
2025 3091 2163 3123 servo
2186 3077 2375 3125 medico

1364 3154 1644 3202 credidisset
1662 3188 1679 3227 3
1706 3170 1893 3202 veneno
1911 3156 2075 3218 potins
2088 3171 2230 3219 quam
2250 3158 2377 3208 ferro

1364 3249 1466 3280 rem
1486 3234 1754 3297 transigere*
1770 3232 2026 3282 maluisset.

1432 3327 1453 3357 1
1469 3327 1511 3358 1.
1538 3315 1642 3359 Ista
1672 3328 1825 3359 causa
1846 3311 2035 3361 delata.
2065 3315 2231 3377 Quum
2258 3316 2375 3364 mihi

1354 3390 1628 3438 nuntiatum
1659 3401 1782 3439 esset
1803 3390 2102 3456 Phidippum
2124 3410 2151 3442 a
2174 3397 2370 3445 Castore

1358 3481 1659 3534 corruptum.

1433 3563 1512 3596 ια.
1540 3548 1794 3596 Medicum.
1816 3547 2071 3598 Neminem
2096 3551 2220 3616 sugit
2250 3564 2374 3601 artes

1356 3630 1535 3692 saepius
1571 3628 1793 3677 liberales
1833 3645 1858 3675 a
1904 3630 2055 3677 servis
2095 3631 2237 3679 fuisse
2279 3642 2377 3680 tra-

1357 3719 1524 3755 ctam}-

1432 3788 1512 3834 13.
1541 3788 1641 3832 Isto
1662 3786 1988 3835 adolescente.
2011 3787 2238 3843 Castore,
2271 3790 2377 3836 De·-

1353 3865 1502 3924 jotari
1540 3875 1735 3928 nepote.
1769 3865 1899 3912 Olim
1934 3875 2047 3929 post
2072 3864 2375 3915 adolescente

1359 3943 1611 4007 legebatur
1640 3942 1931 3991 existimavit
1947 3977 1963 4000 ‚
2005 3943 2140 4006 quod
2156 3945 2379 4005 rejiciunt

1359 4022 1580 4087 plerique
1602 4021 1812 4080 codices,
1834 4020 2157 4078 admiserunt,
2180 4024 2378 4086 quinon

1364 4102 1586 4149 viderunt
1605 4100 1734 4149 uude
1759 4100 1900 4148 verba
1921 4101 2204 4163 penderent.
