<?xml version="1.0" encoding="UTF-8"?>
<!DOCTYPE html PUBLIC "-//W3C//DTD XHTML 1.0 Transitional//EN"
    "http://www.w3.org/TR/xhtml1/DTD/xhtml1-transitional.dtd">
<html xmlns="http://www.w3.org/1999/xhtml" xml:lang="en" lang="en">
 <head>
  <title>
</title>
<meta http-equiv="Content-Type" content="text/html;charset=utf-8" />
  <meta name='ocr-system' content='tesseract 3.04.00' />
  <meta name='ocr-capabilities' content='ocr_page ocr_carea ocr_par ocr_line ocrx_word'/>
</head>
<body>
  <div class='ocr_page' id='page_1' title='image "./mtciceronisquae06lemagoog_0461.png"; bbox 0 0 2994 4778; ppageno 0'>
   <div class='ocr_carea' id='block_1_1' title="bbox 594 420 2361 507">
    <p class='ocr_par' dir='ltr' id='par_1_1' title="bbox 594 420 2361 507">
     <span class='ocr_line' id='line_1_1' title="bbox 594 420 2361 507; baseline 0.002 -18"><span class='ocrx_word' id='word_1_1' title='bbox 594 423 969 490; x_wconf 84' lang='lat' dir='ltr'>ORATIO</span> <span class='ocrx_word' id='word_1_2' title='bbox 1021 420 1220 489; x_wconf 87' lang='lat' dir='ltr'><strong>PRO</strong></span> <span class='ocrx_word' id='word_1_3' title='bbox 1267 423 1346 490; x_wconf 91' lang='lat' dir='ltr'><strong>C.</strong></span> <span class='ocrx_word' id='word_1_4' title='bbox 1392 426 1473 491; x_wconf 92' lang='lat' dir='ltr'><strong>R.</strong></span> <span class='ocrx_word' id='word_1_5' title='bbox 1528 424 2045 493; x_wconf 87' lang='lat' dir='ltr'>POSTUMO.</span> <span class='ocrx_word' id='word_1_6' title='bbox 2230 420 2361 507; x_wconf 77' lang='lat'><strong>451</strong></span> 
     </span>
    </p>
   </div>
   <div class='ocr_carea' id='block_1_2' title="bbox 243 538 2385 2402">
    <p class='ocr_par' dir='ltr' id='par_1_2' title="bbox 243 538 2385 2402">
     <span class='ocr_line' id='line_1_2' title="bbox 249 538 2370 640; baseline 0.001 -27"><span class='ocrx_word' id='word_1_7' title='bbox 249 541 507 613; x_wconf 86' lang='lat' dir='ltr'><strong>sularis</strong></span> <span class='ocrx_word' id='word_1_8' title='bbox 545 540 804 625; x_wconf 78' lang='lat' dir='ltr'><strong>homo,</strong></span> <span class='ocrx_word' id='word_1_9' title='bbox 820 564 1089 613; x_wconf 88' lang='lat' dir='ltr'><strong>soccos</strong></span> <span class='ocrx_word' id='word_1_10' title='bbox 1116 538 1414 612; x_wconf 78' lang='lat' dir='ltr'><strong>habuit⁸</strong></span> <span class='ocrx_word' id='word_1_11' title='bbox 1453 557 1526 612; x_wconf 89' lang='lat' dir='ltr'><strong>et</strong></span> <span class='ocrx_word' id='word_1_12' title='bbox 1560 543 1893 640; x_wconf 63' lang='lat' dir='ltr'><strong>pallium</strong></span> <span class='ocrx_word' id='word_1_13' title='bbox 1930 569 2064 615; x_wconf 91' lang='lat' dir='ltr'><strong>nec</strong></span> <span class='ocrx_word' id='word_1_14' title='bbox 2090 570 2265 617; x_wconf 84' lang='lat' dir='ltr'><strong>vero</strong></span> <span class='ocrx_word' id='word_1_15' title='bbox 2299 547 2370 616; x_wconf 92' lang='lat' dir='ltr'><strong>id</strong></span> 
     </span>
     <span class='ocr_line' id='line_1_3' title="bbox 245 651 2369 750; baseline 0.002 -28"><span class='ocrx_word' id='word_1_16' title='bbox 245 652 534 722; x_wconf 87' lang='lat' dir='ltr'><strong>homini</strong></span> <span class='ocrx_word' id='word_1_17' title='bbox 588 666 741 721; x_wconf 90' lang='lat' dir='ltr'><strong>tum</strong></span> <span class='ocrx_word' id='word_1_18' title='bbox 795 654 1211 748; x_wconf 85' lang='lat' dir='ltr'><strong>quisquam,</strong></span> <span class='ocrx_word' id='word_1_19' title='bbox 1266 651 1393 722; x_wconf 91' lang='lat' dir='ltr'><strong>sed</strong></span> <span class='ocrx_word' id='word_1_20' title='bbox 1446 658 1810 750; x_wconf 82' lang='lat' dir='ltr'><strong>tempori.⁹</strong></span> <span class='ocrx_word' id='word_1_21' title='bbox 1866 655 2369 750; x_wconf 82' lang='lat' dir='ltr'><strong>assignandum</strong></span> 
     </span>
     <span class='ocr_line' id='line_1_4' title="bbox 243 760 2373 861; baseline 0.003 -31"><span class='ocrx_word' id='word_1_22' title='bbox 243 762 589 858; x_wconf 83' lang='lat' dir='ltr'><strong>putavit.</strong></span> <span class='ocrx_word' id='word_1_23' title='bbox 635 764 981 831; x_wconf 84' lang='lat' dir='ltr'>Postumo</span> <span class='ocrx_word' id='word_1_24' title='bbox 1024 764 1293 832; x_wconf 82' lang='lat' dir='ltr'><strong>crimen</strong></span> <span class='ocrx_word' id='word_1_25' title='bbox 1334 765 1633 833; x_wconf 84' lang='lat' dir='ltr'><strong>vestitus</strong></span> <span class='ocrx_word' id='word_1_26' title='bbox 1679 760 1987 834; x_wconf 88' lang='lat' dir='ltr'><strong>afferet</strong></span> <span class='ocrx_word' id='word_1_27' title='bbox 1971 767 2182 849; x_wconf 80' lang='lat' dir='ltr'><strong>1S‚in</strong></span> <span class='ocrx_word' id='word_1_28' title='bbox 2226 790 2373 861; x_wconf 93' lang='lat' dir='ltr'><strong>quo</strong></span> 
     </span>
     <span class='ocr_line' id='line_1_5' title="bbox 245 869 2371 971; baseline 0.001 -30"><span class='ocrx_word' id='word_1_29' title='bbox 245 894 415 968; x_wconf 85' lang='lat' dir='ltr'><strong>spes</strong></span> <span class='ocrx_word' id='word_1_30' title='bbox 444 869 613 955; x_wconf 84' lang='lat' dir='ltr'><strong>fuit,</strong></span> <span class='ocrx_word' id='word_1_31' title='bbox 657 895 867 968; x_wconf 87' lang='lat' dir='ltr'><strong>posse</strong></span> <span class='ocrx_word' id='word_1_32' title='bbox 899 895 1054 942; x_wconf 89' lang='lat' dir='ltr'><strong>sese</strong></span> <span class='ocrx_word' id='word_1_33' title='bbox 1099 870 1484 968; x_wconf 91' lang='lat' dir='ltr'><strong>aliquando</strong></span> <span class='ocrx_word' id='word_1_34' title='bbox 1531 871 1620 943; x_wconf 91' lang='lat' dir='ltr'><strong>ad</strong></span> <span class='ocrx_word' id='word_1_35' title='bbox 1656 872 1982 944; x_wconf 81' lang='lat' dir='ltr'>fortunas</span> <span class='ocrx_word' id='word_1_36' title='bbox 2017 899 2179 945; x_wconf 90' lang='lat' dir='ltr'><strong>suas</strong></span> <span class='ocrx_word' id='word_1_37' title='bbox 2208 899 2371 971; x_wconf 82' lang='lat' dir='ltr'><strong>per-</strong></span> 
     </span>
     <span class='ocr_line' id='line_1_6' title="bbox 245 980 2376 1064; baseline 0.003 -16"><span class='ocrx_word' id='word_1_38' title='bbox 245 980 549 1049; x_wconf 82' lang='lat' dir='ltr'><strong>venire?</strong></span> <span class='ocrx_word' id='word_1_39' title='bbox 580 985 811 1064; x_wconf 77' lang='lat' dir='ltr'><strong>Nam,</strong></span> <span class='ocrx_word' id='word_1_40' title='bbox 871 995 950 1049; x_wconf 88' lang='lat' dir='ltr'><strong>ut</strong></span> <span class='ocrx_word' id='word_1_41' title='bbox 991 994 1288 1050; x_wconf 76' lang='lat' dir='ltr'><strong>ventum</strong></span> <span class='ocrx_word' id='word_1_42' title='bbox 1334 996 1439 1051; x_wconf 91' lang='lat' dir='ltr'><strong>est</strong></span> <span class='ocrx_word' id='word_1_43' title='bbox 1487 981 1983 1053; x_wconf 84' lang='lat' dir='ltr'>Alexandriam</span> <span class='ocrx_word' id='word_1_44' title='bbox 2028 981 2115 1053; x_wconf 88' lang='lat' dir='ltr'><strong>ad</strong></span> <span class='ocrx_word' id='word_1_45' title='bbox 2167 984 2376 1054; x_wconf 88' lang='lat' dir='ltr'><strong>Aule-</strong></span> 
     </span>
     <span class='ocr_line' id='line_1_7' title="bbox 248 1089 2375 1190; baseline 0 -28"><span class='ocrx_word' id='word_1_46' title='bbox 248 1099 513 1175; x_wconf 71' lang='lat' dir='ltr'><strong>tem⁴⁰‚</strong></span> <span class='ocrx_word' id='word_1_47' title='bbox 554 1089 860 1185; x_wconf 81' lang='lat' dir='ltr'><strong>judiceS‚</strong></span> <span class='ocrx_word' id='word_1_48' title='bbox 899 1090 1046 1161; x_wconf 85' lang='lat' dir='ltr'><strong>haec</strong></span> <span class='ocrx_word' id='word_1_49' title='bbox 1074 1116 1216 1161; x_wconf 89' lang='lat' dir='ltr'><strong>una</strong></span> <span class='ocrx_word' id='word_1_50' title='bbox 1247 1093 1430 1162; x_wconf 88' lang='lat' dir='ltr'><strong>ratio</strong></span> <span class='ocrx_word' id='word_1_51' title='bbox 1456 1117 1497 1162; x_wconf 89' lang='lat' dir='ltr'><strong>a</strong></span> <span class='ocrx_word' id='word_1_52' title='bbox 1533 1116 1701 1189; x_wconf 87' lang='lat' dir='ltr'><strong>rege</strong></span> <span class='ocrx_word' id='word_1_53' title='bbox 1730 1095 2099 1190; x_wconf 86' lang='lat' dir='ltr'><strong>proposita</strong></span> <span class='ocrx_word' id='word_1_54' title='bbox 2129 1097 2375 1164; x_wconf 90' lang='lat' dir='ltr'><strong>Postu·</strong></span> 
     </span>
     <span class='ocr_line' id='line_1_8' title="bbox 248 1201 2376 1301; baseline 0.002 -31"><span class='ocrx_word' id='word_1_55' title='bbox 248 1225 377 1270; x_wconf 91' lang='lat' dir='ltr'><strong>mo</strong></span> <span class='ocrx_word' id='word_1_56' title='bbox 441 1214 552 1271; x_wconf 90' lang='lat' dir='ltr'><strong>est</strong></span> <span class='ocrx_word' id='word_1_57' title='bbox 597 1201 957 1271; x_wconf 85' lang='lat' dir='ltr'><strong>servandae</strong></span> <span class='ocrx_word' id='word_1_58' title='bbox 1019 1206 1373 1299; x_wconf 68' lang='lat' dir='ltr'><strong>pecuniae,</strong></span> <span class='ocrx_word' id='word_1_59' title='bbox 1426 1205 1479 1272; x_wconf 89' lang='lat' dir='ltr'><strong>si</strong></span> <span class='ocrx_word' id='word_1_60' title='bbox 1540 1205 1982 1274; x_wconf 89' lang='lat' dir='ltr'><strong>curationem</strong></span> <span class='ocrx_word' id='word_1_61' title='bbox 2045 1219 2118 1274; x_wconf 88' lang='lat' dir='ltr'><strong>et</strong></span> <span class='ocrx_word' id='word_1_62' title='bbox 2174 1209 2376 1301; x_wconf 89' lang='lat' dir='ltr'><strong>quasi</strong></span> 
     </span>
     <span class='ocr_line' id='line_1_9' title="bbox 247 1310 2380 1410; baseline 0.003 -29"><span class='ocrx_word' id='word_1_63' title='bbox 247 1310 869 1408; x_wconf 86' lang='lat' dir='ltr'>dispensationem</span> <span class='ocrx_word' id='word_1_64' title='bbox 902 1313 1168 1408; x_wconf 86' lang='lat' dir='ltr'><strong>regiam</strong></span> <span class='ocrx_word' id='word_1_65' title='bbox 1191 1322 1246 1357; x_wconf 86' lang='lat'><strong>¹¹</strong></span> <span class='ocrx_word' id='word_1_66' title='bbox 1287 1315 1731 1410; x_wconf 80' lang='lat' dir='ltr'><strong>suscepisset.</strong></span> <span class='ocrx_word' id='word_1_67' title='bbox 1767 1313 1849 1385; x_wconf 90' lang='lat' dir='ltr'><strong>Id</strong></span> <span class='ocrx_word' id='word_1_68' title='bbox 1881 1329 2118 1384; x_wconf 87' lang='lat' dir='ltr'><strong>autem</strong></span> <span class='ocrx_word' id='word_1_69' title='bbox 2151 1313 2380 1388; x_wconf 86' lang='lat' dir='ltr'><strong>facere</strong></span> 
     </span>
     <span class='ocr_line' id='line_1_10' title="bbox 248 1421 2381 1518; baseline 0.002 -28"><span class='ocrx_word' id='word_1_70' title='bbox 248 1446 407 1491; x_wconf 90' lang='lat' dir='ltr'><strong>non</strong></span> <span class='ocrx_word' id='word_1_71' title='bbox 445 1434 758 1518; x_wconf 84' lang='lat' dir='ltr'><strong>poterat,</strong></span> <span class='ocrx_word' id='word_1_72' title='bbox 795 1423 934 1491; x_wconf 90' lang='lat' dir='ltr'><strong>nisi</strong></span> <span class='ocrx_word' id='word_1_73' title='bbox 962 1421 1302 1493; x_wconf 81' lang='lat' dir='ltr'><strong>dioecetes</strong></span> <span class='ocrx_word' id='word_1_74' title='bbox 1333 1449 1349 1491; x_wconf 75' lang='lat' dir='ltr'><strong>t</strong></span> <span class='ocrx_word' id='word_1_75' title='bbox 1395 1422 1535 1493; x_wconf 91' lang='lat' dir='ltr'><strong>hoc</strong></span> <span class='ocrx_word' id='word_1_76' title='bbox 1575 1426 1768 1494; x_wconf 90' lang='lat' dir='ltr'><strong>enim</strong></span> <span class='ocrx_word' id='word_1_77' title='bbox 1801 1426 2093 1494; x_wconf 88' lang='lat' dir='ltr'><strong>nomine</strong></span> <span class='ocrx_word' id='word_1_78' title='bbox 2130 1427 2381 1511; x_wconf 87' lang='lat' dir='ltr'><strong>utitur,</strong></span> 
     </span>
     <span class='ocr_line' id='line_1_11' title="bbox 250 1532 2380 1631; baseline 0.002 -31"><span class='ocrx_word' id='word_1_79' title='bbox 250 1532 385 1627; x_wconf 86' lang='lat' dir='ltr'><strong>qui</strong></span> <span class='ocrx_word' id='word_1_80' title='bbox 446 1555 485 1601; x_wconf 87' lang='lat' dir='ltr'><strong>a</strong></span> <span class='ocrx_word' id='word_1_81' title='bbox 541 1555 710 1627; x_wconf 84' lang='lat' dir='ltr'><strong>rege</strong></span> <span class='ocrx_word' id='word_1_82' title='bbox 773 1547 957 1602; x_wconf 90' lang='lat' dir='ltr'><strong>esset</strong></span> <span class='ocrx_word' id='word_1_83' title='bbox 1004 1534 1541 1603; x_wconf 63' lang='lat' dir='ltr'><strong>constitutusm.</strong></span> <span class='ocrx_word' id='word_1_84' title='bbox 1599 1533 1948 1604; x_wconf 89' lang='lat' dir='ltr'>Odiosum</span> <span class='ocrx_word' id='word_1_85' title='bbox 2011 1535 2380 1631; x_wconf 82' lang='lat' dir='ltr'><strong>negotium</strong></span> 
     </span>
     <span class='ocr_line' id='line_1_12' title="bbox 251 1640 2379 1730; baseline 0.001 -20"><span class='ocrx_word' id='word_1_86' title='bbox 251 1645 603 1712; x_wconf 88' lang='lat' dir='ltr'><strong>Postumo</strong></span> <span class='ocrx_word' id='word_1_87' title='bbox 640 1640 1051 1730; x_wconf 80' lang='lat' dir='ltr'><strong>videbatur3</strong></span> <span class='ocrx_word' id='word_1_88' title='bbox 1075 1642 1211 1714; x_wconf 61' lang='lat' dir='ltr'><strong>&#39;sed</strong></span> <span class='ocrx_word' id='word_1_89' title='bbox 1247 1657 1401 1713; x_wconf 88' lang='lat' dir='ltr'><strong>erat</strong></span> <span class='ocrx_word' id='word_1_90' title='bbox 1436 1643 1631 1714; x_wconf 88' lang='lat' dir='ltr'><strong>nulla</strong></span> <span class='ocrx_word' id='word_1_91' title='bbox 1666 1646 1971 1725; x_wconf 55' lang='lat' dir='ltr'><strong>,omnino</strong></span> <span class='ocrx_word' id='word_1_92' title='bbox 2004 1647 2379 1715; x_wconf 86' lang='lat' dir='ltr'><strong>recusatio.</strong></span> 
     </span>
     <span class='ocr_line' id='line_1_13' title="bbox 250 1751 2382 1851; baseline 0 -28"><span class='ocrx_word' id='word_1_93' title='bbox 250 1751 649 1823; x_wconf 88' lang='lat' dir='ltr'><strong>Molestum</strong></span> <span class='ocrx_word' id='word_1_94' title='bbox 685 1754 896 1845; x_wconf 83' lang='lat' dir='ltr'><strong>etiam</strong></span> <span class='ocrx_word' id='word_1_95' title='bbox 948 1778 1216 1825; x_wconf 88' lang='lat' dir='ltr'><strong>nomen</strong></span> <span class='ocrx_word' id='word_1_96' title='bbox 1264 1755 1546 1851; x_wconf 81' lang='lat' dir='ltr'><strong>ipsum3</strong></span> <span class='ocrx_word' id='word_1_97' title='bbox 1593 1753 1715 1825; x_wconf 89' lang='lat' dir='ltr'><strong>sed</strong></span> <span class='ocrx_word' id='word_1_98' title='bbox 1753 1779 1868 1841; x_wconf 86' lang='lat' dir='ltr'><strong>res</strong></span> <span class='ocrx_word' id='word_1_99' title='bbox 1905 1752 2220 1825; x_wconf 83' lang='lat' dir='ltr'><strong>habebat</strong></span> <span class='ocrx_word' id='word_1_100' title='bbox 2255 1779 2382 1824; x_wconf 93' lang='lat' dir='ltr'><strong>no·</strong></span> 
     </span>
     <span class='ocr_line' id='line_1_14' title="bbox 249 1860 2385 1961; baseline 0 -28"><span class='ocrx_word' id='word_1_101' title='bbox 249 1884 425 1933; x_wconf 88' lang='lat' dir='ltr'><strong>men</strong></span> <span class='ocrx_word' id='word_1_102' title='bbox 458 1860 599 1932; x_wconf 91' lang='lat' dir='ltr'><strong>hoc</strong></span> <span class='ocrx_word' id='word_1_103' title='bbox 625 1863 818 1960; x_wconf 91' lang='lat' dir='ltr'><strong>apud</strong></span> <span class='ocrx_word' id='word_1_104' title='bbox 850 1862 1006 1933; x_wconf 89' lang='lat' dir='ltr'><strong>illos</strong></span> <span class='ocrx_word' id='word_1_105' title='bbox 1030 1918 1049 1948; x_wconf 91' lang='lat'>,</span> <span class='ocrx_word' id='word_1_106' title='bbox 1077 1888 1224 1933; x_wconf 88' lang='lat' dir='ltr'><strong>non</strong></span> <span class='ocrx_word' id='word_1_107' title='bbox 1252 1864 1370 1934; x_wconf 91' lang='lat' dir='ltr'><strong>hic</strong></span> <span class='ocrx_word' id='word_1_108' title='bbox 1394 1866 1853 1961; x_wconf 82' lang='lat' dir='ltr'><strong>imposuerat.</strong></span> <span class='ocrx_word' id='word_1_109' title='bbox 1882 1862 2151 1935; x_wconf 86' lang='lat' dir='ltr'><strong>Oderat</strong></span> <span class='ocrx_word' id='word_1_110' title='bbox 2177 1866 2385 1935; x_wconf 85' lang='lat' dir='ltr'><strong>vesti-</strong></span> 
     </span>
     <span class='ocr_line' id='line_1_15' title="bbox 249 1970 2384 2071; baseline 0.002 -30"><span class='ocrx_word' id='word_1_111' title='bbox 249 1985 415 2041; x_wconf 90' lang='lat' dir='ltr'><strong>tum</strong></span> <span class='ocrx_word' id='word_1_112' title='bbox 443 1971 658 2041; x_wconf 87' lang='lat' dir='ltr'><strong>etiam</strong></span> <span class='ocrx_word' id='word_1_113' title='bbox 685 1971 928 2056; x_wconf 75' lang='lat' dir='ltr'><strong>illum3</strong></span> <span class='ocrx_word' id='word_1_114' title='bbox 965 1970 1089 2043; x_wconf 90' lang='lat' dir='ltr'><strong>sed</strong></span> <span class='ocrx_word' id='word_1_115' title='bbox 1118 1974 1268 2044; x_wconf 90' lang='lat' dir='ltr'><strong>sine</strong></span> <span class='ocrx_word' id='word_1_116' title='bbox 1297 1998 1385 2043; x_wconf 92' lang='lat' dir='ltr'><strong>eo</strong></span> <span class='ocrx_word' id='word_1_117' title='bbox 1415 1997 1552 2044; x_wconf 88' lang='lat' dir='ltr'><strong>nec</strong></span> <span class='ocrx_word' id='word_1_118' title='bbox 1578 1997 1843 2044; x_wconf 91' lang='lat' dir='ltr'><strong>nomen</strong></span> <span class='ocrx_word' id='word_1_119' title='bbox 1872 1973 2050 2045; x_wconf 91' lang='lat' dir='ltr'><strong>illud</strong></span> <span class='ocrx_word' id='word_1_120' title='bbox 2077 1988 2384 2071; x_wconf 87' lang='lat' dir='ltr'><strong>poterat,</strong></span> 
     </span>
     <span class='ocr_line' id='line_1_16' title="bbox 253 2083 2385 2180; baseline 0.001 -28"><span class='ocrx_word' id='word_1_121' title='bbox 253 2108 395 2152; x_wconf 92' lang='lat' dir='ltr'><strong>nec</strong></span> <span class='ocrx_word' id='word_1_122' title='bbox 444 2108 712 2154; x_wconf 90' lang='lat' dir='ltr'><strong>munus</strong></span> <span class='ocrx_word' id='word_1_123' title='bbox 757 2086 963 2154; x_wconf 84' lang='lat' dir='ltr'><strong>tueri.</strong></span> <span class='ocrx_word' id='word_1_124' title='bbox 1013 2088 1201 2180; x_wconf 86' lang='lat' dir='ltr'><strong>Ergo</strong></span> <span class='ocrx_word' id='word_1_125' title='bbox 1248 2083 1493 2155; x_wconf 88' lang='lat' dir='ltr'><strong>aderat</strong></span> <span class='ocrx_word' id='word_1_126' title='bbox 1545 2087 1689 2167; x_wconf 68' lang='grc' dir='ltr'><strong>νίς,</strong></span> <span class='ocrx_word' id='word_1_127' title='bbox 1728 2097 1809 2154; x_wconf 91' lang='lat' dir='ltr'><strong>ut</strong></span> <span class='ocrx_word' id='word_1_128' title='bbox 1857 2086 1951 2154; x_wconf 90' lang='lat' dir='ltr'><strong>ait</strong></span> <span class='ocrx_word' id='word_1_129' title='bbox 2005 2099 2219 2180; x_wconf 85' lang='lat' dir='ltr'><strong>poeta</strong></span> <span class='ocrx_word' id='word_1_130' title='bbox 2268 2084 2385 2154; x_wconf 89' lang='lat' dir='ltr'><strong>ille</strong></span> 
     </span>
     <span class='ocr_line' id='line_1_17' title="bbox 250 2192 2385 2290; baseline 0.001 -28"><span class='ocrx_word' id='word_1_131' title='bbox 250 2206 527 2274; x_wconf 85' lang='lat' dir='ltr'><strong>noster,</strong></span> <span class='ocrx_word' id='word_1_132' title='bbox 570 2222 604 2257; x_wconf 76' lang='grc' dir='ltr'><strong><em>α</em></strong></span> <span class='ocrx_word' id='word_1_133' title='bbox 625 2218 784 2289; x_wconf 86' lang='lat' dir='ltr'><strong>quae</strong></span> <span class='ocrx_word' id='word_1_134' title='bbox 818 2218 1130 2264; x_wconf 89' lang='lat' dir='ltr'><strong>summas</strong></span> <span class='ocrx_word' id='word_1_135' title='bbox 1163 2192 1423 2290; x_wconf 85' lang='lat' dir='ltr'><strong>frangit</strong></span> <span class='ocrx_word' id='word_1_136' title='bbox 1458 2193 1919 2290; x_wconf 87' lang='lat' dir='ltr'><strong>infirmatque</strong></span> <span class='ocrx_word' id='word_1_137' title='bbox 1946 2217 2195 2290; x_wconf 85' lang='lat' dir='ltr'><strong>opes».</strong></span> <span class='ocrx_word' id='word_1_138' title='bbox 2230 2198 2385 2265; x_wconf 90' lang='lat' dir='ltr'><strong>Mo-</strong></span> 
     </span>
     <span class='ocr_line' id='line_1_18' title="bbox 250 2299 2382 2402; baseline 0.001 -30"><span class='ocrx_word' id='word_1_139' title='bbox 250 2299 647 2389; x_wconf 79' lang='lat' dir='ltr'><strong>reretur¹³‚</strong></span> <span class='ocrx_word' id='word_1_140' title='bbox 704 2304 1032 2402; x_wconf 89' lang='lat' dir='ltr'><strong>inquies:</strong></span> <span class='ocrx_word' id='word_1_141' title='bbox 1074 2328 1240 2374; x_wconf 88' lang='lat' dir='ltr'><strong>nam</strong></span> <span class='ocrx_word' id='word_1_142' title='bbox 1288 2302 1361 2374; x_wconf 93' lang='lat' dir='ltr'><strong>id</strong></span> <span class='ocrx_word' id='word_1_143' title='bbox 1409 2303 1759 2401; x_wconf 88' lang='lat' dir='ltr'><strong>sequitur.</strong></span> <span class='ocrx_word' id='word_1_144' title='bbox 1807 2306 2112 2374; x_wconf 88' lang='lat' dir='ltr'><strong>Fecisset</strong></span> <span class='ocrx_word' id='word_1_145' title='bbox 2153 2319 2382 2389; x_wconf 87' lang='lat' dir='ltr'><strong>certe,</strong></span> 
     </span>
    </p>
   </div>
   <div class='ocr_carea' id='block_1_3' title="bbox 247 2506 1275 2651">
    <p class='ocr_par' dir='ltr' id='par_1_3' title="bbox 247 2506 1275 2651">
     <span class='ocr_line' id='line_1_19' title="bbox 327 2506 1275 2572; baseline 0 -18"><span class='ocrx_word' id='word_1_146' title='bbox 327 2508 383 2555; x_wconf 78' lang='grc'><strong>8.</strong></span> <span class='ocrx_word' id='word_1_147' title='bbox 409 2509 582 2555; x_wconf 83' lang='lat' dir='ltr'><strong>Soeeos</strong></span> <span class='ocrx_word' id='word_1_148' title='bbox 609 2506 794 2557; x_wconf 71' lang='lat' dir='ltr'><strong>habuit.</strong></span> <span class='ocrx_word' id='word_1_149' title='bbox 820 2507 1019 2556; x_wconf 80' lang='lat' dir='ltr'><strong>Calceos</strong></span> <span class='ocrx_word' id='word_1_150' title='bbox 1046 2509 1275 2572; x_wconf 77' lang='lat' dir='ltr'><strong>graecaui-</strong></span> 
     </span>
     <span class='ocr_line' id='line_1_20' title="bbox 247 2586 1273 2651; baseline 0 -17"><span class='ocrx_word' id='word_1_151' title='bbox 247 2602 341 2634; x_wconf 78' lang='lat' dir='ltr'><strong>cos</strong></span> <span class='ocrx_word' id='word_1_152' title='bbox 378 2586 688 2651; x_wconf 84' lang='lat' dir='ltr'><strong>humiliores,</strong></span> <span class='ocrx_word' id='word_1_153' title='bbox 728 2603 1093 2650; x_wconf 84' lang='lat' dir='ltr'><strong>nonnumquam</strong></span> <span class='ocrx_word' id='word_1_154' title='bbox 1130 2587 1273 2635; x_wconf 86' lang='lat' dir='ltr'><strong>etiam</strong></span> 
     </span>
    </p>
   </div>
   <div class='ocr_carea' id='block_1_4' title="bbox 242 2664 1276 2725">
    <p class='ocr_par' dir='ltr' id='par_1_4' title="bbox 242 2664 1276 2725">
     <span class='ocr_line' id='line_1_21' title="bbox 242 2664 1276 2725; baseline 0 -13"><span class='ocrx_word' id='word_1_155' title='bbox 242 2665 518 2713; x_wconf 73' lang='lat' dir='ltr'><strong>inauratos.</strong></span> <span class='ocrx_word' id='word_1_156' title='bbox 546 2668 724 2714; x_wconf 83' lang='lat' dir='ltr'><strong>Seneca</strong></span> <span class='ocrx_word' id='word_1_157' title='bbox 742 2701 757 2725; x_wconf 92' lang='lat'><strong>,</strong></span> <span class='ocrx_word' id='word_1_158' title='bbox 781 2666 874 2714; x_wconf 85' lang='lat' dir='ltr'><strong>lib.</strong></span> <span class='ocrx_word' id='word_1_159' title='bbox 901 2668 975 2725; x_wconf 84' lang='lat'><strong>11,</strong></span> <span class='ocrx_word' id='word_1_160' title='bbox 1003 2666 1065 2714; x_wconf 84' lang='lat' dir='ltr'><strong>de</strong></span> <span class='ocrx_word' id='word_1_161' title='bbox 1089 2664 1276 2713; x_wconf 79' lang='lat' dir='ltr'><strong>Benefi-</strong></span> 
     </span>
    </p>
   </div>
   <div class='ocr_carea' id='block_1_5' title="bbox 240 2744 1274 3444">
    <p class='ocr_par' dir='ltr' id='par_1_5' title="bbox 240 2744 1274 3351">
     <span class='ocr_line' id='line_1_22' title="bbox 244 2744 1274 2808; baseline 0.001 -17"><span class='ocrx_word' id='word_1_162' title='bbox 244 2744 344 2791; x_wconf 81' lang='lat' dir='ltr'><strong>ciis</strong></span> <span class='ocrx_word' id='word_1_163' title='bbox 365 2777 380 2799; x_wconf 82' lang='grc'>,</span> <span class='ocrx_word' id='word_1_164' title='bbox 405 2759 511 2808; x_wconf 81' lang='lat' dir='ltr'><strong>cap.</strong></span> <span class='ocrx_word' id='word_1_165' title='bbox 540 2761 597 2792; x_wconf 80' lang='lat'><strong>12</strong></span> <span class='ocrx_word' id='word_1_166' title='bbox 619 2759 635 2793; x_wconf 76' lang='lat' dir='ltr'><strong>t</strong></span> <span class='ocrx_word' id='word_1_167' title='bbox 667 2768 692 2787; x_wconf 83' lang='grc' dir='ltr'><strong>ιι</strong></span> <span class='ocrx_word' id='word_1_168' title='bbox 708 2746 768 2795; x_wconf 88' lang='lat' dir='ltr'><strong>C.</strong></span> <span class='ocrx_word' id='word_1_169' title='bbox 792 2747 954 2795; x_wconf 86' lang='lat' dir='ltr'><strong>Caesar</strong></span> <span class='ocrx_word' id='word_1_170' title='bbox 973 2744 1107 2794; x_wconf 85' lang='lat' dir='ltr'><strong>dedit</strong></span> <span class='ocrx_word' id='word_1_171' title='bbox 1125 2745 1274 2792; x_wconf 83' lang='lat' dir='ltr'><strong>vitam</strong></span> 
     </span>
     <span class='ocr_line' id='line_1_23' title="bbox 245 2823 1272 2887; baseline 0.001 -17"><span class='ocrx_word' id='word_1_172' title='bbox 245 2824 491 2886; x_wconf 72' lang='lat' dir='ltr'><strong>Potnpeio</strong></span> <span class='ocrx_word' id='word_1_173' title='bbox 509 2825 676 2872; x_wconf 84' lang='lat' dir='ltr'><strong>Penno</strong></span> <span class='ocrx_word' id='word_1_174' title='bbox 688 2858 701 2881; x_wconf 93' lang='lat'>,</span> <span class='ocrx_word' id='word_1_175' title='bbox 722 2824 761 2871; x_wconf 87' lang='lat' dir='ltr'><strong>si</strong></span> <span class='ocrx_word' id='word_1_176' title='bbox 780 2823 862 2871; x_wconf 91' lang='lat' dir='ltr'><strong>dat</strong></span> <span class='ocrx_word' id='word_1_177' title='bbox 876 2824 962 2887; x_wconf 93' lang='lat' dir='ltr'><strong>qui</strong></span> <span class='ocrx_word' id='word_1_178' title='bbox 976 2839 1079 2870; x_wconf 90' lang='lat' dir='ltr'><strong>non</strong></span> <span class='ocrx_word' id='word_1_179' title='bbox 1093 2823 1272 2880; x_wconf 81' lang='lat' dir='ltr'><strong>aufert3</strong></span> 
     </span>
     <span class='ocr_line' id='line_1_24' title="bbox 241 2901 1271 2966; baseline -0.003 -16"><span class='ocrx_word' id='word_1_180' title='bbox 241 2902 431 2950; x_wconf 77' lang='lat' dir='ltr'><strong>‘deinde</strong></span> <span class='ocrx_word' id='word_1_181' title='bbox 454 2901 679 2951; x_wconf 83' lang='lat' dir='ltr'><strong>absoluto</strong></span> <span class='ocrx_word' id='word_1_182' title='bbox 705 2914 751 2950; x_wconf 88' lang='lat' dir='ltr'><strong>et</strong></span> <span class='ocrx_word' id='word_1_183' title='bbox 778 2902 940 2966; x_wconf 86' lang='lat' dir='ltr'><strong>agenti</strong></span> <span class='ocrx_word' id='word_1_184' title='bbox 959 2902 1132 2966; x_wconf 83' lang='lat' dir='ltr'><strong>gratias</strong></span> <span class='ocrx_word' id='word_1_185' title='bbox 1151 2915 1271 2964; x_wconf 86' lang='lat' dir='ltr'><strong>por·</strong></span> 
     </span>
     <span class='ocr_line' id='line_1_25' title="bbox 244 2980 1267 3043; baseline 0 -15"><span class='ocrx_word' id='word_1_186' title='bbox 244 2981 385 3028; x_wconf 81' lang='lat' dir='ltr'><strong>rexit</strong></span> <span class='ocrx_word' id='word_1_187' title='bbox 427 2981 739 3029; x_wconf 83' lang='lat' dir='ltr'><strong>osculandum</strong></span> <span class='ocrx_word' id='word_1_188' title='bbox 787 2981 1032 3029; x_wconf 87' lang='lat' dir='ltr'><strong>sinistrum</strong></span> <span class='ocrx_word' id='word_1_189' title='bbox 1080 2980 1267 3043; x_wconf 84' lang='lat' dir='ltr'><strong>pedem.</strong></span> 
     </span>
     <span class='ocr_line' id='line_1_26' title="bbox 243 3058 1273 3123; baseline 0.001 -18"><span class='ocrx_word' id='word_1_190' title='bbox 243 3060 357 3122; x_wconf 85' lang='lat' dir='ltr'><strong>Qui</strong></span> <span class='ocrx_word' id='word_1_191' title='bbox 378 3073 606 3109; x_wconf 79' lang='lat' dir='ltr'><strong>excusant</strong></span> <span class='ocrx_word' id='word_1_192' title='bbox 625 3077 736 3108; x_wconf 87' lang='lat' dir='ltr'><strong>eum</strong></span> <span class='ocrx_word' id='word_1_193' title='bbox 752 3095 766 3118; x_wconf 87' lang='lat'>‚</span> <span class='ocrx_word' id='word_1_194' title='bbox 795 3070 970 3123; x_wconf 84' lang='lat' dir='ltr'><strong>negant</strong></span> <span class='ocrx_word' id='word_1_195' title='bbox 989 3058 1042 3105; x_wconf 89' lang='lat' dir='ltr'><strong>id</strong></span> <span class='ocrx_word' id='word_1_196' title='bbox 1062 3059 1273 3106; x_wconf 79' lang='lat' dir='ltr'><strong>insolen-</strong></span> 
     </span>
     <span class='ocr_line' id='line_1_27' title="bbox 243 3136 1270 3188; baseline -0.001 -2"><span class='ocrx_word' id='word_1_197' title='bbox 243 3137 333 3187; x_wconf 69' lang='lat' dir='ltr'><strong>tie</strong></span> <span class='ocrx_word' id='word_1_198' title='bbox 385 3155 524 3187; x_wconf 82' lang='lat' dir='ltr'><strong>causa</strong></span> <span class='ocrx_word' id='word_1_199' title='bbox 568 3142 748 3188; x_wconf 76' lang='lat' dir='ltr'><strong>factum</strong></span> <span class='ocrx_word' id='word_1_200' title='bbox 782 3154 795 3188; x_wconf 73' lang='grc' dir='ltr'><strong><em>ε</em></strong></span> <span class='ocrx_word' id='word_1_201' title='bbox 841 3140 978 3186; x_wconf 89' lang='lat' dir='ltr'><strong>aiunt</strong></span> <span class='ocrx_word' id='word_1_202' title='bbox 1020 3136 1270 3186; x_wconf 87' lang='lat' dir='ltr'><strong>soeculum</strong></span> 
     </span>
     <span class='ocr_line' id='line_1_28' title="bbox 240 3218 1268 3280; baseline -0.001 -15"><span class='ocrx_word' id='word_1_203' title='bbox 240 3227 469 3265; x_wconf 81' lang='lat' dir='ltr'><strong>auratum</strong></span> <span class='ocrx_word' id='word_1_204' title='bbox 491 3256 506 3280; x_wconf 85' lang='lat'><strong>,</strong></span> <span class='ocrx_word' id='word_1_205' title='bbox 558 3220 710 3267; x_wconf 84' lang='lat' dir='ltr'><strong>immo</strong></span> <span class='ocrx_word' id='word_1_206' title='bbox 760 3234 957 3266; x_wconf 86' lang='lat' dir='ltr'><strong>aureum</strong></span> <span class='ocrx_word' id='word_1_207' title='bbox 1004 3218 1268 3280; x_wconf 76' lang='lat' dir='ltr'><strong>margaritis</strong></span> 
     </span>
     <span class='ocr_line' id='line_1_29' title="bbox 240 3296 1269 3351; baseline 0 -7"><span class='ocrx_word' id='word_1_208' title='bbox 240 3296 534 3344; x_wconf 86' lang='lat' dir='ltr'><strong>distinctum</strong></span> <span class='ocrx_word' id='word_1_209' title='bbox 549 3329 562 3351; x_wconf 85' lang='lat'><strong>‚</strong></span> <span class='ocrx_word' id='word_1_210' title='bbox 586 3297 839 3346; x_wconf 82' lang='lat' dir='ltr'><strong>ostendere</strong></span> <span class='ocrx_word' id='word_1_211' title='bbox 865 3312 973 3343; x_wconf 89' lang='lat' dir='ltr'><strong>eum</strong></span> <span class='ocrx_word' id='word_1_212' title='bbox 997 3297 1207 3344; x_wconf 85' lang='lat' dir='ltr'><strong>voluisse</strong></span> <span class='ocrx_word' id='word_1_213' title='bbox 1228 3317 1269 3344; x_wconf 82' lang='grc' dir='ltr'><strong>ιι.</strong></span> 
     </span>
    </p>

    <p class='ocr_par' dir='ltr' id='par_1_6' title="bbox 316 3378 1272 3444">
     <span class='ocr_line' id='line_1_30' title="bbox 316 3378 1272 3444; baseline -0.002 -18"><span class='ocrx_word' id='word_1_214' title='bbox 316 3396 372 3441; x_wconf 82' lang='grc'><strong>9.</strong></span> <span class='ocrx_word' id='word_1_215' title='bbox 417 3379 640 3444; x_wconf 81' lang='lat' dir='ltr'><strong>Tempon&#39;</strong></span> <span class='ocrx_word' id='word_1_216' title='bbox 663 3378 1022 3443; x_wconf 77' lang='lat' dir='ltr'><strong>assignandum.</strong></span> <span class='ocrx_word' id='word_1_217' title='bbox 1070 3378 1272 3439; x_wconf 81' lang='lat' dir='ltr'><strong>Tempus</strong></span> 
     </span>
    </p>
   </div>
   <div class='ocr_carea' id='block_1_6' title="bbox 241 3456 1269 3599">
    <p class='ocr_par' dir='ltr' id='par_1_7' title="bbox 241 3456 1269 3599">
     <span class='ocr_line' id='line_1_31' title="bbox 241 3456 1269 3523; baseline -0.004 -17"><span class='ocrx_word' id='word_1_218' title='bbox 241 3457 533 3523; x_wconf 79' lang='lat' dir='ltr'><strong>plerumque</strong></span> <span class='ocrx_word' id='word_1_219' title='bbox 559 3474 585 3505; x_wconf 88' lang='lat' dir='ltr'><strong>a</strong></span> <span class='ocrx_word' id='word_1_220' title='bbox 613 3458 851 3507; x_wconf 83' lang='lat' dir='ltr'><strong>Cicerone</strong></span> <span class='ocrx_word' id='word_1_221' title='bbox 877 3473 969 3521; x_wconf 88' lang='lat' dir='ltr'><strong>pro</strong></span> <span class='ocrx_word' id='word_1_222' title='bbox 992 3456 1269 3503; x_wconf 80' lang='lat' dir='ltr'><strong>necessitate</strong></span> 
     </span>
     <span class='ocr_line' id='line_1_32' title="bbox 243 3533 1263 3599; baseline -0.002 -17"><span class='ocrx_word' id='word_1_223' title='bbox 243 3536 469 3599; x_wconf 87' lang='lat' dir='ltr'><strong>ponitur,</strong></span> <span class='ocrx_word' id='word_1_224' title='bbox 487 3546 545 3583; x_wconf 83' lang='lat' dir='ltr'><strong>ut</strong></span> <span class='ocrx_word' id='word_1_225' title='bbox 566 3533 663 3582; x_wconf 84' lang='lat' dir='ltr'><strong>hoc</strong></span> <span class='ocrx_word' id='word_1_226' title='bbox 684 3535 796 3583; x_wconf 88' lang='lat' dir='ltr'><strong>loco</strong></span> <span class='ocrx_word' id='word_1_227' title='bbox 821 3551 899 3598; x_wconf 90' lang='lat' dir='ltr'><strong>ep.</strong></span> <span class='ocrx_word' id='word_1_228' title='bbox 928 3533 990 3581; x_wconf 87' lang='lat' dir='ltr'><strong>ad</strong></span> <span class='ocrx_word' id='word_1_229' title='bbox 1016 3534 1124 3580; x_wconf 77' lang='lat' dir='ltr'><strong>Div.</strong></span> <span class='ocrx_word' id='word_1_230' title='bbox 1145 3535 1263 3580; x_wconf 80' lang='lat' dir='ltr'><strong>vn:</strong></span> 
     </span>
    </p>
   </div>
   <div class='ocr_carea' id='block_1_7' title="bbox 223 3611 1270 4234">
    <p class='ocr_par' dir='ltr' id='par_1_8' title="bbox 239 3611 1270 3757">
     <span class='ocr_line' id='line_1_33' title="bbox 239 3611 1270 3679; baseline -0.001 -19"><span class='ocrx_word' id='word_1_231' title='bbox 239 3635 268 3655; x_wconf 76' lang='grc' dir='ltr'><strong>σι</strong></span> <span class='ocrx_word' id='word_1_232' title='bbox 289 3614 527 3679; x_wconf 81' lang='lat' dir='ltr'><strong>Tempori</strong></span> <span class='ocrx_word' id='word_1_233' title='bbox 552 3614 748 3671; x_wconf 87' lang='lat' dir='ltr'><strong>cedere,</strong></span> <span class='ocrx_word' id='word_1_234' title='bbox 787 3611 840 3659; x_wconf 90' lang='lat' dir='ltr'><strong>id</strong></span> <span class='ocrx_word' id='word_1_235' title='bbox 867 3624 935 3660; x_wconf 85' lang='lat' dir='ltr'><strong>est</strong></span> <span class='ocrx_word' id='word_1_236' title='bbox 954 3647 968 3670; x_wconf 87' lang='lat'>‚</span> <span class='ocrx_word' id='word_1_237' title='bbox 999 3612 1270 3660; x_wconf 74' lang='lat' dir='ltr'><strong>necessitati</strong></span> 
     </span>
     <span class='ocr_line' id='line_1_34' title="bbox 239 3690 1266 3757; baseline -0.002 -19"><span class='ocrx_word' id='word_1_238' title='bbox 239 3708 431 3757; x_wconf 81' lang='lat' dir='ltr'><strong>parere,</strong></span> <span class='ocrx_word' id='word_1_239' title='bbox 446 3708 639 3756; x_wconf 83' lang='lat' dir='ltr'><strong>semper</strong></span> <span class='ocrx_word' id='word_1_240' title='bbox 656 3692 883 3755; x_wconf 87' lang='lat' dir='ltr'><strong>sapientis</strong></span> <span class='ocrx_word' id='word_1_241' title='bbox 907 3704 977 3739; x_wconf 86' lang='lat' dir='ltr'><strong>est</strong></span> <span class='ocrx_word' id='word_1_242' title='bbox 993 3690 1208 3738; x_wconf 83' lang='lat' dir='ltr'><strong>habitum</strong></span> <span class='ocrx_word' id='word_1_243' title='bbox 1226 3713 1266 3739; x_wconf 91' lang='grc' dir='ltr'><strong>ιι.</strong></span> 
     </span>
    </p>

    <p class='ocr_par' dir='ltr' id='par_1_9' title="bbox 223 3771 1267 4234">
     <span class='ocr_line' id='line_1_35' title="bbox 322 3771 1267 3835; baseline -0.004 -15"><span class='ocrx_word' id='word_1_244' title='bbox 322 3789 400 3821; x_wconf 80' lang='grc' dir='ltr'><strong>ιο.</strong></span> <span class='ocrx_word' id='word_1_245' title='bbox 430 3773 516 3820; x_wconf 80' lang='lat' dir='ltr'><strong>Ad</strong></span> <span class='ocrx_word' id='word_1_246' title='bbox 540 3771 861 3821; x_wconf 79' lang='lat' dir='ltr'><strong>Auleeem.1d</strong></span> <span class='ocrx_word' id='word_1_247' title='bbox 890 3783 959 3818; x_wconf 88' lang='lat' dir='ltr'><strong>est</strong></span> <span class='ocrx_word' id='word_1_248' title='bbox 976 3771 1188 3835; x_wconf 75' lang='lat' dir='ltr'><strong>‚joteeur</strong></span> <span class='ocrx_word' id='word_1_249' title='bbox 1207 3771 1267 3817; x_wconf 83' lang='lat' dir='ltr'><strong>de</strong></span> 
     </span>
     <span class='ocr_line' id='line_1_36' title="bbox 223 3852 1267 3943; baseline -0.004 -44"><span class='ocrx_word' id='word_1_250' title='bbox 223 3853 382 3919; x_wconf 69' lang='lat' dir='ltr'><strong>fidite.</strong></span> <span class='ocrx_word' id='word_1_251' title='bbox 409 3852 603 3909; x_wconf 88' lang='lat' dir='ltr'><strong>Strabo,</strong></span> <span class='ocrx_word' id='word_1_252' title='bbox 635 3852 721 3900; x_wconf 87' lang='lat' dir='ltr'><strong>lib.</strong></span> <span class='ocrx_word' id='word_1_253' title='bbox 749 3852 1069 3943; x_wconf 82' lang='lat' dir='ltr'><strong>Geographiae</strong></span> <span class='ocrx_word' id='word_1_254' title='bbox 1096 3852 1267 3908; x_wconf 78' lang='lat' dir='ltr'><strong>xvn,</strong></span> 
     </span>
     <span class='ocr_line' id='line_1_37' title="bbox 239 3910 1267 3996; baseline -0.003 -16"><span class='ocrx_word' id='word_1_255' title='bbox 239 3932 303 3980; x_wconf 88' lang='lat' dir='ltr'><strong>de</strong></span> <span class='ocrx_word' id='word_1_256' title='bbox 319 3933 595 3981; x_wconf 65' lang='lat' dir='ltr'><strong>ptolemaeo</strong></span> <span class='ocrx_word' id='word_1_257' title='bbox 602 3932 842 3996; x_wconf 89' lang='lat' dir='ltr'><strong>loquens:</strong></span> <span class='ocrx_word' id='word_1_258' title='bbox 873 3910 1052 3994; x_wconf 69' lang='lat' dir='ltr'><strong>«Qui,</strong></span> <span class='ocrx_word' id='word_1_259' title='bbox 1059 3943 1110 3979; x_wconf 90' lang='lat' dir='ltr'><strong>ut</strong></span> <span class='ocrx_word' id='word_1_260' title='bbox 1137 3931 1267 3978; x_wconf 86' lang='lat' dir='ltr'><strong>illius</strong></span> 
     </span>
     <span class='ocr_line' id='line_1_38' title="bbox 237 4010 1266 4076; baseline -0.003 -18"><span class='ocrx_word' id='word_1_261' title='bbox 237 4012 660 4076; x_wconf 76' lang='lat' dir='ltr'><strong>intemperantiam</strong></span> <span class='ocrx_word' id='word_1_262' title='bbox 690 4023 834 4075; x_wconf 88' lang='lat' dir='ltr'><strong>atque</strong></span> <span class='ocrx_word' id='word_1_263' title='bbox 865 4010 1266 4059; x_wconf 80' lang='lat' dir='ltr'><strong>incontinentiam</strong></span> 
     </span>
     <span class='ocr_line' id='line_1_39' title="bbox 237 4090 1262 4151; baseline -0.001 -14"><span class='ocrx_word' id='word_1_264' title='bbox 237 4091 492 4151; x_wconf 85' lang='lat' dir='ltr'><strong>omittam,</strong></span> <span class='ocrx_word' id='word_1_265' title='bbox 533 4090 787 4138; x_wconf 82' lang='lat' dir='ltr'><strong>tibicinam</strong></span> <span class='ocrx_word' id='word_1_266' title='bbox 823 4104 972 4140; x_wconf 84' lang='lat' dir='ltr'><strong>artem</strong></span> <span class='ocrx_word' id='word_1_267' title='bbox 1013 4090 1262 4149; x_wconf 83' lang='lat' dir='ltr'><strong>exercuit,</strong></span> 
     </span>
     <span class='ocr_line' id='line_1_40' title="bbox 237 4169 1266 4234; baseline -0.002 -18"><span class='ocrx_word' id='word_1_268' title='bbox 237 4170 293 4216; x_wconf 85' lang='lat' dir='ltr'><strong>in</strong></span> <span class='ocrx_word' id='word_1_269' title='bbox 318 4185 417 4232; x_wconf 90' lang='lat' dir='ltr'><strong>quo</strong></span> <span class='ocrx_word' id='word_1_270' title='bbox 447 4171 560 4234; x_wconf 70' lang='lat' dir='ltr'><strong>ipw</strong></span> <span class='ocrx_word' id='word_1_271' title='bbox 589 4179 843 4232; x_wconf 84' lang='lat' dir='ltr'><strong>tantopere</strong></span> <span class='ocrx_word' id='word_1_272' title='bbox 871 4169 1181 4233; x_wconf 74' lang='lat' dir='ltr'><strong>gloriabatur,</strong></span> <span class='ocrx_word' id='word_1_273' title='bbox 1211 4177 1266 4214; x_wconf 86' lang='lat' dir='ltr'><strong>ut</strong></span> 
     </span>
    </p>
   </div>
   <div class='ocr_carea' id='block_1_8' title="bbox 1354 2508 2385 4229">
    <p class='ocr_par' dir='ltr' id='par_1_10' title="bbox 1359 2508 2385 3122">
     <span class='ocr_line' id='line_1_41' title="bbox 1363 2508 2381 2572; baseline -0.001 -17"><span class='ocrx_word' id='word_1_274' title='bbox 1363 2523 1464 2555; x_wconf 91' lang='lat' dir='ltr'><strong>nou</strong></span> <span class='ocrx_word' id='word_1_275' title='bbox 1492 2518 1734 2555; x_wconf 84' lang='lat' dir='ltr'><strong>vereretur</strong></span> <span class='ocrx_word' id='word_1_276' title='bbox 1761 2509 2023 2556; x_wconf 79' lang='lat' dir='ltr'><strong>certamina</strong></span> <span class='ocrx_word' id='word_1_277' title='bbox 2055 2508 2110 2555; x_wconf 86' lang='lat' dir='ltr'><strong>in</strong></span> <span class='ocrx_word' id='word_1_278' title='bbox 2147 2508 2273 2572; x_wconf 80' lang='lat' dir='ltr'><strong>regia</strong></span> <span class='ocrx_word' id='word_1_279' title='bbox 2302 2509 2381 2554; x_wconf 87' lang='lat' dir='ltr'><strong>iu-</strong></span> 
     </span>
     <span class='ocr_line' id='line_1_42' title="bbox 1361 2586 2380 2649; baseline -0.002 -16"><span class='ocrx_word' id='word_1_280' title='bbox 1361 2586 1559 2634; x_wconf 88' lang='lat' dir='ltr'><strong>stituere</strong></span> <span class='ocrx_word' id='word_1_281' title='bbox 1575 2622 1591 2648; x_wconf 85' lang='lat'>‚</span> <span class='ocrx_word' id='word_1_282' title='bbox 1630 2586 1694 2634; x_wconf 91' lang='lat' dir='ltr'><strong>ad</strong></span> <span class='ocrx_word' id='word_1_283' title='bbox 1732 2602 1841 2649; x_wconf 77' lang='lat' dir='ltr'><strong>quae</strong></span> <span class='ocrx_word' id='word_1_284' title='bbox 1881 2586 1984 2648; x_wconf 88' lang='lat' dir='ltr'><strong>ipse</strong></span> <span class='ocrx_word' id='word_1_285' title='bbox 2030 2600 2227 2647; x_wconf 86' lang='lat' dir='ltr'><strong>quoque</strong></span> <span class='ocrx_word' id='word_1_286' title='bbox 2272 2600 2380 2632; x_wconf 89' lang='lat' dir='ltr'><strong>cum</strong></span> 
     </span>
     <span class='ocr_line' id='line_1_43' title="bbox 1361 2663 2385 2728; baseline 0 -16"><span class='ocrx_word' id='word_1_287' title='bbox 1361 2665 1466 2713; x_wconf 85' lang='lat' dir='ltr'><strong>aliis</strong></span> <span class='ocrx_word' id='word_1_288' title='bbox 1484 2674 1752 2712; x_wconf 87' lang='lat' dir='ltr'><strong>certaturus</strong></span> <span class='ocrx_word' id='word_1_289' title='bbox 1770 2663 2028 2712; x_wconf 79' lang='lat' dir='ltr'><strong>accedebat</strong></span> <span class='ocrx_word' id='word_1_290' title='bbox 2044 2686 2088 2711; x_wconf 86' lang='lat'><strong>-.</strong></span> <span class='ocrx_word' id='word_1_291' title='bbox 2112 2664 2209 2709; x_wconf 92' lang='lat' dir='ltr'><strong>Dio</strong></span> <span class='ocrx_word' id='word_1_292' title='bbox 2228 2663 2385 2728; x_wconf 81' lang='lat' dir='ltr'><strong>Chry·</strong></span> 
     </span>
     <span class='ocr_line' id='line_1_44' title="bbox 1361 2740 2377 2803; baseline -0.001 -11"><span class='ocrx_word' id='word_1_293' title='bbox 1361 2755 1605 2793; x_wconf 84' lang='lat' dir='ltr'><strong>sostomus</strong></span> <span class='ocrx_word' id='word_1_294' title='bbox 1621 2779 1636 2803; x_wconf 92' lang='lat'>,</span> <span class='ocrx_word' id='word_1_295' title='bbox 1689 2753 1809 2792; x_wconf 86' lang='lat' dir='ltr'><strong>orat.</strong></span> <span class='ocrx_word' id='word_1_296' title='bbox 1865 2742 1928 2791; x_wconf 89' lang='lat' dir='ltr'><strong>ad</strong></span> <span class='ocrx_word' id='word_1_297' title='bbox 1984 2740 2377 2791; x_wconf 71' lang='lat' dir='ltr'><strong>Alexandrinos:</strong></span> 
     </span>
     <span class='ocr_line' id='line_1_45' title="bbox 1362 2822 2378 2872; baseline 0 -1"><span class='ocrx_word' id='word_1_298' title='bbox 1362 2846 1387 2865; x_wconf 76' lang='grc' dir='ltr'><strong>ιι</strong></span> <span class='ocrx_word' id='word_1_299' title='bbox 1404 2826 1512 2871; x_wconf 86' lang='lat' dir='ltr'><strong>Rex</strong></span> <span class='ocrx_word' id='word_1_300' title='bbox 1534 2836 1693 2872; x_wconf 81' lang='lat' dir='ltr'><strong>vester</strong></span> <span class='ocrx_word' id='word_1_301' title='bbox 1710 2824 1835 2871; x_wconf 83' lang='lat' dir='ltr'><strong>circa</strong></span> <span class='ocrx_word' id='word_1_302' title='bbox 1852 2822 2076 2870; x_wconf 84' lang='lat' dir='ltr'><strong>tibiarum</strong></span> <span class='ocrx_word' id='word_1_303' title='bbox 2091 2832 2260 2868; x_wconf 85' lang='lat' dir='ltr'><strong>cantus</strong></span> <span class='ocrx_word' id='word_1_304' title='bbox 2278 2834 2378 2871; x_wconf 85' lang='lat' dir='ltr'><strong>erat</strong></span> 
     </span>
     <span class='ocr_line' id='line_1_46' title="bbox 1361 2899 2375 2965; baseline -0.002 -15"><span class='ocrx_word' id='word_1_305' title='bbox 1361 2913 1656 2965; x_wconf 85' lang='lat' dir='ltr'><strong>occupatus,</strong></span> <span class='ocrx_word' id='word_1_306' title='bbox 1696 2911 1746 2949; x_wconf 86' lang='lat' dir='ltr'><strong>et</strong></span> <span class='ocrx_word' id='word_1_307' title='bbox 1773 2901 1889 2950; x_wconf 83' lang='lat' dir='ltr'><strong>huic</strong></span> <span class='ocrx_word' id='word_1_308' title='bbox 1915 2900 2001 2948; x_wconf 88' lang='lat' dir='ltr'><strong>uni</strong></span> <span class='ocrx_word' id='word_1_309' title='bbox 2028 2899 2309 2948; x_wconf 83' lang='lat' dir='ltr'><strong>attendebat</strong></span> <span class='ocrx_word' id='word_1_310' title='bbox 2331 2921 2375 2948; x_wconf 85' lang='grc' dir='ltr'><strong>ιι.</strong></span> 
     </span>
     <span class='ocr_line' id='line_1_47' title="bbox 1359 2978 2377 3044; baseline 0 -17"><span class='ocrx_word' id='word_1_311' title='bbox 1359 2981 1492 3028; x_wconf 87' lang='lat' dir='ltr'><strong>Idem</strong></span> <span class='ocrx_word' id='word_1_312' title='bbox 1516 2994 1529 3027; x_wconf 74' lang='grc' dir='ltr'><em>τ</em></span> <span class='ocrx_word' id='word_1_313' title='bbox 1560 3002 1585 3021; x_wconf 79' lang='grc' dir='ltr'><strong>ιι</strong></span> <span class='ocrx_word' id='word_1_314' title='bbox 1604 2980 1691 3028; x_wconf 88' lang='lat' dir='ltr'><strong>Ille</strong></span> <span class='ocrx_word' id='word_1_315' title='bbox 1714 2980 1911 3044; x_wconf 82' lang='lat' dir='ltr'><strong>quidem</strong></span> <span class='ocrx_word' id='word_1_316' title='bbox 1930 2995 2106 3027; x_wconf 86' lang='lat' dir='ltr'><strong>canens</strong></span> <span class='ocrx_word' id='word_1_317' title='bbox 2126 2978 2268 3037; x_wconf 85' lang='lat' dir='ltr'><strong>tibia,</strong></span> <span class='ocrx_word' id='word_1_318' title='bbox 2290 2996 2377 3028; x_wconf 84' lang='lat' dir='ltr'><strong>vos</strong></span> 
     </span>
     <span class='ocr_line' id='line_1_48' title="bbox 1359 3058 2376 3122; baseline 0.001 -15"><span class='ocrx_word' id='word_1_319' title='bbox 1359 3070 1518 3107; x_wconf 83' lang='lat' dir='ltr'><strong>autem</strong></span> <span class='ocrx_word' id='word_1_320' title='bbox 1538 3059 1762 3106; x_wconf 79' lang='lat' dir='ltr'><strong>saltantes</strong></span> <span class='ocrx_word' id='word_1_321' title='bbox 1781 3060 2021 3107; x_wconf 82' lang='lat' dir='ltr'><strong>civitatem</strong></span> <span class='ocrx_word' id='word_1_322' title='bbox 2043 3058 2317 3122; x_wconf 78' lang='lat' dir='ltr'><strong>perdidistis</strong></span> <span class='ocrx_word' id='word_1_323' title='bbox 2333 3083 2376 3108; x_wconf 82' lang='grc' dir='ltr'><strong>ιι.</strong></span> 
     </span>
    </p>

    <p class='ocr_par' dir='ltr' id='par_1_11' title="bbox 1354 3136 2381 3993">
     <span class='ocr_line' id='line_1_49' title="bbox 1437 3136 2381 3201; baseline 0.001 -16"><span class='ocrx_word' id='word_1_324' title='bbox 1437 3153 1457 3185; x_wconf 91' lang='lat'>1</span> <span class='ocrx_word' id='word_1_325' title='bbox 1473 3155 1492 3184; x_wconf 87' lang='lat'>1</span> <span class='ocrx_word' id='word_1_326' title='bbox 1506 3174 1517 3185; x_wconf 88' lang='lat'><strong>.</strong></span> <span class='ocrx_word' id='word_1_327' title='bbox 1541 3136 1954 3201; x_wconf 75' lang='lat' dir='ltr'><strong>Dispensationem</strong></span> <span class='ocrx_word' id='word_1_328' title='bbox 1973 3137 2175 3200; x_wconf 75' lang='lat' dir='ltr'><strong>regiam.</strong></span> <span class='ocrx_word' id='word_1_329' title='bbox 2197 3138 2381 3186; x_wconf 88' lang='lat' dir='ltr'><strong>Notan-</strong></span> 
     </span>
     <span class='ocr_line' id='line_1_50' title="bbox 1359 3215 2377 3281; baseline 0.004 -18"><span class='ocrx_word' id='word_1_330' title='bbox 1359 3215 1476 3263; x_wconf 89' lang='lat' dir='ltr'><strong>dum</strong></span> <span class='ocrx_word' id='word_1_331' title='bbox 1519 3216 1618 3264; x_wconf 87' lang='lat' dir='ltr'><strong>hoc</strong></span> <span class='ocrx_word' id='word_1_332' title='bbox 1662 3216 1775 3264; x_wconf 83' lang='lat' dir='ltr'><strong>loco</strong></span> <span class='ocrx_word' id='word_1_333' title='bbox 1824 3215 2231 3281; x_wconf 82' lang='lat' dir='ltr'><strong>dispensationem</strong></span> <span class='ocrx_word' id='word_1_334' title='bbox 2277 3235 2377 3267; x_wconf 87' lang='lat' dir='ltr'><strong>nou</strong></span> 
     </span>
     <span class='ocr_line' id='line_1_51' title="bbox 1358 3294 2373 3360; baseline 0.004 -18"><span class='ocrx_word' id='word_1_335' title='bbox 1358 3296 1515 3343; x_wconf 87' lang='lat' dir='ltr'><strong>solnm</strong></span> <span class='ocrx_word' id='word_1_336' title='bbox 1544 3294 1751 3358; x_wconf 79' lang='lat' dir='ltr'><strong>intelligi</strong></span> <span class='ocrx_word' id='word_1_337' title='bbox 1780 3295 1840 3343; x_wconf 92' lang='lat' dir='ltr'><strong>de</strong></span> <span class='ocrx_word' id='word_1_338' title='bbox 1866 3297 2096 3360; x_wconf 86' lang='lat' dir='ltr'><strong>pecunia,</strong></span> <span class='ocrx_word' id='word_1_339' title='bbox 2122 3297 2206 3344; x_wconf 88' lang='lat' dir='ltr'><strong>sed</strong></span> <span class='ocrx_word' id='word_1_340' title='bbox 2233 3300 2373 3347; x_wconf 88' lang='lat' dir='ltr'><strong>etiam</strong></span> 
     </span>
     <span class='ocr_line' id='line_1_52' title="bbox 1358 3374 2376 3440; baseline 0.003 -17"><span class='ocrx_word' id='word_1_341' title='bbox 1358 3376 1417 3423; x_wconf 90' lang='lat' dir='ltr'><strong>de</strong></span> <span class='ocrx_word' id='word_1_342' title='bbox 1441 3377 1682 3423; x_wconf 78' lang='lat' dir='ltr'><strong>frumento</strong></span> <span class='ocrx_word' id='word_1_343' title='bbox 1697 3411 1711 3431; x_wconf 91' lang='lat'>‚</span> <span class='ocrx_word' id='word_1_344' title='bbox 1737 3374 1798 3423; x_wconf 93' lang='lat' dir='ltr'><strong>de</strong></span> <span class='ocrx_word' id='word_1_345' title='bbox 1822 3392 1875 3422; x_wconf 90' lang='lat' dir='ltr'><strong>re</strong></span> <span class='ocrx_word' id='word_1_346' title='bbox 1896 3377 2120 3440; x_wconf 83' lang='lat' dir='ltr'><strong>pecuaria</strong></span> <span class='ocrx_word' id='word_1_347' title='bbox 2145 3388 2195 3425; x_wconf 85' lang='lat' dir='ltr'><strong>et</strong></span> <span class='ocrx_word' id='word_1_348' title='bbox 2211 3380 2376 3425; x_wconf 86' lang='lat' dir='ltr'><strong>omui-</strong></span> 
     </span>
     <span class='ocr_line' id='line_1_53' title="bbox 1356 3454 2376 3520; baseline 0.005 -18"><span class='ocrx_word' id='word_1_349' title='bbox 1356 3455 1448 3503; x_wconf 88' lang='lat' dir='ltr'><strong>bus</strong></span> <span class='ocrx_word' id='word_1_350' title='bbox 1474 3454 1633 3503; x_wconf 90' lang='lat' dir='ltr'><strong>bonis.</strong></span> <span class='ocrx_word' id='word_1_351' title='bbox 1660 3482 1731 3490; x_wconf 94' lang='lat'>—</span> <span class='ocrx_word' id='word_1_352' title='bbox 1756 3455 1975 3520; x_wconf 77' lang='lat' dir='ltr'><strong>Regiam.</strong></span> <span class='ocrx_word' id='word_1_353' title='bbox 2003 3456 2189 3505; x_wconf 85' lang='lat' dir='ltr'><strong>Ernest.</strong></span> <span class='ocrx_word' id='word_1_354' title='bbox 2215 3459 2376 3507; x_wconf 86' lang='lat' dir='ltr'><strong>mallet</strong></span> 
     </span>
     <span class='ocr_line' id='line_1_54' title="bbox 1357 3532 2377 3601; baseline 0.002 -20"><span class='ocrx_word' id='word_1_355' title='bbox 1357 3535 1524 3599; x_wconf 58' lang='grc' dir='ltr'><strong>κείω.</strong></span> <span class='ocrx_word' id='word_1_356' title='bbox 1561 3535 1735 3583; x_wconf 88' lang='lat' dir='ltr'><strong>Censet</strong></span> <span class='ocrx_word' id='word_1_357' title='bbox 1769 3532 1953 3582; x_wconf 60' lang='lat' dir='ltr'><strong>Vl&#39;eisk.</strong></span> <span class='ocrx_word' id='word_1_358' title='bbox 1992 3535 2193 3582; x_wconf 84' lang='lat' dir='ltr'><strong>verbum</strong></span> <span class='ocrx_word' id='word_1_359' title='bbox 2229 3537 2377 3601; x_wconf 76' lang='lat' dir='ltr'><strong>regia·</strong></span> 
     </span>
     <span class='ocr_line' id='line_1_55' title="bbox 1356 3614 2374 3678; baseline 0.002 -18"><span class='ocrx_word' id='word_1_360' title='bbox 1356 3614 1670 3678; x_wconf 84' lang='lat' dir='ltr'><strong>ambiguum,</strong></span> <span class='ocrx_word' id='word_1_361' title='bbox 1694 3614 1828 3677; x_wconf 89' lang='lat' dir='ltr'><strong>quod</strong></span> <span class='ocrx_word' id='word_1_362' title='bbox 1864 3614 2129 3678; x_wconf 80' lang='lat' dir='ltr'><strong>intelligere</strong></span> <span class='ocrx_word' id='word_1_363' title='bbox 2177 3626 2374 3678; x_wconf 83' lang='lat' dir='ltr'><strong>possent</strong></span> 
     </span>
     <span class='ocr_line' id='line_1_56' title="bbox 1357 3693 2373 3757; baseline -0.002 -17"><span class='ocrx_word' id='word_1_364' title='bbox 1357 3693 1767 3757; x_wconf 84' lang='lat' dir='ltr'><strong>dispensationem</strong></span> <span class='ocrx_word' id='word_1_365' title='bbox 1809 3710 1968 3741; x_wconf 84' lang='lat' dir='ltr'><strong>rerum</strong></span> <span class='ocrx_word' id='word_1_366' title='bbox 2010 3695 2061 3740; x_wconf 89' lang='lat' dir='ltr'><strong>in</strong></span> <span class='ocrx_word' id='word_1_367' title='bbox 2102 3695 2210 3742; x_wconf 85' lang='lat' dir='ltr'><strong>aula</strong></span> <span class='ocrx_word' id='word_1_368' title='bbox 2246 3695 2373 3757; x_wconf 83' lang='lat' dir='ltr'><strong>regia</strong></span> 
     </span>
     <span class='ocr_line' id='line_1_57' title="bbox 1354 3770 2373 3836; baseline -0.001 -17"><span class='ocrx_word' id='word_1_369' title='bbox 1354 3774 1745 3819; x_wconf 81' lang='lat' dir='ltr'><strong>necessariarum.</strong></span> <span class='ocrx_word' id='word_1_370' title='bbox 1768 3770 2036 3820; x_wconf 84' lang='lat' dir='ltr'><strong>Commode</strong></span> <span class='ocrx_word' id='word_1_371' title='bbox 2061 3783 2219 3820; x_wconf 88' lang='lat' dir='ltr'><strong>autem</strong></span> <span class='ocrx_word' id='word_1_372' title='bbox 2241 3771 2373 3836; x_wconf 76' lang='lat' dir='ltr'><strong>regia</strong></span> 
     </span>
     <span class='ocr_line' id='line_1_58' title="bbox 1356 3849 2372 3914; baseline 0.002 -20"><span class='ocrx_word' id='word_1_373' title='bbox 1356 3849 1650 3912; x_wconf 81' lang='lat' dir='ltr'><strong>dispensatio</strong></span> <span class='ocrx_word' id='word_1_374' title='bbox 1689 3862 1851 3912; x_wconf 88' lang='lat' dir='ltr'><strong>potest</strong></span> <span class='ocrx_word' id='word_1_375' title='bbox 1877 3850 1974 3898; x_wconf 87' lang='lat' dir='ltr'><strong>dici</strong></span> <span class='ocrx_word' id='word_1_376' title='bbox 2002 3866 2094 3914; x_wconf 85' lang='lat' dir='ltr'><strong>pro</strong></span> <span class='ocrx_word' id='word_1_377' title='bbox 2125 3849 2372 3913; x_wconf 81' lang='lat' dir='ltr'><strong>dispensa-</strong></span> 
     </span>
     <span class='ocr_line' id='line_1_59' title="bbox 1354 3927 2314 3993; baseline 0.002 -18"><span class='ocrx_word' id='word_1_378' title='bbox 1354 3927 1491 3975; x_wconf 87' lang='lat' dir='ltr'><strong>tione</strong></span> <span class='ocrx_word' id='word_1_379' title='bbox 1510 3943 1667 3974; x_wconf 87' lang='lat' dir='ltr'><strong>rerum</strong></span> <span class='ocrx_word' id='word_1_380' title='bbox 1686 3927 1749 3974; x_wconf 86' lang='lat' dir='ltr'><strong>ad</strong></span> <span class='ocrx_word' id='word_1_381' title='bbox 1771 3943 1929 3991; x_wconf 80' lang='lat' dir='ltr'><strong>regem</strong></span> <span class='ocrx_word' id='word_1_382' title='bbox 1953 3930 2314 3993; x_wconf 83' lang='lat' dir='ltr'><strong>pertinentium.</strong></span> 
     </span>
    </p>

    <p class='ocr_par' dir='ltr' id='par_1_12' title="bbox 1354 4007 2373 4134">
     <span class='ocr_line' id='line_1_60' title="bbox 1432 4007 2373 4056; baseline 0.001 -4"><span class='ocrx_word' id='word_1_383' title='bbox 1432 4022 1510 4054; x_wconf 80' lang='lat'><strong>12.</strong></span> <span class='ocrx_word' id='word_1_384' title='bbox 1546 4007 1684 4053; x_wconf 77' lang='lat' dir='ltr'><strong>Esset</strong></span> <span class='ocrx_word' id='word_1_385' title='bbox 1717 4008 2013 4056; x_wconf 77' lang='lat' dir='ltr'><strong>constitutus.</strong></span> <span class='ocrx_word' id='word_1_386' title='bbox 2054 4009 2289 4055; x_wconf 85' lang='lat' dir='ltr'><strong>Patricius</strong></span> <span class='ocrx_word' id='word_1_387' title='bbox 2326 4019 2373 4054; x_wconf 87' lang='lat' dir='ltr'><strong>et</strong></span> 
     </span>
     <span class='ocr_line' id='line_1_61' title="bbox 1354 4073 2187 4134; baseline -0.001 0"><span class='ocrx_word' id='word_1_388' title='bbox 1354 4086 1539 4134; x_wconf 82' lang='lat' dir='ltr'><strong>Weisk.</strong></span> <span class='ocrx_word' id='word_1_389' title='bbox 1564 4085 1750 4133; x_wconf 84' lang='lat' dir='ltr'><strong>malunt</strong></span> <span class='ocrx_word' id='word_1_390' title='bbox 1775 4098 1861 4133; x_wconf 81' lang='lat' dir='ltr'><strong>est.</strong></span> <span class='ocrx_word' id='word_1_391' title='bbox 2182 4073 2187 4078; x_wconf 44' lang='lat'><em>⁶</em></span> 
     </span>
    </p>

    <p class='ocr_par' dir='ltr' id='par_1_13' title="bbox 1428 4164 2369 4229">
     <span class='ocr_line' id='line_1_62' title="bbox 1428 4164 2369 4229; baseline -0.004 -15"><span class='ocrx_word' id='word_1_392' title='bbox 1428 4182 1448 4213; x_wconf 80' lang='grc' dir='ltr'><strong>ι</strong></span> <span class='ocrx_word' id='word_1_393' title='bbox 1461 4165 1488 4214; x_wconf 84' lang='grc'><strong>3</strong></span> <span class='ocrx_word' id='word_1_394' title='bbox 1499 4201 1512 4214; x_wconf 93' lang='grc'><strong>.</strong></span> <span class='ocrx_word' id='word_1_395' title='bbox 1525 4166 1806 4214; x_wconf 71' lang='lat' dir='ltr'><strong>Hor-eretur.</strong></span> <span class='ocrx_word' id='word_1_396' title='bbox 1816 4167 2119 4229; x_wconf 79' lang='lat' dir='ltr'><strong>Responsum</strong></span> <span class='ocrx_word' id='word_1_397' title='bbox 2135 4166 2229 4212; x_wconf 85' lang='lat' dir='ltr'><strong>hoc</strong></span> <span class='ocrx_word' id='word_1_398' title='bbox 2242 4164 2369 4212; x_wconf 87' lang='lat' dir='ltr'><strong>idem</strong></span> 
     </span>
    </p>
   </div>
   <div class='ocr_carea' id='block_1_9' title="bbox 2022 4275 2130 4342">
    <p class='ocr_par' dir='ltr' id='par_1_14' title="bbox 2022 4275 2130 4342">
     <span class='ocr_line' id='line_1_63' title="bbox 2022 4275 2130 4342; baseline 0 -26"><span class='ocrx_word' id='word_1_399' title='bbox 2022 4275 2130 4342; x_wconf 75' lang='lat'><strong>29.</strong></span> 
     </span>
    </p>
   </div>
  </div>
 </body>
</html>
