2994 4778
634 416 1016 483 ORATIO
1063 418 1264 484 PRO
1312 419 1386 484 P.
1438 417 1834 489 SEXTIO.
2187 419 2277 494 35

195 535 325 605 alte
366 535 673 631 repetita
736 536 941 622 velit,
1004 551 1130 607 aut
1188 535 1366 632 quid
1423 535 1512 606 ad
1572 541 1645 607 P.
1702 542 1916 611 Sextii
1970 566 2290 632 causam,

198 669 427 715 eorum
459 700 481 731 ,
544 648 672 741 qui
727 659 890 714 ante
946 644 1160 739 hujus
1223 644 1664 715 tribunatum
1695 657 1721 701 ⁷
1782 649 2289 745 rempublicam

198 769 567 837 vexarunt,
602 753 860 824 delicta
905 757 1327 851 pertineant.
1365 754 1543 824 Mihi
1579 770 1821 825 autem
1860 755 1998 827 hoc
2033 784 2288 857 propo·

193 865 389 933 situm
439 876 554 932 est
604 862 1013 948 ostendere,
1056 863 1296 932 omnia
1343 862 1636 933 consilia
1677 868 1750 934 P.
1800 868 2054 952 Sextii,
2089 895 2291 941 men·

192 985 475 1066 temque
518 972 741 1040 totius
785 969 1189 1040 tribunatus
1228 969 1414 1040 hanc
1454 969 1711 1058 fuisse,
1773 988 1852 1043 ut
1900 972 2172 1045 asssictae
2220 994 2289 1049 et

190 1079 479 1175 perditae
509 1077 955 1175 reipublicae,
991 1092 1342 1174 quantum
1373 1094 1640 1176 posset,
1678 1080 2108 1154 mederetur.
2151 1088 2289 1172 Ac,

191 1191 244 1257 si
291 1189 363 1257 in
421 1186 870 1284 exponendis
916 1186 1333 1257 vulneribus
1386 1187 1525 1257 illis
1572 1187 1662 1258 de
1712 1213 1826 1258 me
1885 1193 2046 1287 ipso
2090 1192 2297 1289 plura

194 1296 419 1367 dicere
461 1296 804 1381 videbor,
856 1297 1217 1391 ignoscite.
1282 1300 1460 1368 Nam
1513 1310 1586 1366 et
1635 1296 1823 1366 illam
1878 1322 2107 1369 meam
2161 1303 2299 1373 cla-

196 1405 345 1476 dem
371 1401 401 1446 8
450 1429 583 1474 vos
626 1420 698 1473 et
735 1428 987 1474 omnes
1037 1403 1212 1475 boni
1262 1406 1651 1474 maximum
1696 1431 1846 1478 esse
1886 1410 2297 1506 reipublicae

197 1513 445 1583 vulnus
468 1512 874 1606 judicastis;
904 1528 975 1583 et
1005 1517 1075 1583 P.
1110 1517 1387 1584 Sextius
1420 1529 1526 1585 est
1559 1538 1754 1601 reus,
1787 1539 1934 1586 non
1963 1543 2096 1588 suo
2116 1573 2135 1606 ,
2172 1521 2297 1592 sed

199 1647 348 1693 meo
384 1622 776 1692 nominee:
818 1624 944 1717 qui
980 1646 1205 1717 quum
1243 1645 1533 1693 omnem
1572 1625 1709 1691 vim
1745 1627 1853 1695 sui
1891 1625 2297 1700 tribunatus

199 1732 265 1799 in
294 1754 453 1799 mea
491 1729 720 1800 salute
765 1734 1285 1826 consumpserit
1312 1783 1330 1816 ‚
1371 1755 1658 1802 necesse
1694 1749 1838 1821 est,
1875 1759 2103 1806 meam
2137 1762 2295 1809 cau·

200 1863 330 1909 sam
392 1840 733 1935 praeteriti
794 1841 1130 1934 temporis
1182 1863 1345 1909 cum
1408 1839 1624 1933 hujus
1672 1844 1999 1937 praesenti
2053 1844 2293 1919 defen..

199 1948 384 2016 sione
420 1971 580 2016 esse
619 1947 1103 2041 conjunctam.

282 2059 470 2125 XIV.
511 2059 678 2124 Erat
708 2058 924 2151 igitur
948 2057 1022 2124 in
1051 2055 1246 2126 luctu
1281 2071 1593 2141 senatus;
1632 2057 2006 2152 squalebat
2031 2064 2294 2151 civitas,

196 2164 482 2260 publico
515 2165 817 2234 consilio
855 2178 1121 2234 mutata
1148 2177 1374 2248 veste3
1405 2162 1681 2233 nullum
1713 2179 1863 2234 erat
1895 2167 2109 2238 Italiae
2142 2194 2294 2240 mu»

197 2277 530 2371 nicipium
559 2328 581 2357 ‚
650 2273 849 2343 nulla
914 2274 1193 2344 colonia
1223 2327 1243 2356 ,
1306 2273 1497 2343 nulla
1566 2271 1984 2369 praesectura
2015 2327 2035 2360 ,
2103 2278 2298 2350 nulla

195 2387 427 2453 Romae
478 2386 782 2455 socie-tas
817 2383 1268 2480 ,vectigalium
1292 2381 1652 2469 ¹‚·nullum
1690 2382 2060 2482 collegium
2081 2398 2136 2474 ²,
2171 2405 2295 2461 aut

192 2493 569 2562 concilium
592 2547 614 2579 ,
650 2506 775 2564 aut
809 2493 1107 2562 omnino
1145 2491 1438 2587 aliquod
1465 2515 1848 2561 commune
1890 2495 2294 2586 consilium,

192 2599 389 2696 quod
430 2615 585 2670 tum
626 2625 777 2671 nou
819 2600 1533 2674 honorificentissime
1566 2599 1990 2672 decrevisset
2018 2601 2109 2672 de
2138 2628 2294 2675 mea

193 2709 465 2780 salute:
518 2734 748 2805 quum
799 2708 1040 2779 subito
1096 2708 1387 2779 edicunt
1440 2707 1588 2778 duo
1653 2709 2022 2795 consules,
2076 2727 2159 2782 ut
2205 2712 2293 2784 ad

192 2840 402 2886 suum
474 2820 807 2888 vestitum
874 2831 1233 2896 senatores
1299 2817 1636 2890 redirent.
1709 2820 1888 2908 Quis
1951 2845 2292 2917 umquam

192 2926 443 2996 consul
476 2941 803 2996 senatum
832 2928 1052 3022 ipsius
1078 2926 1381 2998 decretis
1409 2950 1657 3024 parere
1686 2926 2098 3021 prohibuit?
2134 2934 2295 3028 quis

192 3048 539 3129 tyrannus
575 3038 870 3106 miseros
912 3035 1153 3133 lugere
1196 3037 1473 3107 vetuit?
1513 3041 1864 3107 Parumne
1911 3053 2056 3123 est,
2095 3042 2293 3127 Piso,

260 3254 309 3296 7.
362 3238 499 3284 Ante
541 3234 682 3298 husen
724 3236 1030 3284 tribunatum.
1075 3234 1200 3296 Quia
1356 3235 1495 3282 XIV.
1532 3249 1575 3280 ι.
1611 3232 1821 3282 Societas
1847 3233 2170 3299 vectigalium.
2207 3238 2296 3285 So·

192 3314 424 3362 Gabinius
467 3329 602 3364 anno
645 3326 758 3362 ante
775 3348 793 3372 ‚
828 3331 972 3378 qusru
1011 3313 1201 3364 sextiu-
1286 3314 1481 3362 cietstes
1501 3326 1692 3369 eorum,
1715 3314 1799 3375 qni
1825 3313 2072 3376 vectigalia
2095 3315 2296 3364 redime-

195 3393 407 3443 tribuum
434 3393 506 3457 pl.
536 3392 652 3453 suit,
676 3393 978 3440 consulatum
1005 3392 1165 3455 gessit.
1286 3391 1428 3450 bant,
1454 3391 1669 3453 equitnm
1694 3406 1818 3438 rom.
1839 3407 2005 3440 omnes
2029 3380 2178 3440 eram.

258 3473 306 3520 8.
347 3470 495 3520 Illam
529 3486 689 3525 meam
730 3470 934 3518 cladem.
974 3470 1201 3542 Injurism
1359 3484 1409 3517 α.
1427 3469 1624 3515 Nullum
1641 3469 1911 3532 collegium.
1927 3472 2001 3518 De
2015 3472 2295 3520 societatum

195 3550 484 3614 iniquissima
503 3548 667 3596 Clodii
683 3547 787 3612 lege
806 3548 1003 3596 ilhtsm.
1286 3547 1453 3594 harum
1471 3562 1644 3609 genere
1661 3548 1773 3596 vide
1790 3565 1881 3612 pro
1902 3550 2045 3596 Dom.
2070 3565 2178 3613 cap.
2198 3553 2262 3598 28
2277 3584 2292 3608 ,

258 3644 303 3688 9.
328 3630 445 3675 Non
474 3642 566 3672 suo
585 3660 602 3682 ‚
631 3625 721 3672 sed
740 3641 846 3673 meo
863 3624 1070 3673 nomiae.
1088 3625 1205 3673 Non
1287 3625 1340 3671 in
1371 3641 1468 3688 quo
1506 3625 1709 3688 legitur:
1746 3650 1771 3668 e·
1789 3627 1989 3676 Nullum
2015 3638 2086 3675 est
2127 3630 2176 3674 in
2207 3629 2298 3676 hac

196 3706 323 3764 quod
359 3707 460 3770 ipse
499 3703 792 3768 deliquerit,
836 3702 924 3750 sed
961 3700 1094 3766 quod
1127 3717 1204 3748 me
1288 3702 1406 3750 urbe
1427 3702 1711 3766 collegium,
1738 3705 1861 3751 nulli
1877 3706 2049 3769 pagani
2068 3718 2150 3753 sut
2168 3722 2300 3756 mon-

195 3781 355 3845 inique
387 3783 583 3847 pulsnm
619 3781 901 3830 restitnerit.
939 3781 1205 3828 Accusatur
1289 3782 1389 3827 tani
1420 3780 1681 3844 (quonism
1708 3782 1840 3844 plebi
1876 3799 2070 3845 qnoque
2103 3783 2298 3831 nrbanae

195 3858 329 3905 euim
350 3877 373 3908 a
395 3861 510 3908 meis
535 3860 784 3920 inimicis,
812 3874 916 3906 non
945 3858 1077 3921 qnod
1101 3858 1203 3923 ipse
1290 3859 1493 3917 maJ'ores
1523 3859 1675 3906 nostri
1712 3860 2047 3908 conv-ticoh
2085 3870 2134 3924 et
2165 3865 2302 3923 quasi

192 3949 369 3985 eontra
390 3939 508 4004 leges
536 3937 728 4003 aliquid
761 3935 1083 3993 commiserit,
1119 3935 1205 3984 sed
1292 3935 1496 3982 concilia
1544 3952 1644 3983 esse
1697 3936 2015 4001 voluerunt),
2061 3939 2146 4001 qui
2197 3956 2297 3987 non

194 4014 332 4075 quod
364 4017 412 4064 in
443 4018 694 4067 tribunatu
728 4016 791 4064 de
818 4030 921 4062 mea
952 4014 1101 4061 salute
1136 4014 1204 4060 h·
1292 4012 1580 4076 amplissime
1607 4029 1707 4061 non
1733 4015 1882 4062 tnodo
1906 4014 1966 4062 de
1990 4017 2141 4064 salute
2169 4033 2272 4072 mea
2290 4050 2304 4074 ‚

194 4090 389 4143 boran-ig,
1297 4089 1378 4136 sed
1407 4089 1548 4137 etiam
1573 4090 1633 4138 de
1659 4091 1890 4154 dignitate
1907 4080 2204 4144 decreverint
2225 4115 2268 4139 a.

1950 4174 2011 4243 3.
