2994 4778
622 420 757 493 186

1253 422 1349 488 M.
1402 422 1479 489 T.
1534 385 2102 490 cicssssoms

610 544 766 612 istis
802 535 1208 613 sodalium⁶
1244 564 1329 610 ac
1364 541 1841 636 sequestrium
1876 537 2270 635 (quoniam
2298 536 2445 610 huc
2467 539 2733 634 incidi)

613 650 938 724 similiter
999 646 1595 747 respondendum
1659 663 1911 746 putem
1939 659 1990 718 ⁷.
2066 650 2483 745 Numquam
2544 652 2738 720 enim

611 774 761 831 tam
793 758 1062 831 Coelius
1097 782 1343 828 amens
1381 758 1661 842 fuisset,
1695 771 1815 843 ut,
1860 758 1923 827 si
1966 780 2043 829 se
2083 757 2225 827 isto
2261 755 2543 829 infinito
2582 783 2740 830 am-

612 866 775 939 bitu
814 865 1436 955 commaculasset,
1479 864 1794 937 ambitus
1838 865 2142 943 alterum
2180 850 2580 956 accinat-et}
2623 893 2746 965 ne-

616 1002 762 1075 que
805 978 960 1072 ejus
998 974 1163 1048 facti
1201 980 1276 1047 in
1319 977 1546 1048 altero
1590 976 2072 1074 suspicionem
2111 990 2497 1073 quaereret,
2533 979 2746 1073 cujus

619 1087 773 1184 ipse
828 1086 970 1158 sibi
1022 1100 1451 1184 perpetuam
1496 1086 1863 1158 licentiam
1911 1098 2231 1182 optaret;
2269 1109 2451 1170 nec,
2497 1091 2555 1157 si
2605 1085 2747 1157 sibi

619 1196 841 1268 semel
892 1195 1295 1293 periculum
1351 1194 1664 1268 ambitus
1715 1192 2178 1267 subeundum
2225 1209 2549 1292 putaret,
2587 1196 2747 1293 ipse

617 1305 923 1377 alterum
979 1306 1241 1377 iterum
1298 1305 1613 1378 ambitus
1662 1307 1962 1378 crimine
2013 1299 2468 1376 arcesseret&
2523 1305 2746 1396 Quod

620 1438 1061 1513 quamquam
1111 1439 1246 1488 nec
1292 1420 1678 1514 sapienter,
1727 1429 1800 1486 et
1834 1438 1952 1485 me
1998 1415 2224 1485 invito
2253 1411 2423 1484 facit
2445 1467 2467 1499 ,
2501 1428 2746 1486 tamen

619 1541 726 1597 est
770 1526 1128 1620 ejusmodi
1188 1524 1547 1623 cupidinis
1565 1535 1625 1614 9,
1677 1538 1761 1595 ut
1807 1525 2032 1621 magis
2077 1524 2408 1595 insectari
2453 1524 2749 1595 alterius

620 1636 1111 1706 innocentiam
1130 1688 1151 1721 ,
1186 1658 1405 1730 quam
1441 1634 1534 1705 de
1571 1657 1649 1706 se
1687 1632 1940 1705 timide
1973 1633 2283 1729 cogitare
2315 1632 2665 1705 videatur.

714 1747 897 1815 Nam
943 1740 1143 1838 quod
1184 1767 1279 1814 aes
1314 1742 1631 1816 alienum
1670 1742 2038 1839 objectum
2080 1757 2225 1830 est,
2266 1757 2600 1841 sumptus
2619 1767 2750 1816 ,re-

620 1851 1000 1949 prehensi,
1050 1851 1310 1922 tabulae
1356 1851 1735 1949 flagitatae:
1775 1850 2046 1940 videte,
2087 1875 2313 1948 quam
2359 1876 2588 1949 pauca
2635 1876 2750 1923 re-

620 1960 1039 2059 spondeam.
1092 1961 1453 2047 Tabulas,
1476 1964 1603 2057 qui
1645 1962 1721 2031 in
1756 1964 1980 2059 patris
2013 1973 2364 2058 potestate
2401 1974 2541 2047 est,
2583 1959 2751 2030 nul-

622 2070 724 2140 las
795 2069 1084 2142 conficit
1117 2083 1200 2141 ¹⁰.
1270 2076 1663 2142 Versuram
1742 2094 2141 2167 numquam
2213 2070 2515 2140 omnino
2583 2067 2758 2139 fecit

621 2180 951 2251 ullam¹¹.
1005 2184 1350 2278 Sumptus
1395 2182 1613 2251 unius
1664 2183 1944 2278 generis
1992 2179 2323 2275 objectus
2360 2193 2510 2266 est,
2550 2176 2757 2249 habi.

624 2289 913 2359 tationis
956 2315 972 2358 ε
1023 2292 1312 2386 triginta
1370 2289 1778 2361 millibus¹²
1843 2290 2117 2361 dixistis
2176 2314 2347 2360 eum
2404 2287 2755 2360 habitam.

620 2421 867 2486 ingenium
883 2455 898 2479 ,
917 2432 971 2469 et
994 2420 1373 2471 adolescentiam
1406 2423 1642 2487 praeclaro

622 2515 770 2565 opere
792 2501 1086 2566 auspicatus.
1310 2512 1315 2517 ·

689 2580 1021 2631 &Sodaliunm
1043 2582 1224 2629 Eomm
1251 2581 1337 2644 qui
1365 2582 1642 2629 societatem

618 2674 728 2708 cum
749 2660 857 2724 ipso
874 2660 1097 2719 inierant,
1116 2671 1173 2707 ut
1186 2658 1414 2721 suffragia
1427 2673 1645 2707 eormm·

618 2751 807 2803 petent.
853 2743 956 2788 Lex
999 2740 1179 2786 Licinia
1214 2738 1310 2784 lata
1357 2748 1430 2785 est
1472 2747 1642 2784 contra

620 2818 840 2867 sodalitia
854 2853 867 2876 ,
891 2818 943 2865 id
961 2828 1058 2875 est,
1082 2818 1316 2864 coitiones
1336 2831 1444 2880 quse
1462 2814 1644 2864 [iebant

618 2897 682 2945 ad
707 2896 1062 2961 corrumpenda
1088 2895 1335 2958 suffragia.
1370 2922 1442 2931 ——
1464 2897 1645 2958 Seque-

619 2975 806 3024 stn'um.
832 2976 920 3022 Per
942 2986 1208 3038 sequestres
1229 2974 1308 3021 vel
1328 2989 1644 3037 corrumpen-

620 3054 790 3102 darum
811 3053 1024 3103 tribuum
1047 3053 1373 3102 conductores
1390 3052 1642 3118 iutelligit,

622 3133 698 3181 vel
730 3150 818 3183 eos
842 3134 929 3198 qui
954 3145 1198 3197 tamquam
1222 3133 1513 3181 mediatores
1529 3168 1545 3192 ,
1588 3144 1645 3181 ut

618 3213 688 3260 sie
711 3213 901 3277 loquar,
921 3230 972 3261 se
989 3214 1175 3261 medios
1200 3214 1566 3278 interponerent
1581 3211 1646 3260 ad

620 3290 834 3339 favorem
863 3293 1036 3356 populi
1063 3303 1110 3339 et
1145 3293 1346 3355 gratiam
1377 3292 1647 3340 candidatis

620 3370 976 3432 aucupandam.
996 3369 1131 3433 quod
1150 3380 1309 3417 tamen
1331 3371 1523 3416 crimini
1546 3385 1646 3417 nou

622 3448 767 3493 fuisse
783 3458 976 3495 constat
990 3481 1005 3505 ‚
1030 3448 1072 3493 si
1091 3464 1118 3494 a
1139 3445 1477 3510 largitionibus
1494 3447 1646 3494 absti-

621 3535 821 3585 nerent;
851 3525 1041 3588 qualem
1072 3522 1333 3572 Octavium
1364 3525 1511 3571 fuisse
1538 3525 1645 3572 An-

623 3606 763 3653 tonio
817 3614 1108 3666 sequestrem
1159 3601 1305 3649 tradit
1332 3602 1588 3666 Appianas
1622 3608 1647 3653 1

623 3683 874 3732 Civilium.

699 3780 747 3824 7.
783 3759 1013 3809 Similiter
1044 3759 1430 3824 respondendnm
1457 3772 1646 3825 putem.

624 3841 687 3889 {d
712 3851 816 3899 est,
853 3856 920 3888 an
954 3839 1120 3887 eadem
1147 3840 1333 3888 ratione
1371 3839 1648 3888 diluendam

627 3933 794 3986 putem
805 3920 947 3967 illam
971 3930 1158 3982 partem
1180 3921 1527 3980 accusationis,
1553 3937 1649 3984 qua

626 4001 787 4050 dictus
804 4009 874 4046 est
890 3998 1068 4046 Coelius
1082 4000 1133 4045 iu
1151 4000 1388 4062 petitione
1405 4000 1649 4049 aedilitatis

624 4081 905 4129 societatem
930 4093 1041 4124 cum
1080 4078 1369 4141 quibusdam
1398 4080 1560 4129 iniisse
1584 4078 1648 4127 ad

626 4157 980 4223 compeuda
1002 4156 1175 4222 populi
1193 4157 1435 4222 suffragia.

1725 2485 1734 2491 .
1801 2425 1854 2473 8.
1882 2426 2067 2470 Iterum
2096 2422 2300 2472 ambitus
2326 2421 2525 2469 crimine
2548 2438 2762 2470 arcesse·

1731 2515 1818 2553 ret.
1862 2507 1972 2553 Jam
2019 2518 2164 2567 supra
2208 2502 2394 2549 dictum
2436 2511 2509 2549 est
2534 2500 2761 2559 ,Coelium

1730 2582 1941 2630 ambitus
1971 2581 2171 2629 crimine
2203 2582 2260 2629 L.
2293 2579 2573 2627 Atratinum
2611 2581 2763 2627 semel

1729 2676 1976 2709 accusasse
1989 2694 2005 2718 ,
2023 2658 2341 2723 eumdemque
2365 2658 2646 2706 absolutum
2663 2660 2754 2706 ite-

1731 2756 1835 2787 rum
1854 2754 2119 2787 accusasse.
2139 2736 2266 2785 Vide
2288 2737 2410 2783 infra
2428 2752 2536 2799 cap.
2559 2738 2586 2783 3
2602 2752 2645 2784 1.

1801 2835 1851 2883 9.
1879 2820 1960 2868 Al.
1984 2818 2163 2866 habent
2185 2815 2487 2881 cupiditatis,
2515 2816 2595 2864 vel
2620 2815 2757 2880 cupi·

1730 2898 1847 2956 dus,-
1870 2897 1998 2945 unde
2016 2896 2199 2946 Weisk.
2217 2895 2438 2943 emendat
2455 2895 2677 2961 cupidius
2703 2906 2765 2942 ut

1710 2976 1900 3043 magis.
1928 2979 2045 3026 Non
2079 2976 2297 3025 feliciter.
2326 2978 2514 3023 Ernest.
2549 2976 2759 3023 verbum

1729 3057 1869 3103 uncis
1888 3055 2165 3103 incluserat.
2184 3057 2237 3103 J.
2257 3057 2319 3104 V.
2347 3057 2400 3102 1..

1810 3151 1887 3184 10.
1920 3134 2157 3182 Tabulas.
2178 3166 2191 3180 .
2214 3168 2227 3180 .
2249 3133 2411 3181 nullas
2428 3132 2634 3200 conficit.
2658 3135 2761 3180 Po·

1734 3225 1880 3263 testas
1901 3212 2197 3262 conficiendi
2229 3212 2417 3260 tabulas
2439 3210 2763 3260 fil‘n'sfamilias

1734 3295 1956 3359 adempta
1994 3293 2139 3340 fuisse
2167 3290 2361 3340 videtur
2385 3292 2491 3356 lege
2521 3291 2727 3339 Laetoria
2746 3328 2761 3351 ‚

1735 3390 1845 3437 quae
1888 3368 2244 3420 filiumfamilias
2300 3373 2535 3419 minorem
2583 3372 2762 3435 viginti

1733 3454 1948 3516 quinque
1975 3452 2113 3499 annis
2145 3450 2411 3514 quidquam
2439 3450 2639 3498 omnino
2667 3451 2765 3497 sti-

1733 3531 1890 3595 pulari
1910 3530 2211 3594 prohibebat.
2235 3531 2308 3576 De
2325 3548 2417 3594 qua
2434 3531 2542 3596 lege
2560 3530 2768 3577 Plautus

1733 3611 1786 3656 in
1813 3609 2089 3658 Pseudolo:
2117 3631 2144 3651 ιι
2167 3610 2320 3665 Perii,
2350 3627 2411 3658 an
2431 3627 2532 3657 nou
2554 3621 2660 3658 tum
2683 3626 2766 3658 me

1732 3688 1814 3736 lex
1831 3688 1992 3751 perdit
2009 3688 2158 3751 quina
2175 3688 2416 3736 vicenaria
2427 3689 2451 3736 Ρ
2462 3710 2487 3730 ι·

1813 3784 1894 3815 ιι.
1949 3771 2207 3816 Versat-am
2250 3785 2519 3832 numquam
2561 3766 2767 3814 omnino

1724 3846 1858 3915 fecit
1906 3847 2072 3896 ullam.
2126 3847 2185 3895 Id
2241 3859 2312 3895 est
2332 3882 2347 3906 ,
2402 3846 2586 3895 nullam
2646 3862 2761 3892 mu-

1740 3940 1872 3976 tuam
1899 3928 2154 3990 pecuniam
2186 3928 2375 3990 accepit
2399 3960 2414 3985 ,
2453 3937 2509 3973 ut
2542 3924 2768 3972 debitum

1739 3999 1965 4046 solveret.

1813 4092 1834 4124 1
1844 4091 1892 4124 2.
1901 4074 2124 4141 Triginta
2135 4074 2357 4124 milam.
2371 4075 2431 4122 ld
2440 4076 2589 4134 est,6,
2598 4091 2618 4123 x
2628 4076 2697 4124 50
2707 4077 2769 4128 fr.

1739 4155 1921 4220 gailice.
