2994 4778
1255 404 1350 469 M.
1401 405 1476 468 Τ.
1533 406 2096 476 CICERONIS

709 506 1103 614 Equidem,
1152 535 1232 589 ut
1274 520 1519 617 paullo
1563 539 1731 596 ante
1758 525 1944 614 dixi,
1983 552 2131 598 non
2171 528 2418 600 eadem
2467 531 2749 630 suppli-

615 628 722 697 cia
768 651 923 698 esse
977 629 1052 697 in
1122 628 1539 703 hominibus
1579 638 1950 726 existimo,
2011 663 2172 734 quae
2227 638 2526 711 fortasse
2590 642 2748 739 ple-

616 739 828 834 rique
846 751 898 825 ⁷,
953 738 1487 830 damnationeS,
1548 746 2040 842 expulsioneS,
2092 774 2301 820 neces
2349 777 2365 818 :
2425 749 2748 848 denique

617 847 888 918 nullam
933 849 1109 919 mihi
1159 875 1451 948 poenam
1503 854 1791 926 videtur
1832 857 2098 929 habere
2136 858 2249 945 id,
2299 859 2506 955 quod
2561 864 2749 933 acci-

616 956 787 1028 dere
815 959 1226 1046 innocenti,
1253 961 1452 1057 quod
1479 960 1652 1034 forti
1669 1020 1689 1052 ‚
1721 966 1922 1061 quod
1949 968 2285 1064 sapienti,
2316 967 2519 1063 quod
2541 967 2747 1040 bono

615 1070 770 1137 viro
799 1082 872 1137 et
891 1069 1027 1138 civi
1057 1084 1317 1165 potest.
1339 1075 1720 1143 Damnatio
1739 1075 1893 1161 ista,
1911 1101 2071 1172 quae
2100 1078 2176 1146 in
2206 1091 2277 1148 te
2293 1074 2326 1121 ⁸
2343 1078 2746 1174 flagitatur,

618 1174 881 1274 obtigit
922 1179 996 1255 P.
1045 1179 1354 1267 Rutilio,
1399 1181 1601 1276 quod
1641 1185 2003 1280 specimen
2033 1184 2289 1256 habuit
2322 1186 2471 1257 haec
2496 1188 2743 1258 civitas

619 1287 1070 1357 innocentiae.
1111 1288 1345 1382 Major
1388 1290 1566 1361 mihi
1599 1292 1925 1385 judicum
1964 1309 2036 1365 et
2081 1294 2494 1393 reipublicae
2531 1320 2744 1394 poena

619 1393 736 1464 illa
774 1397 924 1466 visa
960 1410 1100 1482 est,
1142 1422 1363 1493 quam
1396 1400 1661 1471 Rutilii.
1699 1408 1780 1474 L.
1817 1406 2196 1502 Opimius9
2236 1409 2504 1501 ejectus
2546 1421 2656 1477 est
2703 1431 2746 1476 e

616 1505 880 1599 patria,
906 1508 986 1592 is,
1015 1508 1140 1603 qui
1177 1524 1438 1604 praetor
1470 1525 1543 1580 et
1574 1513 1827 1583 consul
1860 1517 2188 1586 maximis
2216 1514 2750 1613 rempublicam

615 1615 949 1708 periculis
984 1615 1337 1688 liberarat.
1382 1624 1551 1692 Non
1594 1623 1669 1691 in
1715 1649 1841 1711 eo,
1898 1627 2015 1695 cui
2062 1624 2248 1696 facta
2291 1640 2398 1696 est
2436 1626 2751 1721 injuria,

616 1722 743 1793 sed
776 1725 846 1793 in
886 1727 1003 1810 iis,
1049 1728 1178 1822 qui
1211 1726 1579 1816 fecerunt,
1615 1733 1898 1804 sceleris
1925 1759 2006 1805 ac
2042 1735 2494 1805 conscientiae
2521 1758 2751 1831 poena

616 1843 1030 1933 permansit.
1060 1846 1153 1911 At
1179 1857 1427 1914 contra
1457 1842 1571 1916 his
1590 1841 1890 1919 Catilina
1921 1848 2298 1921 absolutus
2318 1860 2404 1937 ¹⁰3
2441 1851 2750 1920 emissus

618 1949 832 2017 etiam
873 1947 994 2019 ille
1038 1964 1365 2022 auctor¹¹
1424 1969 1594 2025 tuus
1651 1959 2073 2054 provinciae,
2120 1985 2352 2055 quum
2407 1973 2745 2057 stuprum

619 2061 831 2127 Bonae
857 2062 1030 2129 Deae
1066 2060 1560 2158 pulvinaribus
1580 2075 1641 2105 ¹²
1674 2067 2050 2139 intulisset.
2077 2072 2258 2159 Quis
2282 2068 2423 2138 fuit
2449 2070 2524 2138 in
2545 2082 2748 2138 tanta

620 2167 936 2254 civitate,
989 2174 1116 2265 qui
1164 2171 1368 2241 illum
1427 2173 1702 2244 incesto
1746 2175 2166 2265 liberatum,
2219 2204 2372 2248 non
2417 2202 2571 2263 eos,
2612 2180 2747 2273 qui

619 2273 716 2341 ita
747 2275 1241 2368 judicarint¹³‚
1271 2285 1423 2379 pari
1451 2282 1715 2355 scelere
1746 2285 2205 2359 obstrictos¹4
2232 2287 2750 2361 arbitraretur?

538 436 543 439 ·
618 403 753 483 [422

699 2484 745 2527 7.
795 2466 916 2530 Quoe
934 2464 1157 2529 sortasse
1182 2469 1415 2534 plerique.
1456 2475 1635 2519 Eorum

616 2549 701 2613 qui
734 2545 851 2594 solis
884 2545 1103 2594 sensibus
1133 2546 1260 2595 boun
1295 2559 1347 2595 et
1374 2549 1495 2596 mala
1535 2567 1636 2598 me·

617 2630 830 2683 tiuntur;
852 2622 1211 2689 additfortasse
1229 2626 1475 2675 modestia!
1490 2645 1634 2677 causa

617 2721 678 2751 ne
697 2704 885 2753 facilius
902 2703 1023 2751 alios
1042 2704 1266 2752 damnare
1286 2705 1522 2754 videatur.

688 2786 737 2833 8.
761 2786 882 2848 Quae
899 2782 950 2829 in
969 2783 1303 2848 reflagieatur.
1328 2785 1484 2845 Quam
1507 2784 1637 2848 leges

616 2864 733 2927 ipsae
760 2862 877 2922 tibi,
903 2876 994 2924 pro
1022 2875 1110 2908 suo
1130 2863 1239 2922 jure
1276 2862 1324 2908 iu
1354 2864 1635 2923 sceleratos,

617 2939 998 3005 petuutiuferr13
1017 2954 1164 3002 quam
1181 2951 1350 2987 vexata
1368 2952 1416 2987 et
1433 2941 1638 2990 lacerata

619 3021 870 3085 provincia
880 3054 895 3078 ‚
910 3036 1053 3083 quam
1070 3019 1286 3085 hospites
1300 3020 1484 3079 violati,
1494 3038 1639 3084 quam

617 3103 740 3149 male
786 3109 1015 3149 tractatus
1049 3099 1287 3147 exercitus
1329 3100 1641 3165 tibi'impoui

622 3181 909 3229 desiderant.

690 3277 738 3321 9.
772 3263 822 3307 L.
852 3258 1064 3324 Opimius
1092 3258 1268 3324 ejectus
1296 3269 1367 3305 est
1387 3274 1414 3304 e
1427 3258 1600 3322 patria
1619 3292 1635 3317 ,

619 3348 710 3383 etc.
732 3340 918 3386 Notum
946 3351 1046 3394 est.
1074 3337 1323 3401 Opimium
1351 3337 1403 3382 iu
1428 3348 1638 3406 praetura

621 3416 855 3478 Fregellas
873 3419 1088 3482 cepisse3
1116 3432 1218 3479 quo
1242 3425 1387 3478 pacto
1410 3415 1543 3461 visus
1568 3425 1641 3462 est

622 3504 805 3541 ceteros
834 3511 1033 3559 quoque
1061 3492 1271 3541 nominis
1297 3492 1454 3538 Latini
1479 3494 1639 3539 socios

621 3571 743 3620 male
756 3576 989 3622 animatos
1008 3570 1282 3636 repressisse
1296 3585 1311 3630 3
1324 3568 1640 3633 eumdemque

620 3650 670 3697 in
689 3653 945 3701 consulatu
967 3649 1187 3699 Fulvium
1218 3646 1441 3692 Flaccum
1462 3663 1640 3695 consu-

620 3729 793 3791 larem,
832 3742 882 3778 et
916 3732 971 3778 C.
1012 3725 1286 3774 Gracchum
1327 3723 1639 3773 tribunicium

621 3809 947 3871 oppressisse:
976 3805 1040 3852 ob
1060 3819 1204 3866 quam
1224 3803 1455 3850 invidiam
1474 3814 1640 3869 postea

616 3885 805 3941 Judicio
838 3886 1191 3932 circumventus
1221 3893 1320 3940 est,
1361 3882 1484 3929 etin
1517 3884 1641 3930 exsi-

622 3962 738 4009 lium
760 3975 916 4010 actus.

697 4057 775 4087 ro.
807 4045 873 4087 Ac
897 4052 1070 4088 contra
1101 4039 1168 4087 bis
1199 4041 1408 4088 Catilina
1441 4041 1638 4088 absolu-

621 4134 711 4170 tus.
731 4119 884 4169 Semel
920 4118 979 4166 de
1012 4119 1197 4167 incestu
1226 4136 1340 4166 cum
1367 4120 1511 4167 Fabia
1539 4120 1636 4165 Ve-

1723 2466 1860 2529 stali;
1886 2469 2059 2517 iterum
2084 2469 2146 2518 de
2169 2453 2450 2534 repetundis
2472 2486 2537 2518 etz
2565 2471 2748 2519 Ari-ie..

1797 2563 1817 2593 ι
1833 2564 1853 2593 1
1867 2583 1877 2593 .
1901 2549 2114 2598 Emissus
2128 2549 2271 2596 eciam
2286 2550 2368 2597 ille
2381 2560 2575 2597 auctor.
2595 2551 2750 2596 Etiam

1723 2625 1920 2673 Publius
1951 2627 2182 2689 Clodius,
2210 2630 2294 2691 qui
2325 2629 2431 2691 lege
2464 2646 2554 2676 sua
2580 2640 2754 2676 κατίοι·

1723 2703 1812 2751 fuit
1836 2739 1852 2764 ,
1900 2714 1955 2752 ut
2009 2705 2099 2753 tibi
2148 2706 2440 2756 Macedonia
2495 2709 2752 2772 provincia

1726 2782 2075 2842 decerneretur,
2101 2784 2378 2845 absolutus,
2408 2797 2456 2833 et
2492 2802 2520 2833 e
2560 2787 2721 2850 legum
2737 2823 2753 2847 ,

1721 2862 2112 2928 judiciorumque
2136 2864 2343 2930 laqueis,
2374 2864 2558 2928 quibus
2586 2865 2753 2928 impli-

1727 2952 1859 2989 catus
1873 2942 2141 3000 tenebatur,
2156 2944 2307 3069 Ἒὲιτ
2316 2943 2487 2991 bestiae
2497 2943 2750 3005 cujusdam

1729 3018 1791 3066 ad
1824 3020 2092 3067 vexandam
2124 3021 2167 3068 la
2279 3022 2527 3086 ndamque
2558 3038 2751 3087 rempu-

1728 3098 1902 3146 blicam
1947 3099 2148 3147 emissus
2183 3112 2283 3159 est3
2327 3101 2395 3147 sic
2431 3117 2529 3165 pro
2565 3102 2750 3148 Milone

1724 3176 1946 3224 eumdem
1973 3177 2201 3227 Clodium
2227 3177 2434 3226 belluam
2447 3179 2748 3243 judiciorum

1724 3255 1925 3318 laqueos
1942 3256 2267 3306 declinantem
2286 3257 2519 3321 appellat.
2536 3258 2661 3306 vide
2684 3257 2751 3306 de

1727 3334 1940 3382 soeditate
1955 3335 2101 3395 hujus
2120 3336 2295 3397 judicii
2318 3336 2424 3384 Cic.
2445 3336 2511 3384 ad
2528 3337 2678 3384 Attin.
2699 3349 2753 3384 et

1727 3413 1894 3459 Seuec.
1919 3428 1999 3475 ep.
2032 3426 2116 3473 97.

1804 3504 1883 3538 ια.
1915 3492 2072 3552 Quum
2094 3501 2308 3554 stuprum
2327 3494 2485 3540 Bonae
2501 3494 2622 3540 Deoe
2632 3494 2757 3557 pu!-

1729 3568 1983 3616 ve'naribus.
2021 3567 2186 3632 Quum
2215 3570 2415 3618 domum
2460 3573 2664 3622 Caesaris
2701 3574 2756 3619 in

1727 3645 1896 3694 habitu
1942 3646 2152 3696 fidicina:
2202 3650 2441 3713 ingressus
2491 3663 2650 3708 esset,
2697 3664 2760 3698 ut

1728 3725 2005 3788 Pompeiam
2066 3728 2264 3776 Caesaris
2322 3731 2583 3792 conjugem
2636 3746 2756 3777 cum

1728 3807 1897 3852 ceteris
1927 3808 2159 3854 matronis
2185 3810 2333 3856 Bonae
2356 3809 2466 3856 ‹1ae
2505 3826 2639 3856 sacra
2678 3811 2756 3856 fi·-

1727 3884 1930 3931 cieutem
1981 3885 2032 3930 in
2080 3886 2196 3950 ipsis
2243 3888 2372 3945 Deae,
2408 3888 2759 3953 pulvinaribus

1728 3973 2081 4028 constupraret.

1805 4043 1883 4088 13.
1901 4040 1980 4089 Al.
1999 4041 2298 4104 judicarunt.
2326 4046 2374 4093 J,
2393 4046 2457 4090 V.
2478 4047 2528 4092 L.

1805 4128 1880 4175 ¹4·
1909 4119 1989 4168 Al.
2014 4121 2280 4170 adstrictos.
2302 4122 2435 4172 J.*v.
2468 4125 2527 4170 1..
