2994 4778
646 367 778 449 104
1269 366 1364 435 M.
1412 366 1492 434 T.
1543 360 2118 433 CICERONIS

634 486 963 558 facillime
1019 492 1485 583 pervenisset.
1538 478 1820 570 Alterss,
1874 467 2002 579 qui
2047 482 2145 552 ita
2187 504 2264 553 se
2305 483 2380 551 in
2418 480 2761 580 populari

634 600 914 669 ratione
947 595 1287 690 jactarat,
1329 613 1412 670 ut
1456 594 1806 692 auspicia,
1840 594 2068 689 legem
2114 591 2357 662 AEliam
2380 602 2436 678 9,
2468 607 2763 663 senatus

633 707 1155 796 auctoritatem,
1185 705 1647 792 consulem¹⁰,
1667 703 1995 800 collega5‚
2012 699 2378 773 bonorum
2400 701 2764 798 judicium

630 818 814 889 nihil
858 834 1175 916 putaret,
1218 818 1623 890 aedilitatem
1661 815 1917 913 petivit
1965 836 2131 884 cum
2170 810 2385 883 bonis
2432 812 2638 899 viris,
2683 827 2766 882 et

623 923 1042 1001 bominibus
1076 929 1361 1026 primis,
1390 926 1519 999 sed
1551 951 1702 997 non
1734 924 2327 1022 praestantissimis
2367 920 2632 1018 opibus
2680 934 2763 991 et

623 1038 971 1131 gratia¹¹;
1005 1036 1274 1108 tribum
1305 1060 1512 1108 suam
1548 1060 1700 1106 non
1740 1034 1942 1122 tulit·;
1966 1032 2356 1104 Palatinam
2390 1030 2715 1128 denique
2736 1083 2761 1118 ,

622 1174 757 1247 per
789 1176 1010 1249 quam
1063 1175 1318 1222 omnes
1360 1149 1495 1221 illae
1538 1163 1775 1245 pestes
1816 1171 2075 1219 vexare
2121 1145 2479 1244 populum
2518 1171 2758 1218 roma·

623 1284 801 1330 num
831 1259 1280 1350 dicebantur,
1293 1257 1645 1359 perdidit3
1668 1283 1804 1331 nec
1827 1256 2227 1356 quidquam
2255 1255 2394 1327 illis
2420 1256 2760 1345 comitiiS,

622 1368 824 1464 quod
878 1367 1056 1440 boni
1097 1369 1233 1469 viri
1283 1368 1589 1454 vellent,
1632 1368 1772 1439 nisi
1811 1366 2210 1465 repulsam,
2247 1365 2433 1436 tulit.
2479 1364 2761 1437 Videtis

621 1478 872 1572 igitur,
922 1478 1274 1575 populum
1312 1478 1594 1576 ipsum,
1628 1491 1713 1548 ut
1755 1479 1854 1547 ita
1897 1475 2166 1563 dicam,
2200 1475 2346 1570 jam
2395 1498 2548 1545 non
2595 1498 2759 1547 esse

625 1586 1051 1683 popularem
1088 1612 1105 1656 ε
1144 1591 1275 1685 qui
1310 1590 1413 1659 ita
1451 1587 1917 1659 vehementer
1961 1609 2085 1656 eos
2108 1637 2129 1672 ‚
2194 1584 2324 1680 qui
2368 1583 2760 1681 populares

621 1694 1026 1781 habentur,
1070 1712 1410 1795 respuat;
1449 1723 1577 1769 eos
1619 1711 1904 1782 autem,
1936 1696 2064 1791 qui
2105 1697 2174 1766 ei
2218 1694 2464 1791 generi
2507 1692 2759 1764 adver-

622 1819 910 1893 santur,
963 1805 1246 1877 honore
1285 1808 1742 1903 dignissimos
1776 1806 2073 1901 judicet.

716 1916 889 1985 LIV.
905 1917 1298 1987 Veniamus
1323 1915 1413 1987 ad
1446 1915 1676 1987 ludos.
1706 1916 1901 1985 Facit
1928 1916 2121 1985 enim
2140 1967 2161 2001 ,
2190 1910 2489 2008 judices,
2517 1926 2759 1983 vester

619 2024 693 2091 in
727 2045 842 2092 me
869 2023 1278 2095 animorum
1308 2023 1837 2120 oculorumque
1856 2023 2227 2118 conjectus
2244 2075 2265 2109 ,
2291 2036 2372 2091 ut
2399 2020 2576 2091 mihi
2600 2021 2757 2116 jam

618 2131 836 2203 licere
872 2147 1124 2230 putem
1171 2136 1574 2205 remissiore
1617 2135 1724 2203 uti
1759 2156 2021 2229 genere
2056 2129 2364 2202 dicendi.
2402 2132 2755 2202 Comitio·

616 2266 782 2312 rum
841 2257 917 2314 et
966 2247 1447 2315 concionum¹
1518 2242 2071 2339 significationes
2132 2239 2500 2310 interdum
2567 2265 2757 2312 verae

622 2365 818 2439 sunt,
845 2377 1394 2452 nonnumquam
1417 2352 1676 2424 vitiatae
1698 2366 1915 2449 atque
1940 2363 2297 2448 corruptae
2325 2375 2343 2420 t
2370 2348 2756 2423 theatrales

625 2459 1171 2560 gladiatoriique
1216 2486 1595 2534 consessus
1628 2462 1972 2533 dicuntur
2007 2461 2308 2532 omnino
2345 2460 2612 2558 solere,
2660 2461 2759 2533 le·

616 2576 836 2644 vitate
871 2573 1390 2644 nonnullorum
1426 2586 1712 2670 emptos
1755 2571 2082 2668 plausus,
2125 2568 2390 2641 exiles²
2435 2583 2509 2639 et
2549 2593 2757 2641 raros

690 2802 740 2849 8.
775 2800 931 2849 Alter.
965 2800 1191 2849 Vidimus
1227 2816 1373 2865 supra
1408 2801 1639 2850 Clodium

616 2879 764 2927 fuisse
788 2880 992 2931 aedilem.
1018 2880 1113 2927 Hie
1135 2890 1299 2927 orator
1326 2879 1471 2927 verba
1494 2879 1609 2931 facit
1623 2906 1640 2934 2

1804 2817 1882 2851 xo.
1916 2802 2180 2851 Consulatu.
2210 2800 2285 2852 Μ.
2315 2799 2576 2863 Bibulum,
2603 2817 2753 2866 quom

1726 2881 1949 2928 Vatinius
1968 2880 2022 2927 in
2039 2895 2279 2928 carcerem
2297 2878 2410 2926 duci
2429 2879 2591 2940 jussit.

617 2958 679 3006 de
694 2958 825 3005 inani
836 2959 997 3019 hujus,
1012 2958 1138 3005 circs
1158 2959 1488 3021 magistratum
1502 2957 1640 3008 illum

616 3037 802 3086 ambitu
813 3053 827 3095 ς
838 3052 1044 3100 namque
1056 3037 1197 3088 multi
1206 3038 1278 3086 illi
1290 3036 1639 3102 repugnabant.

616 3119 820 3165 Senatus
831 3117 1056 3167 censebat
1072 3150 1087 3174 ,
1099 3129 1356 3181 antequam
1368 3117 1641 3181 eligeretur,

617 3196 926 3244 statuendum
956 3214 1060 3246 esse
1080 3197 1317 3259 judiciam
1352 3196 1412 3244 de
1442 3212 1502 3244 eo
1529 3211 1642 3244 cum

618 3274 838 3333 Milone3
882 3278 1282 3339 quotiescumque
1318 3291 1434 3322 vero
1469 3273 1642 3321 consul

616 3352 846 3399 Metellus
859 3355 1147 3401 concionem
1167 3353 1372 3401 vocabat
1382 3386 1399 3409 ,
1417 3351 1643 3399 obstabat

617 3428 744 3475 Milo
787 3428 909 3477 laeva
941 3431 1155 3495 auspicia
1198 3429 1504 3478 denuntians.
1544 3429 1641 3477 Sed

617 3506 830 3571 populus
853 3517 1013 3556 tamen
1038 3524 1163 3571 agre
1185 3507 1397 3565 serebat,
1423 3507 1570 3555 ludos
1592 3519 1641 3556 et

615 3586 888 3649 spectacula
909 3601 1019 3649 quae
1040 3586 1222 3634 dabant
1243 3585 1409 3632 aediles
1432 3583 1485 3631 in
1512 3584 1641 3633 diem

614 3665 686 3711 sic
712 3665 951 3727 proferri,
984 3676 1034 3713 et
1064 3665 1160 3713 hoc
1188 3665 1242 3713 in
1266 3680 1409 3712 causa
1435 3663 1643 3712 fuit'cur

615 3742 821 3793 Clodius
841 3742 1115 3807 eligeretur.

685 3837 738 3883 9.
775 3824 952 3886 Legem
977 3822 1178 3872 AElt‘am.
1208 3823 1310 3874 Lex
1335 3821 1459 3873 AElia
1485 3821 1640 3885 legem

616 3900 763 3960 ferri,
798 3916 949 3963 quum
987 3901 1386 3960 obnuntiaretur,
1427 3901 1638 3951 vetabat.

624 3979 850 4027 Vatinius
915 3981 1126 4045 neglexit
1162 3994 1175 4028 ε
1220 3981 1274 4028 in
1316 3982 1539 4030 oratione
1586 3981 1638 4027 in

623 4060 783 4123 ipsum
811 4057 902 4107 bis.

1801 2977 1823 3008 ι
1840 2977 1885 3009 ι.
1911 2962 1971 3007 Ee
1984 2958 2168 3024 gratia.
2200 2959 2317 3007 Inde
2338 2959 2494 3024 patuit
2513 2969 2752 3024 quantum

1727 3039 1951 3088 Vatinius
1975 3038 2162 3102 populo
2185 3055 2289 3087 non
2316 3049 2545 3103 acceptus
2573 3039 2749 3100 suerit,

1728 3135 1878 3182 quum
1913 3118 1974 3166 ab
2014 3118 2293 3167 hominibus
2323 3135 2424 3166 non
2456 3134 2753 3184 magnopere

1729 3197 1950 3262 gratiosis
1967 3196 2031 3245 sit
2047 3198 2223 3245 victus.

1799 3278 1926 3325 LIV.
1961 3292 2003 3325 t.
2033 3274 2336 3326 Comieiomm
2365 3286 2415 3322 ee
2442 3274 2747 3324 concionum.

1729 3356 1849 3403 nee
1862 3355 2097 3419 profatur,
2109 3363 2164 3401 ut
2172 3356 2281 3418 quis
2295 3354 2501 3401 fueritin
2518 3353 2749 3403 Clodium

1727 3433 1900 3497 populi
1931 3428 2098 3482 seusus
2128 3432 2303 3482 elarius
2335 3423 2582 3498 appareat.
2622 3433 2749 3481 Nam

1726 3512 1840 3559 licet
1873 3511 2023 3576 empti
2059 3513 2256 3576 plausus
2289 3513 2533 3561 interdum
2562 3513 2626 3561 ab
2651 3514 2750 3563 ho·

1728 3590 1938 3639 minibus
1959 3590 2159 3654 perditis
2185 3592 2478 3650 excitentur,
2508 3595 2603 3640 rari
2634 3606 2754 3642 sunt

1730 3681 1887 3718 tamen
1908 3682 1959 3719 et
1975 3671 2141 3724 exiles,-
2166 3672 2289 3720 lude
2308 3672 2463 3737 liquet
2484 3688 2753 3735 cognosce-

1728 3764 1780 3796 re
1802 3749 1922 3813 qnid
1945 3748 2005 3796 de
2025 3750 2206 3800 Clodio
2226 3752 2442 3816 populus
2458 3762 2690 3799 censeret.

1801 3843 1851 3875 a.
1870 3828 2082 3877 Lesitate
2107 3819 2446 3878 nonnullorum
2473 3841 2653 3893 emptos
2678 3831 2756 3895 pl.

1727 3919 1775 3954 et
1790 3907 1959 3955 exiles.
1986 3909 2051 3955 Ee
2067 3925 2167 3957 non
2186 3922 2436 3974 comparet
2456 3911 2506 3957 in
2524 3909 2602 3958 ed.
2623 3910 2756 3959 Her-

1726 3986 1923 4048 vagians
1939 4019 1955 4044 ,
1988 4002 2097 4049 quae
2122 3990 2278 4052 prima
2314 3989 2448 4040 hune
2475 3988 2636 4040 locum
2663 4004 2755 4039 ex-

1723 4065 1895 4128 plevit.
1922 4066 1974 4114 J.
1992 4067 2056 4115 V.
2083 4070 2136 4119 L.
