2994 4778
670 491 810 563 630
1318 493 1412 559 M.
1464 492 1542 559 T.
1596 490 2160 559 CICERONIS

668 619 742 685 in
802 637 892 684 eo
944 635 1161 684 senex
1217 627 1503 708 posset,
1543 597 1875 681 admirari
1924 608 2320 680 solebamus
2341 603 2399 698 ⁶.
2452 609 2586 679 Hic
2617 632 2786 679 vero

668 723 1084 796 adolescens
1101 734 1154 809 ⁷,
1193 723 1318 819 qui
1350 745 1553 792 meus
1579 724 1655 790 in
1680 720 1923 792 Cilicia
1951 720 2181 805 mileS,
2205 721 2279 789 in
2301 721 2577 790 Graecia
2605 744 2790 790 com-

560 863 581 877 ·
636 833 897 908 ,milito
952 831 1122 920 fuit,
1171 855 1399 927 quum
1459 833 1536 900 in
1588 830 1714 901 illo
1767 834 2020 900 nostro
2066 831 2382 902 exercitu
2432 829 2792 924 equitaret

669 968 834 1015 cum
892 944 1037 1012 suis
1086 886 1376 1013 delectis
1427 933 1834 1044 equitibus,
1891 951 2077 1037 quos
2133 963 2279 1009 una
2338 962 2494 1008 cum
2563 962 2658 1009 eo
2707 937 2790 1008 ad

673 1037 1093 1148 Pompeium
1120 1041 1369 1149 pater⁸
1393 1052 1716 1135 miserat,
1746 1073 1933 1145 quos
1961 1071 2351 1119 concursus
2369 1045 2601 1118 facere
2622 1048 2791 1119 sole·

670 1158 836 1230 bat?
886 1184 1100 1255 quam
1145 1185 1222 1230 se
1267 1158 1579 1253 jactare?
1631 1168 1903 1253 qua'm9
1953 1159 2359 1228 ostentare?
2404 1182 2619 1253 quam
2669 1181 2794 1228 ne-

675 1269 849 1337 mini
900 1269 975 1338 in
1025 1268 1171 1338 illa'
1203 1293 1413 1339 causa
1471 1266 1712 1337 studio
1774 1281 1848 1337 et
1899 1265 2291 1364 cupiditate
2346 1265 2796 1337 concedere?

671 1379 918 1467 Quum
956 1403 1170 1465 vero,
1202 1378 1521 1449 exercitu
1549 1377 1902 1463 amissow,
1942 1400 2111 1474 ego,
2151 1377 2278 1472 qui
2316 1380 2516 1473 pacis
2548 1392 2795 1447 auctor

672 1504 956 1583 semper
982 1486 1179 1573 suin,
1220 1501 1384 1584 post
1401 1485 1882 1558 Pharsalicum
1922 1481 2158 1562 autem
2196 1485 2519 1581 praelinm
2553 1510 2797 1557 suasor

669 1592 960 1667 fuissem
1007 1620 1373 1666 armorum
1418 1620 1568 1666 non
1606 1593 2246 1692 deponendorum,
2287 1596 2412 1666 sed
2450 1595 2793 1689 abjicien-

673 1704 973 1792 dorum,
1010 1705 1206 1776 hunc
1239 1705 1329 1812 ad
1370 1730 1603 1777 meam
1631 1707 2124 1776 auctoritatem
2159 1730 2309 1775 non
2339 1709 2549 1803 potui
2580 1705 2798 1777 addu-

671 1815 1140 1911 cere¹’,quod
1174 1831 1248 1887 et
1279 1807 1431 1915 ipse
1467 1814 1765 1886 ardebat
1784 1815 2067 1887 studio
2048 1818 2269 1912 ipsius
2296 1813 2495 1901 belli,
2516 1833 2589 1886 et
2615 1817 2797 1912 patri

672 1911 1250 1995 satisfaciendum
1289 1949 1443 1996 esse
1491 1923 1992 1996 arbitrabatur.
2032 1924 2224 1995 Felix
2253 1922 2462 1995 ista¹³
2498 1925 2755 1995 domus
2778 1979 2797 2009 ‚

672 2057 830 2129 quae
860 2059 1006 2118 non
1041 2036 1546 2132 impunitatem
1575 2034 1810 2105 solum
1838 2034 2092 2130 adepta
2129 2036 2255 2120 sit,
2290 2034 2419 2106 sed
2448 2036 2656 2106 etiam
2687 2058 2794 2105 ac-

676 2143 969 2214 cusandi
1009 2145 1366 2216 licentiam
1407 2172 1422 2212 :
1472 2145 1924 2217 calamitosus
1966 2146 2379 2239 DejotaruS,
2427 2149 2555 2241 qui
2595 2160 2668 2215 et
2706 2135 2794 2215 ab

677 2275 794 2340 e0,
827 2256 956 2350 qui
996 2256 1073 2323 in
1126 2254 1375 2325 iisdem
1418 2258 1666 2326 castris
1702 2253 1958 2341 fuerit,
1995 2280 2146 2324 non
2187 2254 2408 2326 modo
2445 2254 2642 2351 'apud
2688 2271 2793 2337 te,

676 2360 801 2433 sed
838 2368 1053 2434 etiam
1098 2388 1138 2433 a
1174 2364 1319 2435 suis
1361 2347 1753 2448 accusetur.
1790 2368 1937 2436 Vos
1969 2378 2201 2436 vestra
2229 2363 2614 2436 secunda¹⁴
2656 2362 2794 2435 for-

745 2548 799 2596 6.
821 2545 1075 2595 Admirati
1089 2548 1372 2597 solebamus.
1385 2550 1443 2595 In
1462 2548 1693 2597 Pharsali·

676 2627 747 2674 cia
772 2630 954 2678 eastris.

746 2722 797 2773 7.
821 2708 913 2755 Hie
937 2723 1060 2756 vero
1085 2707 1384 2755 adolescens.
1410 2708 1600 2756 Castor.
1624 2733 1695 2743 —

677 2788 737 2833 ln
773 2786 961 2837 Cilicia.
1011 2788 1177 2850 Quum
1216 2787 1388 2836 Cicero
1430 2785 1696 2849 proconsul

678 2880 782 2912 eam
812 2867 1112 2930 provinciam
1144 2865 1403 2914 obtineret.
1444 2891 1517 2900 —
1553 2863 1694 2912 Com·

678 2943 847 2993 milico.
887 2945 1015 3008 Quia
1053 2944 1227 2993 Cicero
1270 2954 1320 2991 et
1358 2944 1531 2992 Castor
1564 2943 1695 2991 bello

677 3024 809 3071 civili
835 3023 1055 3072 eumdem
1097 3024 1269 3072 ducem
1303 3021 1576 3071 habuerunt
1602 3023 1694 3073 Cn.

650 3111 655 3117 ’
678 3103 978 3167 Pompeium.
996 3102 1145 3164 Quasi
1163 3099 1301 3150 aliud
1324 3117 1469 3164 agens
1486 3102 1540 3148 in
1563 3101 1694 3148 invi-

682 3183 809 3230 diam
854 3184 1103 3232 Castorem
1143 3181 1302 3246 ipsum
1344 3180 1576 3239 adducit,
1609 3180 1696 3245 qui

679 3261 967 3325 Pompeium
1015 3270 1090 3307 est
1143 3269 1374 3323 sequutus
1392 3295 1406 3317 ‚
1462 3275 1619 3322 neque
1666 3274 1692 3306 a

676 3336 809 3386 bello
848 3339 1183 3388 continuando
1225 3337 1511 3393 deterritus,
1543 3354 1695 3402 quum

680 3432 848 3464 omnes
881 3419 980 3478 jam
1018 3417 1315 3466 deditionem
1353 3417 1695 3481 circumspice-

670 3503 798 3544 rent.

745 3576 796 3625 8.
819 3576 985 3624 Pater.
1003 3572 1381 3631 Saocondarius,
1399 3588 1548 3636 gener
1571 3575 1696 3638 regia

677 3651 911 3717 Deiotari.

746 3751 800 3799 9.
829 3731 911 3783 Al.
941 3728 1128 3778 addunt
1144 3743 1211 3778 se.
1238 3731 1287 3778 J.
1306 3730 1373 3777 V.
1400 3729 1455 3775 1..

748 3829 827 3863 ιο.
860 3807 1085 3859 Eser-citu
1114 3807 1306 3857 amisso.
1333 3806 1454 3856 Caes.
1483 3805 1546 3854 de
1567 3806 1690 3857 Bell.

674 3895 783 3944 Civ.
818 3893 907 3941 lib.
944 3892 1017 3938 111
1041 3923 1056 3948 ,
1098 3903 1208 3952 cap.
1242 3902 1345 3952 99:
1386 3910 1411 3929 a
1435 3888 1513 3935 Ex
1550 3874 1698 3935 Poni-

673 3974 847 4038 peiano
874 3970 1088 4018 exercitu
1108 3967 1300 4014 circiter
1316 3966 1464 4013 millia
1487 3966 1696 4029 quinde-

671 4053 766 4102 cim
787 4048 1017 4097 cecidisse
1040 4045 1356 4105 videbantur3
1378 4046 1463 4094 aed
1480 4045 1535 4092 in
1557 4044 1695 4093 dedi·

669 4134 851 4181 tionem
871 4138 1109 4175 venerunt
1126 4113 1330 4189 amplius
1346 4140 1470 4172 xxxv
1488 4124 1657 4172 millia.

748 4226 823 4256 ιι.
853 4201 1445 4273 Βεωρενίηί.ηῐ,ιιιιῑιίυω
1473 4217 1536 4250 ex
1568 4204 1692 4250 MSS

1781 2548 1958 2598 delevit
1969 2546 2074 2614 fui.
2101 2549 2252 2613 Quod
2277 2549 2471 2614 sequuti
2504 2560 2620 2597 aunt
2640 2549 2794 2597 multi.

1857 2629 2091 2677 12.Non
2122 2628 2268 2692 potui
2302 2628 2564 2675 adducere.
2613 2626 2797 2677 Castori

1782 2706 2069 2771 persuadere
2100 2723 2203 2756 non
2229 2709 2400 2772 potui,
2440 2718 2497 2755 ut
2534 2723 2692 2754 meam
2721 2722 2799 2755 au-

1782 2787 2081 2848 ctoritatem,
2123 2798 2177 2834 et
2219 2797 2320 2835 tum
2366 2785 2655 2843 eonsilium,
2701 2796 2795 2833 tum

1782 2864 2057 2929 exemplum
2075 2875 2308 2929 sequutus
2329 2882 2357 2913 a
2376 2864 2510 2913 bello
2530 2864 2797 2921 desisteret,

1782 2941 1917 3005 qnod
1958 2943 2039 2990 ille
2073 2953 2302 2990 statuerat
2342 2958 2518 3005 magno
2555 2943 2706 2990 animi
2732 2958 2800 2989 ar·

1784 3019 1903 3069 dore
1937 3032 2195 3069 exn-«num
2227 3022 2348 3069 belli
2375 3021 2527 3089 aleam
2564 3023 2798 3086 experiri,

1782 3111 1831 3148 et
1875 3101 2011 3164 quod
2053 3102 2180 3165 fatri
2224 3101 2560 3149 Saocondario
2599 3118 2652 3149 se
2691 3103 2800 3149 satis

1784 3195 1885 3227 esse
1913 3180 2151 3230 facturum
2171 3196 2277 3227 nou
2296 3192 2515 3244 putaret.

1859 3264 1939 3308 13.
1971 3259 2111 3307 Fata
2132 3261 2222 3307 ista
2247 3261 2431 3308 domus.
2466 3259 2715 3307 Invidiosa
2749 3259 2798 3305 in

1783 3336 2029 3386 Castorem
2078 3351 2129 3387 et
2177 3351 2362 3403 patrem
2401 3338 2799 3389 Saoeondarinm.

1785 3415 1964 3464 Felices
2001 3432 2116 3463 sane
2153 3416 2293 3475 illos,
2325 3417 2416 3481 qui
2462 3433 2613 3482 quum
2653 3418 2800 3463 Pom·

1783 3495 1948 3558 peium
1978 3495 2031 3542 in
2057 3495 2189 3542 civili
2216 3495 2347 3544 bello
2373 3495 2676 3557 adjuverint,
2702 3510 2801 3542 non

1781 3572 1940 3620 solum
1972 3574 2160 3621 veniam
2189 3561 2239 3621 et
2267 3574 2608 3638 impunitatem
2636 3589 2664 3620 a
2702 3574 2800 3622 Cae·

1780 3668 1884 3699 aare
1909 3652 2259 3716 impetrarunt,
2288 3652 2371 3701 sed
2393 3652 2545 3699 etiam
2569 3668 2675 3699 eam
2696 3661 2806 3698 snut

1778 3727 1941 3792 adepti
1964 3731 2165 3792 gratiam
2178 3765 2192 3787 ,
2212 3743 2268 3780 ut
2285 3732 2407 3778 alios
2425 3731 2642 3779 audeant
2668 3746 2804 3778 accu-

1789 3810 1921 3856 sare!
1953 3810 2200 3857 Infelicem
2221 3813 2502 3872 DeJotamm
2519 3846 2534 3870 ‚
2562 3810 2648 3874 qui
2672 3821 2719 3856 et
2745 3809 2805 3856 ab

1787 3903 1848 3936 eo
1867 3899 2138 3947 accusatur,
2166 3891 2255 3953 qui
2280 3891 2330 3937 in
2361 3889 2527 3938 eadem
2554 3905 2696 3936 cansa
2715 3899 2808 3936 ste·

1784 3968 1868 4023 tit,
1888 3983 1977 4014 nec
1991 3966 2052 4014 ab
2070 3968 2239 4016 alienis
2252 3968 2671 4032 accusatus-‚quod
2689 3978 2808 4016 met

1781 4047 1981 4094 fortasse
2008 4046 2289 4106 ferendum,
2317 4046 2404 4095 sed
2447 4064 2474 4095 a
2516 4063 2609 4094 auo
2657 4047 2807 4112 ipsius

1782 4136 1958 4189 nepote
1984 4135 2031 4171 et
2056 4126 2190 4193 apud
2217 4142 2328 4173 eum
2360 4142 2504 4188 quem
2535 4125 2762 4173 offendit.

1861 4214 1938 4260 14.
1986 4205 2158 4252 Vestra
2197 4205 2406 4253 secunda
2429 4204 2673 4269 for-cmm.
2696 4203 2805 4251 Tibi
