2994 4778
611 408 705 484 86
1246 411 1343 478 Μ.
1395 410 1470 477 Τ.
1526 409 2090 481 CICERONIS

606 530 782 601 dum
835 552 1074 625 neque
1122 527 1469 618 naturali,
1523 554 1765 628 neque
1822 529 2011 600 civili
2068 530 2271 625 jure⁴
2330 530 2699 627 descripto
2720 585 2742 615 ‚

610 638 750 711 fusi
804 662 938 737 per
989 636 1245 736 agr-08⁵
1297 663 1379 709 ac
1421 634 1726 736 dispersi
1782 653 2251 738 vagarentur,
2305 653 2743 737 tantumque

608 749 993 835 haberent,
1046 763 1401 846 quantum
1448 771 1672 819 manu
1718 772 1802 821 ac
1848 747 2124 820 viribus
2169 772 2300 846 per
2341 747 2606 820 caedem
2653 772 2744 819 ac

608 860 908 931 vulnera
971 872 1097 929 aut
1153 861 1429 954 eripere
1456 911 1476 947 ,
1537 872 1663 929 aut
1719 860 2050 933 retinere¹
2088 858 2540 956 potuissent?
2591 860 2745 947 Qui

611 971 831 1068 igitur
863 964 1122 1069 primi⁶
1149 972 1415 1040 virtute
1445 983 1519 1040 et
1548 970 1848 1041 consilio
1885 971 2246 1068 praestanti
2273 971 2746 1050 exstiterunt,

614 1083 692 1166 ii,
726 1092 1104 1180 perspecto
1141 1102 1405 1178 genere
1430 1080 1761 1151 humanae
1796 1078 2177 1152 docilitatis
2204 1091 2422 1174 atque
2444 1079 2741 1175 ingenii,

619 1190 998 1289 dissipatos
1045 1213 1274 1259 unum
1321 1191 1397 1259 in
1441 1190 1684 1260 locum
1733 1202 2303 1286 congregarunt,
2346 1212 2624 1285 eosque
2659 1213 2746 1260 ex

616 1299 897 1381 feritate
930 1298 1054 1369 illa
1089 1298 1181 1369 ad
1219 1298 1563 1392 justitiam
1605 1309 1822 1395 atque
1859 1296 2485 1370 mansuetudinem
2523 1309 2748 1368 trans-

616 1410 1000 1481 duxerunt.
1050 1411 1234 1478 Tum
1272 1430 1389 1478 res
1420 1406 1514 1477 ad
1561 1430 2023 1479 communem
2068 1407 2447 1478 utilitatem
2469 1417 2526 1495 ⁷,
2564 1430 2748 1503 quas

613 1517 941 1619 publicas
1003 1516 1481 1615 appellamus;
1554 1532 1713 1588 tum
1771 1516 2270 1605 conventicula
2328 1515 2750 1603 hominum,

615 1653 775 1726 quae
818 1640 1068 1725 postea
1110 1627 1429 1698 civitates
1487 1628 1873 1697 nominatae
1922 1641 2130 1713 sunt;
2180 1639 2334 1697 tum
2387 1623 2749 1696 domicilia

615 1735 1042 1831 conjuncta,
1081 1759 1262 1832 quas
1305 1733 1524 1806 urbes
1564 1735 1868 1808 dicimus
1891 1790 1912 1823 ‚
1957 1737 2257 1807 invento
2291 1749 2363 1806 et
2394 1734 2644 1805 divino
2675 1749 2750 1806 et

614 1847 936 1919 humano
960 1848 1118 1943 jure
1137 1901 1156 1934 ‚
1183 1846 1547 1918 moenibus
1573 1860 1952 1945 sepserunt
1969 1840 2026 1915 ⁸.
2069 1853 2304 1943 Atque
2333 1846 2528 1915 inter
2562 1844 2752 1915 hanc

615 1963 836 2029 vitam
897 1957 1325 2056 perpolitam
1391 1955 1882 2045 humanitate,
1948 1971 2022 2028 et
2075 1956 2271 2027 illam
2314 1957 2750 2041 immanem,

621 2066 801 2138 nihil
838 2082 984 2137 tam
1026 2067 1358 2154 interest,
1406 2089 1627 2163 quam
1666 2067 1781 2162 jus
1824 2081 2042 2164 atque
2090 2070 2215 2137 vis.
2263 2071 2543 2136 Horum
2583 2080 2752 2136 utro

620 2179 729 2248 uti
776 2172 1127 2266 nolimuS,
1184 2177 1409 2247 altero
1461 2188 1571 2247 est
1621 2176 1997 2249 utendum.
2052 2178 2214 2246 Vim
2255 2174 2594 2263 volumus
2633 2199 2754 2245 ex·

621 2288 941 2385 stingui?
974 2287 1091 2381 jus
1127 2286 1357 2357 valeat
1399 2309 1693 2358 necesse
1738 2301 1882 2375 est,
1923 2284 1998 2356 id
2043 2301 2193 2373 est,
2240 2284 2545 2381 judicia,
2590 2288 2749 2383 qui·

623 2396 764 2469 hus
818 2419 1035 2468 omne
1088 2398 1208 2492 jus
1268 2401 1703 2468 continetur.
1759 2396 2035 2467 Judicia
2099 2396 2481 2493 displicent
2504 2406 2562 2483 9,
2630 2409 2757 2465 aut

622 2507 817 2579 nulla
872 2507 1091 2578 sunt?
1148 2508 1254 2578 vis
1302 2506 1719 2577 dominetur
1769 2531 2059 2580 necesse
2116 2522 2244 2579 est.
2291 2512 2456 2577 Haec
2504 2505 2758 2576 vident

625 2637 924 2688 omnes:
976 2615 1151 2686 Milo
1206 2630 1279 2686 et
1334 2615 1550 2704 vidit,
1609 2630 1682 2686 et
1727 2613 1936 2703 fecit,
1989 2631 2071 2688 ut
2114 2617 2233 2712 jus
2281 2618 2753 2715 experiretur,

634 2729 778 2798 vim
804 2725 1219 2823 depelleret.
1252 2724 1497 2794 Altero
1525 2729 1633 2794 uti
1663 2725 1926 2811 voluit,
1947 2740 2030 2796 ut
2054 2726 2364 2796 virtus¹0
2395 2723 2761 2796 audaciam

703 2957 751 3005 4.
772 2949 944 3012 Neque
961 2947 1181 2995 naturali
1193 2962 1378 3010 ,neque
1390 2945 1646 3012 civilijure.
1736 2950 1813 3013 gia
1836 2960 1935 3010 est,
1961 2960 2009 2996 et
2029 2948 2277 2997 nonnullis
2295 2946 2480 2996 firmata
2501 2948 2758 3012 exemplis.

628 3032 662 3080 J
666 3046 721 3077 us
736 3038 921 3077 nature
935 3026 1149 3074 omnium
1168 3025 1381 3088 gentium
1394 3042 1649 3074 commune
1737 3029 1817 3077 Sic
1830 3029 1882 3076 in
1896 3031 2036 3076 Verr.
2054 3030 2145 3088 IV,
2161 3028 2225 3076 56
2238 3063 2253 3087 ‚
2266 3050 2292 3070 ιι
2306 3029 2493 3087 valvas,
2513 3042 2624 3092 qut
2639 3028 2759 3075 olim

630 3121 727 3170 est3
760 3110 841 3172 im
875 3108 1045 3166 civile,
1084 3103 1369 3171 particulare
1396 3106 1648 3154 civitatum
1737 3106 1800 3155 ad
1822 3106 2091 3156 ornandum
2111 3107 2345 3170 templum
2369 3117 2504 3155 erant
2526 3109 2759 3165 maxime,

633 3190 696 3238 ad
736 3185 834 3237 loci
872 3186 1108 3236 rationem
1128 3221 1142 3246 ‚
1178 3196 1262 3234 aut
1300 3185 1364 3234 ad
1397 3185 1649 3235 hominum
1735 3198 1831 3235 etc.
1850 3208 1875 3228 n
1903 3187 1976 3234 De
1996 3187 2110 3235 Nat.
2134 3186 2281 3234 Deor.
2306 3188 2409 3248 111,
2436 3187 2503 3242 34
2526 3199 2542 3234 :
2571 3208 2597 3228 ιι
2618 3187 2761 3249 eique

632 3268 822 3332 ingenia
844 3265 1278 3314 accommodatum.
1739 3265 1930 3313 laneum
1951 3263 2154 3329 panium
2179 3263 2374 3324 injecit,
2403 3279 2554 3327 quum
2579 3263 2635 3311 id
2658 3280 2762 3311 eece

707 3347 755 3394 5.
782 3343 898 3392 Fusi
911 3360 1000 3406 per
1019 3358 1181 3408 agros.
1209 3345 1283 3390 De
1307 3345 1475 3405 primis
1495 3342 1655 3390 homi·
1739 3344 1804 3391 nd
1832 3358 1975 3392 omne
2009 3342 2125 3390 anni
2165 3353 2354 3406 tempus
2379 3341 2590 3401 diceret,
2623 3352 2720 3392 etc.
2737 3366 2763 3384 ιι

634 3439 752 3474 num
764 3421 983 3470 moribus
994 3420 1318 3469 consulendus
1329 3430 1495 3468 orator
1510 3420 1656 3467 initio
1742 3422 1872 3470 Olim
1900 3422 2146 3485 legebatur
2165 3444 2191 3463 ιι
2209 3437 2284 3470 ree
2306 3437 2481 3470 comm.
2503 3421 2764 3471 utilitatem

630 3501 746 3551 libri
764 3499 909 3564 primi
933 3499 994 3546 de
1020 3497 1302 3545 inventione
1327 3509 1376 3544 et
1401 3498 1654 3547 Lucretius
1741 3502 2047 3549 continentes
2065 3523 2108 3550 ιι.

636 3580 830 3646 passim.
954 3635 959 3640 ⁴
1816 3581 1863 3627 8.
1891 3580 2129 3628 sla-nibus
2152 3589 2414 3643 sepserunt.
2433 3581 2493 3626 In
2508 3576 2641 3626 hanc
2657 3591 2769 3626 een·

705 3660 758 3708 6.
776 3656 873 3722 Qm'
888 3653 1043 3722 igitur
1052 3655 1218 3720 primi.
1235 3654 1485 3703 Lucretius
1502 3668 1515 3701 ε
1532 3677 1558 3697 ιι
1573 3659 1655 3703 In·
1742 3658 1939 3707 tentiam
1967 3659 2103 3722 plura
2131 3671 2180 3708 et
2207 3657 2595 3722 prestantissima
2623 3657 2769 3706 debit

638 3740 780 3806 genio
805 3737 891 3801 qni
916 3735 1210 3799 praestabant
1224 3770 1239 3796 ‚
1270 3745 1319 3782 et
1351 3732 1501 3781 corde
1526 3735 1657 3798 vigo-
1741 3749 1907 3787 noster
1920 3739 1974 3786 in
1993 3733 2129 3786 libris
2147 3737 2209 3788 de
2226 3740 2355 3803 Rep.
2373 3753 2501 3802 past.

634 3820 751 3867 bant
765 3849 781 3872 ,
828 3814 1039 3863 condere
1079 3823 1332 3877 coepernnt
1372 3811 1516 3860 nrbes
1533 3845 1547 3860 .
1570 3846 1582 3859 .
1607 3836 1655 3860 ,n
1814 3835 1863 3881 9.
1906 3817 2182 3882 Displicent.
2235 3818 2326 3866 Vel
2370 3816 2633 3881 displicent
2677 3831 2734 3864 ee
2753 3851 2771 3876 ‚

632 3895 845 3946 Laudem
864 3894 987 3940 hune
1003 3892 1193 3940 vatibus
1214 3892 1382 3939 tribuit
1402 3892 1653 3952 Horatius,
1739 3911 1847 3960 quae
1863 3907 2009 3957 sunu
2034 3898 2112 3945 vel
2135 3898 2337 3945 omnino
2354 3911 2459 3946 non
2476 3905 2611 3944 sunt.

635 3974 906 4027 oratoribus
933 3970 1125 4021 Cicero.
1816 3991 1897 4023 ιο.
1945 3968 2009 4022 'Ue
2040 3975 2196 4024 virtus
2230 3975 2493 4023 andaciam
2530 3974 2771 4022 vinceret.

706 4072 751 4114 7.
774 4052 860 4101 Aa
868 4065 1164 4099 communem
1177 4051 1448 4100 militatem.
1463 4051 1651 4115 Nempe
1741 4058 1810 4103 Ut
1843 4055 2073 4102 audacem
2105 4058 2282 4103 virtute
2316 4055 2548 4118 praeditus
2579 4054 2773 4117 legibue

633 4135 927 4199 pertinentes
944 4148 957 4190 ;
977 4148 1083 4194 quae
1103 4132 1296 4178 concisa
1313 4131 1500 4178 locutio
1514 4144 1652 4193 egre·
1744 4134 1958 4197 puniret.
