2994 4778
641 403 768 475 192
1269 374 1365 441 M.
1419 374 1497 440 T.
1552 371 2128 441 CICERONIS

633 498 801 570 dicii
853 496 1260 580 veritatem,
1313 515 1473 589 quae
1526 492 1785 560 mutari
1842 487 2046 559 nullo
2101 487 2321 561 modo
2363 505 2647 587 potest,
2688 493 2763 561 in

632 607 1001 677 voluntate
1029 606 1314 679 testium
1345 599 1681 671 collocari
1709 598 1972 685 sinam3
2005 621 2166 694 quae
2194 595 2527 689 facillime
2560 598 2768 696 fingi,

633 714 839 787 nullo
873 716 1167 809 negotio
1204 709 1396 781 flecti
1431 731 1514 778 ac
1549 705 1968 803 detorqueri
2005 722 2265 803 potest.
2302 705 2770 804 Argumentis

638 828 1051 921 agemus¹¹;
1088 822 1312 915 signis
1348 816 1548 887 omni
1586 815 1748 887 luce
1784 814 2207 887 clarioribus
2242 818 2543 888 crimina
2569 815 2771 888 refel-

638 934 893 1005 lemus.
946 937 1085 1002 Res
1122 953 1285 1000 cum
1326 952 1441 1014 re,
1481 950 1692 998 causa
1728 950 1895 997 cum
1932 949 2175 1012 causa,
2219 931 2402 999 ratio
2442 952 2613 1003 cum
2652 952 2769 998 ra·

637 1047 835 1114 tione
878 1037 1250 1139 pugnabit.

734 1156 816 1222 X.
860 1156 1109 1246 Itaque
1150 1147 1341 1217 illam
1389 1158 1668 1243 partem
1692 1154 1714 1186 ¹
1762 1167 1988 1215 causae
2026 1143 2230 1216 facile
2266 1147 2503 1243 patior
2543 1150 2769 1243 gravi·

635 1282 746 1337 ter
780 1276 853 1332 et
886 1270 1138 1330 ornate
1175 1281 1215 1327 a
1248 1260 1343 1326 M.
1384 1259 1641 1327 Crasso
1687 1277 1839 1324 esse
1884 1268 2284 1352 peroratam
2305 1308 2325 1341 ‚
2368 1254 2460 1324 de
2492 1254 2773 1327 seditio-

639 1371 857 1444 nibus
910 1365 1437 1464 NeapolitaniS,
1506 1364 1596 1435 de
1651 1359 2300 1435 Alexandrinorum
2364 1367 2771 1463 pulsatione

637 1479 1067 1565 Puteolana,
1116 1476 1206 1548 de
1258 1475 1472 1546 bonis
1528 1473 1759 1545 Pallae.
1805 1473 2084 1544 Vellem
2132 1474 2405 1546 dictum
2454 1491 2642 1547 esset
2685 1474 2771 1547 ab

643 1590 899 1665 eodem
933 1589 1149 1658 etiam
1186 1584 1277 1655 de
1312 1584 1547 1654 Dione
1580 1609 1595 1652 ε
1637 1582 1728 1654 de
1766 1608 1916 1679 quo
1954 1584 2112 1680 ipso
2150 1589 2391 1655 tamen
2426 1585 2612 1683 quid
2649 1603 2772 1671 est,

644 1696 846 1798 quod
897 1694 1353 1792 exspectetis;
1395 1691 1597 1789 quod
1630 1694 1720 1780 is,
1758 1694 1884 1789 qui
1921 1691 2123 1781 fecit,
2169 1710 2294 1765 aut
2339 1720 2488 1765 non
2530 1698 2773 1782 timet,

649 1821 775 1883 aut
815 1806 1030 1877 etiam
1078 1801 1386 1874 fatetur?
1432 1807 1557 1873 Est
1600 1804 1792 1873 enirn
1834 1828 2000 1874 reus
2020 1814 2072 1890 ²,
2115 1808 2243 1900 qui
2287 1805 2501 1900 hujus
2546 1804 2776 1877 dictus

649 1930 755 1988 est
791 1929 864 1987 et
909 1911 1191 2008 adjutor
1233 1911 1491 1998 fuisse,
1543 1925 1617 1981 et
1666 1913 2033 2000 conscius,
2079 1916 2155 1983 P.
2206 1915 2531 1985 Ascitius.
2570 1920 2639 1985 Is
2663 1916 2775 2011 ju·

648 2026 841 2098 dicio
875 2039 984 2096 est
1011 2021 1371 2093 liberatus.
1403 2020 1623 2113 Quod
1649 2021 1867 2118 igitur
1897 2037 2005 2093 est
2033 2022 2453 2117 hujusmodi
2479 2026 2777 2108 crimen,

649 2151 730 2210 ut
751 2191 771 2225 ‚
812 2136 943 2233 qui
977 2135 1332 2211 commisit
1354 2186 1374 2220 ,
1410 2156 1561 2202 non
1598 2146 1846 2231 neget3
1882 2134 2010 2229 qui
2047 2136 2367 2229 negavit,
2404 2132 2777 2205 absolutus

652 2245 791 2319 sit?
827 2244 902 2315 id
937 2243 1054 2314 hic
1085 2243 1535 2340 pertimescat
1554 2296 1572 2328 ‚
1610 2244 1738 2339 qui
1766 2267 1917 2312 non
1948 2240 2167 2313 modo
2198 2266 2238 2312 a
2270 2240 2493 2329 facte,
2528 2268 2779 2314 verum

647 2456 728 2505 vel
753 2452 997 2503 sumenda
1023 2450 1224 2499 ultionis
1249 2466 1359 2514 spes
1376 2483 1393 2511 ,
1428 2461 1668 2514 tamquam

650 2545 823 2585 ventus
847 2531 1097 2581 adflaverit
1109 2566 1124 2592 ,
1141 2546 1202 2578 eo
1219 2528 1358 2577 facile
1373 2528 1671 2576 deferuntur.

685 2661 688 2666 ,
729 2631 750 2663 1
765 2630 807 2665 1.
860 2607 1174 2676 Argumentis
1222 2623 1419 2673 agemus
1431 2625 1452 2663 ‚·
1501 2605 1669 2671 signis.

653 2695 824 2745 Cicero
846 2692 898 2738 in
918 2687 1262 2754 partitionibus
1283 2685 1521 2742 oratoriis,
1538 2684 1672 2746 signa

653 2773 803 2821 modo
828 2768 1054 2834 proprias
1085 2781 1240 2813 rerum
1267 2775 1409 2811 notas
1434 2761 1674 2826 appellat,

655 2850 805 2899 modo
829 2847 1051 2912 quaedam
1062 2843 1201 2908 facti
1226 2841 1457 2906 vestigia.
1497 2843 1675 2890 Demo-

657 2931 851 2979 sthenes
884 2935 1051 2972 contra
1089 2921 1444 2971 Androtionem
1472 2933 1486 2967 ε
1523 2941 1550 2962 α
1578 2919 1677 2967 Ne-

658 3023 787 3058 cesse
817 3015 889 3053 est
917 3017 1001 3050 eos
1033 3001 1118 3065 qui
1152 2999 1386 3064 probant,
1420 3008 1504 3045 aut
1536 3013 1678 3060 argu·

657 3087 830 3136 mentis
874 3083 997 3143 niti,
1035 3097 1122 3146 per
1165 3095 1273 3143 quae
1318 3078 1389 3125 rei
1429 3078 1679 3126 veritatem

658 3165 798 3214 vobis
821 3163 1090 3222 declarent,
1105 3169 1189 3208 sut
1213 3159 1516 3219 conjecturas
1538 3156 1680 3204 affer·

659 3261 740 3302 re,
767 3254 852 3291 aut
872 3239 1141 3306 producere
1167 3247 1310 3285 testes
1329 3259 1373 3285 n.

727 3324 798 3370 X.
835 3337 878 3368 ι.
912 3321 1084 3381 Itaque
1115 3317 1249 3364 illam
1274 3326 1489 3379 partem.
1524 3313 1682 3363 Multa

658 3401 847 3446 fuerant
865 3396 1020 3445 Coelio
1037 3394 1225 3453 objecta
1245 3392 1472 3447 crimina,
1493 3406 1602 3453 quae
1620 3389 1683 3436 ad

659 3477 758 3523 vim
779 3473 1023 3538 publicam
1047 3469 1352 3535 pertinebant
1367 3503 1383 3528 ,
1406 3480 1455 3516 et
1472 3467 1585 3516 ideo
1605 3468 1684 3515 die

661 3557 785 3603 festo
813 3567 1004 3599 causam
1029 3548 1235 3596 dicebat.
1275 3546 1490 3593 Primum
1509 3580 1526 3603 ‚
1550 3547 1686 3610 quod

664 3630 876 3695 Neapoli
930 3627 1193 3676 seditiones
1244 3624 1560 3683 concitasset,
1608 3625 1687 3674 vel

666 3712 835 3760 saltem
852 3709 913 3756 iis
932 3705 1243 3756 interfuisset.
1263 3703 1482 3751 Alterum
1493 3739 1510 3766 ,
1526 3704 1682 3768 quod,

667 3789 928 3839 Ptolemaeo
944 3787 1125 3844 favens,
1138 3782 1320 3848 legatos
1330 3782 1686 3832 Alexandrinos

668 3871 754 3934 qni
788 3877 956 3915 contra
987 3880 1149 3929 regem
1182 3864 1389 3912 Romsm
1411 3860 1689 3926 proficisce-

667 3949 845 3997 bantur
860 3981 876 4005 ‚
925 3944 1189 4009 pulsasset,
1230 3943 1332 3990 sive
1384 3942 1687 3991 trucidasset.

666 4026 887 4076 Tertium
899 4024 1081 4072 crimen
1094 4031 1194 4071 erat
1207 4021 1269 4070 de
1281 4020 1424 4069 bonis
1435 4021 1690 4082 cujusdam

667 4104 838 4165 rnna,
854 4118 966 4169 qun
983 4116 1073 4168 per
1088 4101 1189 4151 vim
1205 4109 1290 4148 aut
1310 4098 1526 4149 fraudem
1545 4100 1688 4150 iuva·

1754 2450 1872 2498 sisse
1906 2450 2091 2499 Coelius
2117 2449 2383 2499 dicebatur.
2414 2455 2661 2514 Quartum
2694 2454 2783 2500 cri·

1755 2545 1868 2577 men
1887 2528 1949 2576 de
1974 2530 2132 2578 Dione
2159 2529 2415 2592 legationis
2439 2532 2782 2580 Alexandrinae

1756 2609 2002 2674 principe,
2014 2609 2100 2673 qui
2120 2609 2283 2672 paullo
2300 2621 2413 2672 post
2431 2610 2563 2658 alios
2581 2612 2781 2675 legatos,

1756 2689 2032 2749 adjuvante,
2045 2698 2101 2736 ut
2117 2689 2386 2745 ferebatur,
2402 2689 2587 2750 coelio,
2602 2691 2785 2738 occisus

1759 2778 1847 2817 est.
1873 2768 1962 2814 His
1988 2767 2141 2815 tribus
2172 2767 2459 2815 criminibus
2486 2770 2563 2817 Μ.
2592 2771 2788 2819 Crassus

1760 2845 2090 2909 responderat.
2113 2849 2351 2910 Quartum
2372 2846 2550 2894 Cicero
2574 2847 2732 2894 diluit.

1833 2940 1885 2971 2.
1911 2925 1999 2971 Est
2016 2925 2143 2972 enim
2167 2941 2289 2973 reus.
2314 2927 2435 2973 Haec
2452 2926 2603 2975 lectio
2622 2929 2789 2973 incon·

1762 3003 1906 3050 cinna
1924 3012 1970 3048 et
1984 3003 2146 3052 Tullio
2158 3003 2358 3068 indigna
2375 3005 2590 3055 videtur.
2608 3006 2789 3069 Optimi

1762 3081 2042 3130 Memmiani
2066 3083 2284 3140 codices,
2311 3095 2361 3131 et
2388 3084 2667 3131 Gruteriani
2684 3083 2802 3147 ple--

1766 3160 1932 3223 rique,
1964 3171 2013 3208 et
2051 3167 2162 3208 ante
2196 3161 2289 3209 hos
2327 3162 2440 3211 Car.
2481 3163 2755 3227 Stephanus
2775 3174 2790 3207 ε

1767 3262 1791 3281 κ
1809 3241 1895 3287 Est
1924 3240 2053 3287 enim
2078 3256 2192 3302 τας
2223 3242 2309 3305 qui
2340 3253 2506 3290 autem
2540 3242 2694 3289 dictus
2721 3253 2802 3287 est

1767 3329 1816 3366 et
1833 3318 2031 3382 adjutor
2046 3320 2190 3367 fnisse
2206 3355 2221 3379 ,
2238 3332 2287 3368 et
2309 3321 2568 3379 conscius,
2585 3323 2639 3368 P.
2658 3320 2802 3366 Asci-

1769 3397 1863 3445 tius
1880 3432 1895 3454 ‚
1911 3397 1952 3444 is
1964 3397 2153 3458 judicio
2174 3409 2246 3447 est
2259 3398 2494 3447 liberatus
2516 3420 2562 3448 ιι.
2583 3402 2807 3462 Apertus

1768 3484 1842 3522 est
1873 3475 2154 3540 probusque
2181 3493 2348 3525 sensus
2373 3491 2387 3525 ε
2417 3479 2505 3525 Est
2538 3477 2668 3525 enirn
2714 3494 2810 3525 rex

1770 3553 1813 3601 is
1845 3555 1929 3617 qui
1966 3555 2080 3602 fecit
2097 3591 2115 3617 ‚
2144 3566 2288 3620 atque
2313 3556 2503 3604 idcirco
2543 3572 2703 3619 neque
2722 3573 2813 3603 ne—

1771 3643 1878 3695 gat,
1896 3648 2051 3697 neque
2070 3634 2223 3683 timet.
2235 3637 2425 3682 Vocem
2441 3645 2605 3682 autem
2624 3635 2816 3683 diserte

1772 3710 1987 3774 praebent
2003 3711 2121 3760 editi
2137 3724 2318 3762 veteres
2337 3725 2386 3761 et
2398 3713 2558 3762 codex
2571 3712 2652 3760 ille
2672 3714 2818 3778 opti-

1772 3805 1880 3837 mus
1917 3791 2030 3840 Car.
2062 3793 2312 3856 Stephsni.
2352 3793 2469 3840 Eam
2511 3791 2820 3841 confirmant

1776 3868 1937 3916 Mssti
1978 3873 2143 3919 Franc.
2181 3882 2230 3919 et
2277 3870 2420 3920 Barb.
2459 3870 2575 3918 dum
2620 3870 2823 3918 habent

1777 3958 1923 4004 ante,
1951 3949 2090 4012 quod
2113 3965 2176 3997 ex
2199 3965 2255 3997 ea
2278 3965 2399 3998 voce
2425 3949 2550 3997 solet
2569 3949 2699 3997 oriri
2714 3984 2734 4007 ,
2762 3961 2821 3996 ut

1777 4025 1921 4073 docet
1959 4027 2324 4076 Drakenborch.
2355 4028 2419 4077 ad
2456 4029 2641 4077 Livium
2658 4063 2679 4087 ‚
2720 4029 2821 4077 h’h.

1778 4105 1975 4156 xxvn
1989 4139 2007 4166 ,
2028 4122 2134 4171 cap.
2163 4107 2244 4156 35.
