2994 4778
532 390 925 460 ORATIO
974 388 1195 457 PRO·
1231 389 1519 457 R'EGE
1569 387 2130 459 DEIOTARO.
2245 389 2389 460 623

272 501 518 600 vim,
535 509 931 582 rediturum
957 507 1235 580 dixeras
1255 535 1272 577 τ
1296 510 1537 606 itaque
1553 505 1860 579 ‘fecisti².
1892 513 2160 581 Horam
2177 536 2393 600 unam

273 631 399 694 aut
433 622 611 692 duas
647 619 904 690 eodem
950 617 1113 689 loco
1151 632 1503 704 armatos,
1551 633 1634 688 ut
1672 618 2000 690 collocati
2033 618 2399 712 fuerant³‚

274 734 585 804 retinere
620 753 964 827 magnum
1007 725 1187 798 fuit?
1221 732 1466 819 Quum
1517 730 1589 797 in
1635 731 1963 800 convivio
2003 733 2304 803 comiter
2328 749 2401 805 et

268 842 590 938 jucunde
635 839 925 925 fuisses,
971 853 1120 910 tum
1169 839 1339 909 illuc
1383 840 1549 908 isti‘*
1577 893 1596 923 ‚
1649 853 1730 909 ut
1778 837 2077 912 dixeras.
2118 846 2284 932 Quo
2325 846 2397 914 in

276 954 441 1028 loco
474 952 892 1046 Dejotarum
943 949 1154 1019 talem
1198 972 1361 1045 erga
1412 963 1483 1019 te
1528 950 1962 1045 cognovisti,
2013 952 2244 1048 qualis
2276 977 2399 1024 rex

278 1052 602 1133 Attalus⁵
650 1062 722 1130 in
760 1065 836 1130 P.
873 1057 1285 1130 Africanum
1322 1055 1456 1128 fuit
1490 1084 1507 1126 ε
1545 1059 1661 1129 cui
1701 1058 2401 1155 magnificentissima

279 1173 507 1255 dona,
553 1188 638 1244 ut
687 1172 1032 1268 scriptum
1086 1170 1389 1268 legimus
1408 1165 1465 1254 ⁶,
1520 1194 1751 1265 usque
1805 1169 1898 1241 ad
1945 1175 2398 1245 Numantiam

282 1281 471 1351 misit
514 1304 609 1350 ex
654 1280 847 1364 Asia3
899 1302 1060 1376 quae
1109 1277 1520 1368 Africanus,
1564 1283 2006 1378 inspectante
2046 1286 2402 1372 exercitu,

278 1391 571 1488 accepit.
602 1388 1089 1485 Quod-quum
1122 1413 1432 1488 praesens
1465 1391 1849 1485 Dejotarus
1868 1446 1886 1478 ,
1921 1393 2119 1488 regio
2147 1408 2217 1465 et
2253 1397 2403 1465 ani·

282 1525 402 1571 mo
463 1515 536 1571 et
587 1523 818 1585 more,
876 1496 1200 1585 fecisset3
1260 1513 1339 1570 tu
1394 1501 1469 1568 in
1532 1500 1945 1572 cubiculum
2005 1501 2402 1584 discessisti.

279 1608 632 1696 Obsecm,
686 1612 961 1694 Caesar,
1012 1624 1259 1706 repete
1296 1595 1664 1706 'temporis
1711 1610 1901 1682 illius
1951 1615 2404 1704 memoriam-3

281 1747 476 1820 pone
526 1721 726 1792 illum
784 1732 949 1789 ante
1006 1720 1259 1790 oculos
1296 1718 1532 1807 diem3
1574 1719 1816 1790 vultus
1869 1721 2295 1794 hominumv
2333 1739 2403 1796 te

281 1832 719 1903 intuentium
755 1843 972 1926 atque
1004 1829 1510 1900 admirantium
1543 1828 1921 1903 recordare
1968 1857 1983 1900 τ
2021 1857 2206 1903 num
2242 1859 2404 1932 quae

280 1940 706 2041 trepidatio?
746 1963 924 2009 num
976 1940 1104 2036 qui
1142 1939 1551 2011 tumultus?
1599 1962 1775 2008 uum
1814 1939 2027 2035 quid,
2074 1943 2209 2013 nisi
2246 1968 2403 2013 mo—

283 2050 561 2137 derate,
590 2050 727 2122 nisi
750 2051 996 2144 quiete
1018 2101 1037 2133 ‚
1067 2049 1201 2118 nisi
1235 2073 1322 2119 ex
1354 2049 1666 2118 hominis
1698 2051 2089 2145 gravissimi
2126 2066 2198 2122 et
2248 2075 2405 2124 san-

281 2160 577 2231 ctissimi
655 2157 1075 2255 disciplina?
1149 2157 1345 2245 Quid
1423 2159 1641 2254 igitur
1711 2181 1940 2229 causae
2018 2163 2403 2258 excogitari

285 2283 560 2368 potest,
614 2292 745 2339 cur
800 2283 869 2338 te
920 2267 1194 2337 lautum
1248 2261 1633 2354 voluerit⁸‚
1676 2282 2038 2338 coenatum
2089 2270 2404 2342 noluerit

284 2379 660 2451 occidere?
715 2384 798 2449 In
859 2393 1271 2475 posterum,
1332 2379 1605 2475 inquit,
1660 2375 1852 2448 diem
1919 2376 2232 2466 distulit,
2283 2397 2403 2470 ut,

283 2514 514 2587 quum
549 2490 624 2558 in
657 2488 1022 2559 castellum
1056 2489 1451 2560 Luceium9
1491 2501 1785 2559 ventum
1818 2503 2041 2575 esset,
2072 2488 2170 2559 ibi
2208 2494 2404 2588 cogi-

250 2654 253 2657 n
283 2613 430 2669 tata
471 2596 866 2696 perficeret.
900 2600 1061 2667 Non
1098 2597 1309 2668 video
1347 2622 1633 2669 causam
1668 2599 1809 2669 loci
1839 2598 2166 2669 mutandi
2216 2626 2233 2668 ε
2279 2601 2404 2672 sed

284 2722 526 2781 tamen
557 2718 781 2779 acta¹⁰
806 2731 922 2778 res
942 2708 1319 2780 criminose
1345 2724 1471 2780 est.
1502 2712 1747 2798 Quum
1766 2763 1786 2797 ‚
1815 2709 2085 2804 inquit,
2113 2733 2405 2784 vomere

354 2872 404 2921 a.
428 2874 600 2935 Itaque
601 2868 788 2936 fecisti.
810 2862 1039 2920 Coenatus
1058 2870 1121 2918 ad
1143 2872 1297 2937 inspi·
1461 2887 1507 2939 7.
1554 2873 1726 2921 Vultus
1778 2871 2041 2922 bominum.
2098 2874 2196 2937 Qui
2247 2890 2405 2922 sermo

285 2950 455 2999 cienda
488 2966 682 2998 munera
719 2961 768 2998 te
802 2949 1080 3008 contulisti,
1105 2959 1161 2997 ut
1187 2962 1299 2999 ante
1385 2951 1585 3015 quidam
1615 2951 1789 2999 tacitus
1823 2953 1997 2999 mentis
2023 2964 2112 3000 est.
2151 2951 2230 3000 Sic
2259 2953 2402 3001 etiam

284 3046 471 3079 coenam
499 3040 546 3077 te
574 3030 809 3077 facturum
833 3045 935 3076 esse
960 3014 1262 3093 promiseras.
1386 3045 1476 3094 pro
1497 3030 1716 3087 Milone,
1742 3046 1849 3094 cap.
1874 3032 1937 3077 23
1959 3045 1973 3079 :
2000 3032 2074 3077 -Ε
2097 3031 2236 3079 vultu
2257 3032 2405 3079 Milo-

359 3111 407 3158 3.
429 3112 655 3157 Fuerant.
681 3107 764 3155 Al.
786 3106 993 3168 ficerunt.
1012 3109 1061 3156 J.
1087 3110 1150 3155 V.
1169 3110 1223 3158 L.
1385 3110 1488 3169 nis,
1505 3118 1597 3157 etc.
1620 3110 2032 3157 a-Inmeneium,
2056 3110 2240 3158 Eodem
2265 3127 2406 3160 sensu

360 3199 412 3244 4.
438 3187 547 3236 Isti.
577 3187 658 3236 Al.
683 3185 818 3234 ivisti·
842 3189 889 3235 J.
909 3189 972 3232 V.
998 3189 1052 3234 L.
1384 3187 1716 3236 in'Maniliana
1739 3201 1753 3235 :
1792 3208 1814 3229 ι
1841 3187 1975 3236 Sicut
1994 3188 2203 3252 aliquem
2223 3205 2325 3238 non
2345 3206 2404 3239 ex

360 3267 407 3316 5.
442 3267 647 3315 Actaeas.
672 3266 786 3314 Ant.
829 3263 1166 3321 Bendinellns‚
1190 3266 1297 3313 Ro·
1385 3267 1476 3315 hac
1508 3266 1624 3315 urbe
1648 3267 1846 3314 missum
1865 3301 1880 3326 ‚
1916 3266 2005 3315 sed
2041 3267 2102 3316 de
2128 3268 2249 3316 caelo
2274 3268 2407 3317 dela-

284 3345 550 3406 bortellus,
580 3345 757 3409 aliique
792 3344 959 3408 legunt
996 3342 1262 3391 Antiochus
1282 3377 1297 3402 ‚
1385 3361 1528 3409 psum
1564 3345 1817 3393 intuentur
1836 3366 1876 3392 a.

287 3441 347 3474 ex
384 3426 599 3490 Epitom.
644 3424 829 3471 Livian.
860 3423 942 3483 57.
979 3423 1026 3470 J.
1050 3424 1114 3471 V.
1138 3426 1194 3471 L.
1231 3447 1301 3460 -—·
1460 3426 1510 3472 8.
1541 3427 1605 3473 Te
1626 3425 1812 3472 lautum
1830 3424 2053 3474 voluerit.
2080 3424 2332 3476 Occidere.

287 3507 467 3553 'Verum
504 3504 696 3552 codices
733 3517 899 3550 omnes
936 3502 1152 3550 Attalum
1182 3503 1301 3551 refe·
1461 3519 1513 3567 9.
1535 3502 1792 3553 Castellum
1820 3502 2065 3553 Luceium.
2087 3508 2303 3570 Apparet
2327 3521 2407 3553 ca·

288 3593 402 3631 runt
418 3617 435 3642 ‚
461 3583 770 3631 consentiunt
797 3582 940 3628 etiam
961 3581 1270 3629 Ambrosiani
1298 3618 1312 3640 ‚
1391 3583 1583 3631 stellam
1620 3584 1673 3630 in
1698 3582 1932 3630 suburbio
1961 3582 2106 3630 fuisse
2121 3619 2137 3646 ,
2162 3594 2245 3632 aut
2266 3583 2408 3647 regiae

288 3673 346 3710 nt
375 3672 575 3710 testatur
592 3661 808 3726 Angelus
839 3661 979 3719 Mai‚·
1013 3661 1204 3709 credam
1240 3661 1301 3709 il·
1388 3664 1671 3728 proximum
1687 3697 1701 3719 ‚
1738 3662 1803 3709 ita
1828 3674 1886 3711 ut
1904 3662 2062 3710 Caesar
2082 3660 2144 3708 sd
2173 3660 2294 3709 illud
2321 3678 2405 3711 ac·

287 3739 376 3788 lud
397 3756 499 3787 esse
519 3740 766 3790 Ciceronis
805 3738 1080 3812 ἁμάρτημα.
1122 3759 1307 3810 31.me-
1391 3744 1616 3800 cesserit,
1640 3739 1756 3788 dum
1775 3739 1951 3804 regiam
1973 3741 2199 3798 intr-reu
2228 3741 2404 3803 postri-

288 3820 433 3871 ναόν.
1394 3820 1473 3867 die
1507 3832 1667 3867 autem
1714 3819 1943 3866 invitatus
1977 3818 2120 3865 fuerit
2147 3817 2210 3863 ad
2239 3819 2409 3866 convi-

361 3901 412 3947 6.
442 3902 505 3973 Ut
540 3898 769 3964 scriptum
815 3899 1032 3965 legimus.
1059 3901 1118 3947 In
1146 3899 1215 3946 eis
1248 3897 1307 3946 li·
1392 3898 1525 3946 vium
1543 3900 1593 3945 in
1613 3895 1808 3944 castello
1823 3898 2002 3945 Luccio
2019 3894 2378 3946 celebrandum.

289 3976 419 4035 bris,
435 3978 613 4042 quibus
640 3990 769 4026 caret
788 3988 901 4025 aetas
912 3990 1093 4027 nostra.
1117 4003 1184 4014 --
1205 3978 1306 4025 Nu·
1468 3992 1550 4026 10.
1580 3974 1728 4025 Acca.
1758 3979 1943 4026 Ernest.
1965 3975 2164 4037 conjicit
2181 4012 2195 4036 ,
2236 3977 2370 4041 clieta¹
2391 3995 2409 4033 ,-

291 4057 548 4106 manu'asn.
565 4056 1307 4122 Rispaniaenrbem,qnnmAf1-i-
1393 4053 1590 4103 Schiitz.
1619 4057 1671 4103 in
1715 4055 1938 4103 ordinem
1977 4054 2173 4120 recepit.
2205 4057 2412 4103 Frustra.

292 4152 440 4185 canus
466 4144 656 4202 captam
673 4136 864 4185 delevit.
1391 4136 1443 4182 J.
1466 4136 1533 4182 V.
1565 4136 1620 4181 L.
