2994 4778
1017 171 1041 223 Ι

934 407 1215 477 ARGU
1236 406 1708 478 MENTUM.
2233 400 2369 487 431

337 541 469 586 tam.
495 533 652 605 Ergo
687 526 755 586 iis
779 525 938 585 credi
962 546 1081 585 non
1101 540 1401 606 oportere,
1427 526 1475 585 si
1503 525 1698 584 dicant
1719 536 1941 602 partem
1973 523 2096 601 ejus
2123 525 2379 599 pecunia

334 625 404 682 ad
428 623 727 683 Rabirium
750 623 1113 701 pervenisse,
1139 644 1263 703 cap.
1291 644 1358 681 ια
1376 667 1392 695 ,
1428 626 1517 682 ι3.

411 722 678 799 Denique
719 721 1043 781 ostenditur
1077 722 1202 781 lites
1234 741 1352 800 quo
1390 742 1458 779 ea
1495 720 1740 799 pecunia
1768 718 2096 797 pervenerit
2122 737 2240 776 non
2266 720 2383 778 suis

332 819 586 897 propriis
608 818 877 896 judiciis,
912 817 1012 875 sed
1046 817 1106 875 in
1150 838 1310 877 reum
1358 817 1523 875 factis
1563 815 1937 874 condemnari
1974 816 2181 877 solere.
2216 820 2387 874 Nunc

334 928 527 973 autem
556 914 813 972 accusari
848 934 1007 986 eum,
1045 914 1143 992 qui
1176 914 1480 993 pecuniam
1510 934 1629 971 non
1658 912 1959 971 abstulerit
1984 931 2019 970 a
2042 931 2208 990 rege,
2238 913 2386 971 sicut

335 1008 621 1070 Gabinius
643 1023 943 1070 accusatus
966 1010 1069 1082 sit,
1097 1011 1198 1070 sed
1232 1011 1538 1070 maximam
1564 1010 1869 1088 pecuniam
1898 1009 2020 1087 regi
2048 1007 2380 1068 crediderit.

331 1112 564 1166 Vanum
591 1108 764 1166 etiam
797 1106 939 1166 illud
970 1127 1118 1180 esse,
1150 1108 1309 1185 quod
1343 1107 1611 1166 nonnulli
1639 1105 1867 1178 dicant,
1897 1104 2201 1164 Rabirium
2225 1107 2383 1166 illam

330 1204 636 1282 pecuniam
668 1203 921 1274 habere,
966 1204 1066 1263 sed
1094 1206 1298 1263 celare.
1345 1210 1552 1283 Neque
1592 1203 1745 1261 enim
1764 1246 1782 1275 ,
1818 1202 1979 1281 quod
2020 1202 2175 1262 dicat
2216 1222 2385 1262 accu-

331 1314 512 1372 sator,
535 1318 739 1357 verum
770 1319 912 1372 esse,
938 1299 1242 1359 Rabirium
1259 1300 1626 1359 Alexandriae
1643 1300 2003 1358 dominatum
2028 1319 2181 1371 esse,
2206 1300 2382 1359 immo

331 1415 475 1454 vero
515 1416 646 1454 eum
674 1395 733 1454 in
760 1395 1173 1475 superbissimo
1205 1397 1507 1456 dominatu
1552 1397 1755 1468 fuisse,
1803 1396 2112 1455 familiares
2149 1416 2283 1455 suos
2316 1398 2379 1456 in

332 1491 580 1550 vinculis
597 1491 838 1565 vidisse3
865 1492 936 1550 ad
962 1506 1282 1552 extremum
1305 1492 1526 1551 nudum
1546 1506 1603 1550 et
1621 1505 1882 1572 egentem
1900 1512 1933 1550 e
1951 1511 2131 1571 regno
2153 1493 2379 1571 fugisse.

331 1593 633 1646 Postremo
659 1587 815 1665 quod
848 1602 1227 1666 permutatam
1264 1608 1385 1647 esse
1424 1588 1655 1647 aliunde
1695 1589 2006 1667 pecuniam
2038 1589 2285 1662 dicatur,
2317 1589 2378 1648 id

329 1685 494 1743 nullo
517 1703 755 1762 prorsus
783 1698 1149 1763 argumente,
1178 1686 1287 1744 nisi
1313 1685 1624 1744 vanissimo
1651 1705 1886 1744 rumore
1911 1685 2052 1757 niti,
2095 1705 2222 1764 cap.
2248 1694 2338 1755 14.

411 1787 710 1840 Postremo
739 1780 1012 1853 docetur,
1047 1781 1350 1842 Rabirium
1395 1802 1513 1841 una
1552 1785 1792 1841 Cmaris
1831 1782 2173 1841 liberalitate
2212 1784 2381 1842 susti·

330 1878 461 1936 neri
475 1922 492 1951 ,
522 1897 651 1955 quae
670 1878 780 1936 nisi
797 1877 1024 1951 fuisset,
1049 1879 1102 1936 ei
1118 1878 1238 1956 jam
1260 1878 1494 1957 quidem
1516 1898 1698 1957 quum
1724 1879 1797 1937 ad
1820 1899 2099 1940 summam
2124 1881 2377 1959 inopiam

327 1974 599 2034 redactus
626 1987 801 2046 esset,
836 1976 964 2032 soro
999 1974 1317 2034 cedendum
1352 1977 1555 2048 fuisse,
1577 1996 1704 2056 cap.
1726 1977 1827 2048 15,
1855 1978 1944 2034 16.

409 2076 478 2130 In
504 2071 869 2129 conclusione
892 2072 1096 2129 Cicero
1124 2070 1428 2131 Rabirium
1458 2070 1726 2149 judicum
1765 2071 2173 2131 misericordiae
2214 2092 2375 2131 com-

326 2168 598 2241 mendat,
632 2169 868 2246 ejusque
893 2168 953 2226 in
978 2188 1039 2227 se
1061 2168 1318 2228 exsulem
1346 2167 1628 2228 beneficia
1656 2183 2101 2242 commemorat,
2130 2190 2257 2248 cap.
2285 2191 2377 2242 17.
