2994 4778
659 422 1053 491 ORATIO
1103 425 1308 491 PRO
1359 427 1433 491 P.
1493 425 1890 493 SEXTIO.

2233 419 2324 515 73

207 568 359 615 non
415 542 709 612 restitui
762 541 957 639 lege,
1019 541 1142 612 sed
1200 546 1519 616 revocari
1574 558 1857 614 senatus
1907 542 2325 613 auctoritate

212 666 567 749 oportere.
625 656 875 736 Hune,
923 675 1135 720 nemo
1187 668 1373 739 erat,
1425 654 1603 749 quin
1658 653 2014 723 verissime
2060 655 2327 722 sentire

210 762 499 833 diceret.
538 758 682 831 Sed
717 773 885 857 post
920 784 1084 830 eum
1120 777 1409 858 rogatus
1444 766 1576 833 Cn.
1615 761 2038 858 Pompeiu5‚
2080 784 2328 858 appro-

204 870 367 942 bata
411 868 857 965 laudataque
895 871 1116 939 Cottae
1156 871 1544 954 sententia,
1587 868 1804 955 dixit,
1841 892 1993 938 sese
2031 869 2152 938 otii
2186 869 2329 937 mei

204 1002 460 1066 causa,
522 992 612 1048 ut
650 977 870 1046 omni
923 977 1249 1074 populari
1300 979 1775 1062 concitatione
1834 974 2333 1075 defungerer⁶‚

203 1111 554 1173 censere,
609 1101 697 1156 ut
743 1085 830 1156 ad
879 1102 1167 1158 senatus
1209 1090 1701 1160 auctoritatem
1748 1086 2000 1184 populi
2042 1109 2336 1183 quoque

202 1200 501 1267 romani
529 1192 966 1265 beneficium
999 1218 1160 1292 erga
1193 1221 1312 1268 me
1345 1195 1868 1292 adjungeretur.
1900 1199 2147 1284 Quum
2179 1217 2338 1263 om·

202 1331 339 1377 nes
376 1308 712 1376 certatim
735 1355 755 1390 ‚
790 1302 1114 1400 aliusque
1150 1306 1290 1376 alio
1328 1308 1608 1404 gravius
1644 1321 1859 1402 atque
1895 1307 2215 1391 ornatius
2247 1301 2338 1371 de

206 1440 368 1487 mea
419 1415 659 1485 salute
694 1413 1018 1499 dixisset,
1059 1413 1413 1513 fieretque
1455 1417 1608 1487 sine
1647 1415 1792 1485 ulla
1826 1416 2162 1485 varietate
2196 1410 2343 1482 dis-

212 1526 496 1611 cessio;
546 1525 904 1611 surrexit,
958 1537 1040 1592 ut
1090 1524 1321 1609 scitis,
1381 1524 1666 1596 Attilius
1720 1523 1836 1595 hic
1891 1525 2247 1593 Gavianus
2274 1530 2344 1608 ⁷3

215 1658 355 1704 nec
431 1655 661 1703 ausus
720 1646 826 1702 est
856 1685 876 1716 ‚
932 1657 1159 1727 quum
1213 1648 1398 1704 esset
1461 1648 1788 1731 emptu5‚
1865 1630 2347 1718 intercedere3

219 1758 516 1815 noctem
562 1741 701 1840 sibi
753 1741 840 1812 ad
878 1742 1417 1814 deliberandum
1464 1744 1864 1841 postulavit.
1904 1743 2187 1813 Clamor
2236 1766 2346 1811 se·

224 1868 486 1937 natus,
533 1849 883 1948 querelae,
947 1876 1224 1950 preceS‚
1280 1848 1538 1925 socer⁸
1597 1853 1686 1923 ad
1734 1851 1955 1951 pedes
2008 1850 2345 1945 abjectus.

225 1964 348 2034 Ille
395 1987 478 2034 se
519 1959 915 2048 affirmare,
952 1976 1240 2057 postero
1284 1962 1398 2034 die
1439 1987 1716 2035 moram
1752 1962 2018 2033 nullam
2062 1956 2212 2031 esse
2247 1959 2349 2031 fa-

229 2088 547 2143 cturum.
579 2068 954 2141 Creditum
987 2085 1129 2159 est3
1170 2072 1554 2144 discessum
1596 2086 1723 2143 est.
1767 2071 1878 2141 Illi
1918 2072 2188 2140 interea
2219 2067 2349 2138 de-

232 2181 604 2279 liberatori
642 2203 951 2267 merem,
990 2179 1200 2277 longa
1240 2182 1660 2279 interposita
1698 2195 1949 2267 nocte,
1996 2178 2352 2276 duplicata

240 2307 363 2362 est.
408 2292 873 2386 Consequuti
926 2289 1075 2361 dies
1122 2292 1334 2388 pauci
1374 2291 1673 2362 omnino
1708 2290 2035 2385 januario
2073 2312 2356 2374 mense,

245 2424 372 2495 per
404 2425 596 2497 quos
642 2413 971 2469 senatum
1021 2399 1271 2472 haberi
1323 2401 1603 2486 liceret3
1657 2398 1781 2471 sed
1833 2413 2070 2470 tamen
2119 2413 2359 2470 actum

247 2509 466 2596 nihil,
508 2513 653 2579 nisi
688 2508 779 2579 de
812 2535 949 2580 me.

341 2624 619 2691 XXXV.
705 2620 951 2707 Quum
1024 2624 1221 2690 omni
1297 2644 1542 2703 mora,
1597 2615 2125 2703 ludificatione,
2183 2614 2364 2686 calu-

238 2731 488 2819 mnia¹,
527 2744 821 2801 senatus
857 2732 1271 2818 auctoritas²
1311 2728 1826 2828 impediretur:
1856 2728 2054 2798 venit
2079 2726 2365 2798 tandem

243 2839 532 2910 concilii
568 2839 662 2910 de
697 2863 814 2909 me
857 2839 1114 2937 agendi
1138 2834 1166 2881 ³
1201 2840 1350 2911 dies
1382 2865 1508 2911 vm
1549 2836 1886 2910 kalendas
1935 2834 2115 2908 febr.
2159 2837 2361 2906 Prin·

312 3010 367 3054 6.
400 3008 722 3071 Dfimgerer.
752 3007 1032 3056 Libenter:
1068 3023 1130 3054 ue
1155 3007 1264 3070 quis

235 3086 475 3134 tribuum
505 3085 574 3149 pl.
608 3085 868 3149 aliquando
905 3085 1183 3133 concitandi
1211 3086 1265 3133 iu

234 3181 322 3212 me
352 3163 531 3229 populi
556 3166 856 3212 oce-tionem
887 3163 1113 3221 haberet,
1151 3164 1265 3227 quia

234 3260 351 3302 me,
390 3243 497 3306 lege
532 3244 765 3302 ejectum,
799 3243 902 3290 siue
935 3243 1041 3305 lege
1078 3241 1267 3292 restitui

235 3339 345 3370 uon
377 3321 591 3386 potuisse
617 3321 814 3369 diceret.

314 3417 372 3461 7.
404 3398 669 3447 Gan‘aeznus.
692 3401 846 3448 Vetus
863 3414 1040 3448 nomen
1065 3399 1120 3446 iu
1141 3415 1269 3447 ames

236 3478 591 3545 producebant
632 3477 698 3536 ἰί,
744 3478 830 3541 qui
874 3477 1269 3541 adoptabatur:

237 3559 387 3623 quod
408 3557 526 3605 alibi
550 3573 749 3621 quoque
771 3556 1044 3606 docuimus.

1420 3025 1472 3056 a.
1509 3010 1712 3056 Senatus
1739 3007 2023 3055 auctoritas.
2056 3008 2251 3055 Summe
2279 3020 2368 3055 vo-

1348 3086 1509 3134 luutas
1529 3120 1545 3144 ‚
1598 3102 1748 3149 quum
1791 3085 2259 3134 temtuseonsuitum
2279 3111 2290 3119 .
2305 3084 2367 3131 de

1351 3164 1598 3212 Ciceronis
1619 3162 1778 3210 reditu
1806 3163 1986 3209 {actum
2004 3171 2208 3208 cunctus
2232 3177 2371 3209 teun-

1356 3251 1432 3289 tuo
1466 3256 1758 3305 meguopere
1793 3240 1936 3288 vellet
1968 3252 1983 3287 ε
2021 3239 2370 3304 impediebatur

1353 3330 1511 3368 nutem
1531 3335 1681 3376 mora,
1695 3329 1774 3377 ut,
1792 3334 1942 3382 quum
1959 3318 2159 3368 Attilius
2173 3330 2368 3368 noctem

1354 3399 1447 3447 sibi
1465 3397 1527 3446 ad
1550 3397 1909 3447 deliberandum
1927 3398 2217 3462 postulavit3
2241 3400 2373 3448 ludi·

1354 3474 1599 3535 ficatione,
1617 3486 1695 3534 ut,
1714 3492 1863 3539 quum
1876 3477 2097 3542 promitit
2111 3494 2160 3526 se
2173 3490 2371 3544 pontero

1359 3555 1437 3603 die
1458 3572 1645 3605 morem
1669 3554 1850 3603 nullam
1875 3573 1976 3604 esse
1997 3557 2232 3605 facturum
2246 3592 2261 3617 ‚
2285 3575 2376 3606 nee

320 3640 379 3686 8.
422 3639 582 3685 Socer.
624 3638 721 3686 Cu.
759 3638 984 3700 Oppius,
1017 3647 1074 3685 ut
1112 3636 1277 3685 videre
1362 3646 1553 3695 tamen,
1588 3634 1725 3700 quod
1755 3636 2070 3699 promiserat,
2112 3638 2370 3700 praestititz

249 3727 324 3763 est
358 3727 476 3780 post
505 3717 633 3765 Red.
662 3715 727 3763 ad
757 3714 898 3776 Quir.
928 3715 988 3776 5,
1012 3724 1062 3761 et
1086 3714 1146 3762 ad
1173 3717 1276 3762 Δεῖ.

255 3796 347 3851 lv,
371 3809 403 3840 ι
422 3829 436 3852 ,
462 3793 548 3842 ubi
579 3794 722 3858 plura
747 3793 956 3857 reperias
984 3791 1044 3839 de
1069 3802 1170 3840 tota
1191 3793 1299 3840 hac·

258 3872 495 3942 Clodiana
518 3872 816 3926 turbatione.

343 3951 558 3999 XXXV.
593 3967 645 4001 ι.
679 3948 947 3999 calumnia.
982 3949 1145 4011 Quum
1169 3950 1284 3998 falsa

254 4027 485 4093 quedam
533 4030 596 4077 ad
641 4045 830 4086 moram
883 4029 1281 4093 interponendam

250 4109 562 4156 afferrentur.

1367 3713 1601 3762 alumnia
1617 3748 1632 3772 ,
1655 3723 1709 3761 ut
1723 3746 1739 3772 ,
1756 3730 1904 3777 quum
1921 3714 2051 3761 falsa
2067 3730 2221 3762 cause
2234 3750 2252 3774 ,
2284 3716 2387 3764 dis-

1367 3791 1552 3840 serendi
1568 3793 1716 3854 gratia
1730 3825 1745 3849 ‚
1762 3807 1855 3854 pro
1873 3793 1998 3840 veris
2014 3791 2381 3842 adducerentur.

1441 3871 1489 3918 3.
1527 3870 1730 3917 Concilii
1752 3871 1814 3917 de
1837 3886 1913 3917 me
1936 3870 2130 3935 agendi.
2160 3872 2386 3920 Vocibus

1369 3947 1446 3996 his
1458 3959 1626 3996 monet
1637 3964 1664 3994 a
1686 3958 1851 3996 senatu
1863 3949 1925 3996 nd
1939 3948 2177 4012 populum
2194 3949 2382 3996 traduei

1370 4043 1469 4074 rem
1485 4043 1501 4084 ς
1519 4027 1640 4075 nihil
1657 4044 1771 4091 ergo
1791 4029 2070 4078 mutandum
2085 4062 2101 4087 ‚
2125 4029 2262 4091 quasi
2283 4042 2384 4073 nou

1369 4107 1446 4170 agi
1472 4107 1728 4155 concilium
1757 4107 1852 4156 diei
1881 4107 2061 4170 pouit,
2091 4120 2385 4170 quamquam
