2994 4778
200 500 762 520 mmm-mm
768 499 1313 520 mssmfflnmm
1318 499 1590 519 mm
1595 499 2142 522 mmmmm*
2148 502 2235 521 ”Q
2241 504 2294 522 §S
2301 505 2328 521 ἱ

716 728 1828 833 ARGUMENTUM.

203 988 387 1041 Anno
419 977 565 1040 Urb.
606 978 776 1037 cond.
812 997 957 1051 7oo,
989 982 1057 1036 T.
1092 978 1313 1035 Annius
1343 978 1513 1049 Milo,
1575 983 1633 1036 P.
1665 978 1884 1038 Plotius
1918 986 2227 1058 Hypsaeus,
2281 1000 2338 1042 et

291 1082 368 1149 Q.
396 1076 668 1135 Metellus
702 1075 897 1152 Scipio
930 1075 1292 1132 consulatum
1324 1074 1651 1154 petierunt:
1682 1095 1799 1151 quo
1832 1089 2093 1154 tempore
2119 1084 2181 1137 P.
2207 1082 2341 1138 Clo-

288 1174 425 1232 dius
451 1187 762 1253 praeturam
789 1170 1063 1230 ambibat.
1101 1177 1299 1249 Longa
1333 1192 1475 1230 vero
1502 1172 1620 1249 jam
1664 1172 1884 1231 dudum
1926 1195 2058 1232 eum
2093 1177 2246 1236 inter
2285 1191 2344 1236 et

288 1272 576 1330 Milonem
602 1269 737 1328 odia
764 1281 1135 1340 exarserant3
1163 1288 1411 1346 quorum
1452 1271 1510 1327 in
1557 1270 1756 1348 primis
1801 1273 2093 1330 Ciceronis
2131 1274 2189 1331 in
2234 1295 2341 1353 pa-

290 1370 465 1427 triam
493 1367 742 1437 reditus,
770 1387 940 1425 causa
964 1367 1149 1424 suerat
1176 1380 1234 1424 et
1256 1367 1541 1424 materies.
1566 1367 1853 1425 Intellexit
1873 1370 2090 1446 optime
2109 1371 2344 1431 Clodius

289 1485 414 1523 non
460 1464 627 1521 facile
663 1462 772 1521 sibi
806 1463 1067 1521 futurum
1099 1461 1515 1539 rempublicam
1542 1476 1831 1534 evertere,
1874 1465 1922 1521 si
1959 1466 2103 1524 Milo
2146 1471 2344 1526 consul

292 1552 756 1618 renuntiaretur:
787 1578 917 1617 nam
943 1569 1096 1615 certe
1127 1558 1297 1615 latius
1326 1559 1606 1635 grassanti
1629 1560 1776 1617 viam
1809 1561 1905 1617 ille
1941 1575 2066 1619 erat
2098 1565 2346 1641 praeclu-

293 1675 485 1714 surus.
518 1659 722 1732 Itaque
751 1655 906 1712 omni
934 1674 1047 1732 ope
1075 1653 1320 1711 adnixus
1347 1666 1462 1724 est,
1495 1668 1560 1710 ut
1581 1655 1786 1712 Miloni
1815 1655 2150 1730 obsisteret;
2182 1680 2344 1718 com-

294 1752 646 1832 petitoribus
688 1753 854 1823 favit,
903 1750 1206 1831 pecuniam
1252 1770 1359 1828 per
1397 1749 1652 1808 infimam
1699 1751 1926 1829 plebem
1971 1756 2346 1834 spargendam

294 1852 554 1921 curavit,
599 1850 921 1927 saepiusque
963 1849 1193 1906 comitia
1241 1867 1346 1925 per
1389 1848 1507 1904 vim
1554 1848 1613 1905 in
1656 1869 1860 1927 campo
1905 1851 2346 1913 disturbaverat.

296 1954 424 2007 Nec
451 1962 640 2005 tamen
671 1946 875 2004 Miloni
898 1964 1131 2023 quoque
1154 1944 1407 2002 fautores
1426 1943 1693 2016 deerant,
1712 1947 2052 2025 quotiesque
2072 1951 2238 2008 nimis
2261 1971 2351 2009 ar-

292 2057 577 2122 roganter
604 2064 727 2101 sese
749 2042 996 2121 jactaret
1026 2046 1087 2098 P.
1118 2038 1309 2099 Clodii
1338 2038 1575 2097 audacia
1593 2083 1609 2111 ‚
1649 2060 1741 2098 res
1773 2043 1975 2115 armiS,
2001 2064 2109 2121 per
2131 2046 2349 2123 gladia-

294 2157 488 2211 tores,
534 2138 967 2199 decernebatur.
1029 2139 1123 2197 Sic
1178 2136 1483 2215 saepissime
1533 2136 1690 2194 varia
1739 2152 2054 2217 pugnatum
2100 2143 2347 2201 fortuna.

295 2238 515 2297 Acrius
546 2238 763 2294 interea
792 2237 853 2293 in
886 2235 1008 2293 dies
1036 2234 1285 2292 accensis
1314 2233 1517 2291 animis
1535 2276 1552 2305 ,
1596 2231 1813 2292 diutius
1840 2235 1973 2293 odia
2009 2238 2106 2295 illa
2137 2242 2348 2298 confla·

301 2357 503 2416 grare,
532 2348 592 2394 et
613 2335 847 2394 excitari
877 2354 993 2393 non
1019 2344 1323 2411 poterant,
1348 2331 1488 2409 quin
1516 2332 1793 2391 alteruter
1809 2335 2044 2394 omnino
2065 2339 2351 2417 opprime-

301 2450 484 2494 retur.
519 2436 896 2494 Occasionem
935 2453 1052 2490 non
1097 2434 1173 2489 ita
1212 2429 1286 2489 ab
1321 2429 1485 2489 Urbe
1525 2431 1732 2509 procul
1775 2434 1893 2491 fors
1935 2434 2162 2494 obtulit.
2201 2439 2347 2496 Milo

294 2532 622 2591 Lanuvium
664 2530 943 2608 petierat,
991 2527 1063 2584 ad
1092 2527 1376 2585 flaminem
1408 2525 1802 2604 prodendum,
1836 2530 2187 2609 Clodiusque
2227 2535 2349 2610 pri-

297 2628 396 2687 die
427 2649 560 2686 cum
592 2627 825 2704 triginta
858 2622 1274 2703 gladiatoribus
1311 2623 1565 2682 Ariciam
1598 2638 1720 2682 erat
1750 2626 2065 2703 profectus.
2107 2633 2348 2686 Romam

296 2728 532 2787 rediens
574 2747 760 2807 prope
805 2723 1048 2782 fundum
1087 2741 1254 2780 suum
1295 2721 1501 2779 Miloni
1540 2724 1822 2782 occurrit:
1853 2725 2003 2783 inter
2049 2728 2348 2804 utriusque

296 2844 504 2883 servos
545 2825 670 2882 rixa
711 2823 852 2881 levis
893 2822 1146 2899 primum
1188 2819 1520 2876 exorditur:
1553 2839 1730 2896 quum
1759 2841 1898 2879 vero
1929 2820 2163 2881 Clodius
2187 2843 2355 2881 arro-

298 2922 532 3002 gantius
570 2923 632 2979 in
673 2920 1054 2992 Milonianum
1097 2918 1430 2975 comitatum
1467 2916 1736 2974 incedere
1767 2919 2094 2990 videretur,
2138 2921 2353 2993 Birria,

301 3039 455 3077 unus
484 3039 519 3076 e
546 3014 993 3097 gladiatoribus,
1015 3015 1321 3073 humerum
1349 3011 1470 3088 ejus
1506 3012 1701 3071 lancea
1731 3015 1970 3092 trajecit.
1996 3015 2140 3074 Inde
2161 3036 2356 3094 pugna

301 3117 539 3194 ingens,
570 3115 631 3172 in
667 3115 825 3192 ipsos
855 3131 1135 3170 conversa
1162 3108 1441 3167 dominos.
1474 3107 1675 3166 Rheda
1707 3111 1851 3170 Milo
1887 3110 2225 3187 vehebatur,
2250 3134 2356 3192 pe-

298 3212 538 3270 nulatus
566 3211 832 3288 quidem,
849 3230 978 3267 cum
1006 3227 1212 3278 uxore,
1233 3219 1291 3265 et
1318 3209 1481 3268 Fufio
1502 3204 1754 3282 qu'odam
1779 3207 2045 3265 familiari
2071 3228 2206 3279 suo;
2240 3211 2355 3270 cir-

300 3306 670 3367 cumstabant
723 3305 893 3385 pueri
938 3316 995 3361 et
1045 3303 1294 3374 ancillae3
1337 3303 1437 3361 sed
1483 3320 1663 3378 quum
1711 3301 1909 3378 paucis
1957 3316 2088 3360 ante
2153 3304 2358 3366 diebus

300 3404 548 3465 Clodius
578 3423 638 3462 se
660 3402 865 3460 Miloni
893 3421 1091 3460 necem
1121 3400 1389 3459 daturum
1406 3398 1762 3477 jactavisset,
1788 3398 2138 3476 sequebatur
2159 3404 2359 3482 ingens

302 3520 611 3562 servorum
640 3511 990 3557 armatorum
1018 3497 1518 3574 gladiatorumque
1557 3503 1773 3572 agmen.
1815 3495 2005 3554 Clodii
2044 3498 2212 3558 turba
2246 3522 2358 3559 nu-

304 3618 470 3658 mero
506 3596 713 3667 minor,
742 3617 775 3654 a
807 3594 1140 3652 Milonianis
1169 3614 1445 3672 oppressa
1476 3605 1591 3661 est,
1630 3593 1997 3670 graviterque
2027 3596 2359 3656 vulneratus

304 3693 578 3766 Clodius,
626 3693 684 3750 in
722 3690 1045 3770 proximam
1088 3689 1386 3748 tabernam
1431 3709 1464 3747 a
1505 3689 1620 3747 suis
1661 3701 1745 3747 est
1787 3689 2026 3747 delatus.
2051 3698 2212 3750 Jaeta
2235 3708 2360 3753 erat

302 3792 467 3850 alea:
516 3791 711 3867 itaque
760 3788 903 3845 Milo
960 3806 1052 3843 res
1104 3799 1389 3844 extremas
1447 3785 1704 3861 experiri
1754 3784 2037 3857 decrevit;
2087 3801 2359 3865 ratusque

303 3888 610 3957 Clodium,
646 3886 694 3944 si
726 3903 1002 3962 umquam
1046 3903 1078 3940 a
1114 3879 1446 3939 vulneribus
1475 3880 1923 3954 convalesceret,
1957 3884 2139 3942 multo
2173 3886 2360 3943 acrius

302 3983 726 4065 rempublicam
756 3983 1138 4058 agitaturum,
1166 3976 1509 4056 imperavit,
1549 3988 1610 4033 ut
1639 3974 1862 4036 foribus
1896 3978 2150 4038 tabernae
2180 3982 2360 4039 effra-

307 4084 447 4153 ctis,
492 4101 628 4139 eum
666 4078 1014 4157 gladiatores
1055 4096 1293 4153 quoquo
1333 4072 1509 4157 modo
1557 4073 1681 4129 neci
1732 4072 1957 4132 darent.
2007 4081 2137 4135 Non
2187 4078 2363 4134 dilata

306 4200 426 4250 res,
456 4177 741 4254 brevique
771 4172 961 4233 Clodii
992 4171 1239 4231 cadaver
1273 4192 1305 4229 e
1339 4168 1576 4228 taberna
1621 4181 2005 4245 protractum,
2056 4172 2362 4247 multisque

1963 4262 2074 4333 30.
