2994 4778
692 406 1076 473 ORATIO
1129 408 1230 474 IN
1283 409 1359 475 L.
1407 410 1489 475 C.
1542 408 2023 476 PISONEM.
2277 407 2414 480 365

290 526 662 625 cupiebat,
709 541 788 596 ut
823 541 1145 612 senatu5‚
1185 542 1470 607 contra,
1521 552 1738 621 quam
1781 527 1933 622 ipse
1975 531 2366 602 censuisset
2394 585 2413 618 ‚

288 637 377 707 ad
420 640 753 706 vestitum
780 634 1071 705 rediret.
1103 636 1279 724 Quis
1316 636 1458 706 hoc
1495 633 1664 706 fecit
1693 635 1837 705 ulla
1873 638 1948 705 in
1984 638 2266 732 Scythia
2304 656 2414 737 ty-

284 770 597 832 rannuS‚
634 759 716 815 ut
751 769 908 829 eos,
946 769 1130 841 quos
1162 746 1355 816 luctu
1392 743 1745 834 afficeret,
1785 746 2028 842 lugere
2058 773 2205 818 non
2236 751 2416 821 sine-

286 857 440 926 ret?
499 860 889 925 Moerorem
939 852 1329 952 relinquis³
1364 882 1379 925 :
1420 856 1750 925 moeroris
1802 854 2038 927 aufers
2094 858 2412 954 insignia.

284 967 518 1063 Eripis
545 964 921 1061 lacrymas,
955 988 1103 1033 non
1134 963 1576 1035 consolando
1599 1018 1619 1050 ‚
1647 964 1771 1037 sed
1809 964 2173 1037 minando.
2203 970 2417 1056 Quod

286 1078 342 1145 si
383 1089 661 1146 vestem
700 1100 851 1144 non
889 1072 1184 1171 publico
1220 1074 1522 1145 consilio
1562 1090 1797 1171 patres
1826 1079 2244 1175 conscripti,
2290 1081 2415 1151 sed

288 1186 568 1282 privato
606 1181 847 1253 officio
868 1237 887 1270 ‚
920 1197 1046 1253 aut
1080 1183 1566 1254 misericordia
1602 1187 2105 1273 mutavissent,
2144 1201 2418 1278 tamen,

289 1294 358 1363 id
400 1294 490 1361 iis
535 1316 683 1361 non
729 1291 939 1362 licere
982 1315 1113 1388 per
1156 1292 1537 1363 interdicta
1580 1291 2013 1365 crudelitatis
2060 1311 2230 1385 tum,
2287 1325 2416 1396 po-

291 1406 564 1475 testatis
599 1416 749 1473 erat
786 1427 935 1473 non
971 1400 1284 1473 ferendae
1319 1429 1335 1470 ε
1376 1427 1606 1499 quum
1644 1428 1818 1473 vero
1855 1404 1927 1473 id
1966 1420 2252 1478 senatus
2287 1406 2419 1480 fre-

290 1538 527 1610 quens
570 1514 998 1598 censuisset,
1035 1512 1325 1583 ordines
1358 1514 1617 1610 reliqui
1649 1514 1795 1608 jam
1845 1530 2012 1587 ante
2040 1514 2414 1608 fecissent3

294 1638 377 1693 tu
412 1648 501 1692 ex
545 1620 996 1692 tenebricosa
1040 1624 1312 1719 popina
1350 1623 1605 1693 consul
1649 1638 2037 1712 extractuS‚
2093 1651 2256 1697 cum
2301 1629 2419 1700 illa

293 1733 650 1803 saltatrice
714 1748 920 1803 tonsa
940 1730 995 1819 4,
1045 1748 1374 1802 senatum
1431 1733 1686 1829 populi
1743 1738 2026 1804 romani
2086 1760 2417 1810 occasum

291 1859 513 1939 atque
549 1845 919 1913 interitum
965 1840 1374 1938 reipublicae
1412 1841 1656 1937 lugere
1697 1846 2005 1916 vetuisti.

394 1957 517 2023 IX.
563 1955 654 2020 At
686 1949 1053 2048 quaerebat
1076 1953 1290 2021 etiam
1317 1952 1561 2047 paullo
1595 1966 1761 2022 ante
1785 1953 1875 2022 de
1901 1977 2019 2024 me
2041 2008 2060 2038 ‚
2082 1957 2260 2052 quid
2287 1985 2420 2030 suo

294 2061 471 2131 mihi
508 2084 693 2158 opus
721 2059 967 2130 fuisset
995 2059 1313 2165 auxilior
1335 2085 1464 2131 cur
1503 2086 1652 2131 non
1678 2062 1854 2131 meis
1882 2064 2217 2152 inimicis,
2249 2073 2423 2140 meis

296 2174 524 2270 copiis
586 2172 1021 2241 restitissem.
1087 2172 1309 2260 Quasi
1375 2195 1550 2241 vero
1602 2196 1751 2241 non
1805 2172 2025 2243 modo
2079 2200 2248 2272 eg0,
2295 2183 2421 2277 qui

301 2280 542 2351 multis
581 2303 766 2375 saepc
803 2279 1066 2350 auxilio
1102 2277 1425 2365 fuissem,
1458 2278 1584 2349 sed
1624 2281 2006 2377 quisquam
2040 2298 2182 2354 tam
2213 2289 2425 2389 inops

304 2388 512 2462 fuerit
557 2415 942 2487 umquam,
1001 2391 1166 2486 qui,
1217 2391 1354 2459 isto
1394 2415 1543 2460 non
1585 2391 1802 2462 modo
1853 2414 2426 2492 propugnatore,

300 2504 641 2572 tutiorem
683 2525 758 2569 se
791 2555 810 2586 ‚
861 2498 988 2570 sed
1028 2499 1413 2586 advocato,
1459 2515 1584 2570 aut
1619 2483 2420 2605 adstipulatorespara-

301 2614 559 2681 tiorem
610 2607 765 2680 fore
811 2625 1115 2706 putaret.
1181 2614 1332 2706 Ego
1375 2611 1580 2681 istius
1631 2612 1968 2708 pecudis¹
2016 2639 2097 2684 ac
2157 2619 2422 2712 putidae

304 2722 535 2790 carnis
576 2717 870 2789 consilio
906 2719 1209 2806 scilicet,
1244 2735 1367 2790 aut
1397 2719 1722 2818 praesidio
1755 2723 1887 2792 niti
1924 2723 2302 2797 volebam?
2329 2731 2418 2803 ab

304 2828 445 2900 hoc
474 2829 704 2922 ejecto
745 2829 1083 2900 cadavere
1110 2828 1506 2926 quidquam
1541 2832 1713 2901 mihi
1743 2847 1867 2903 aut
1903 2837 2060 2932 opis
2088 2889 2107 2922 ,
2143 2853 2269 2908 aut
2304 2866 2421 2911 or-

380 3015 430 3062 3.
454 3016 705 3062 lua-rorem
721 3011 966 3076 relinquis.
984 3013 1068 3060 Me
1093 3012 1314 3061 exsulare
1400 3014 1689 3062 nominavit.
1719 3014 1798 3062 Sic
1817 3017 2093 3078 Torquatus
2111 3019 2419 3073 Hortensium

305 3105 359 3141 et
383 3108 410 3139 a
439 3093 610 3142 Clodio
639 3091 806 3140 vexari
828 3091 1069 3155 permittis
1088 3126 1102 3150 ,
1131 3107 1190 3139 ex
1216 3107 1316 3155 quo
1402 3092 1682 3154 ignominiae
1710 3109 1852 3140 «xausa
1873 3095 2235 3157 gesticulariam
2258 3105 2424 3166 appel.

305 3173 529 3222 dolorem
559 3183 750 3220 senatus
776 3170 1060 3219 hauriebat:
1098 3185 1316 3217 «mem-o·
1402 3171 1490 3218 lat.
1534 3196 1602 3206 -·-
1639 3171 1850 3218 Tonsam
1889 3173 2126 3236 appellat,
2157 3178 2271 3239 quia
2313 3181 2420 3230 hm.

304 3255 373 3301 ris
397 3253 558 3301 aufers
589 3251 793 3314 insignia
814 3272 866 3304 ιι,
905 3249 1052 3296 vestis
1089 3251 1318 3298 mutatio·
1407 3248 1534 3296 viori
1551 3242 1688 3296 coma
1706 3265 1848 3312 quam
1869 3252 2012 3297 ceteri
2041 3263 2269 3313 uteretur,
2292 3260 2425 3310 lasci-

305 3349 414 3380 nem
459 3348 554 3396 qun
590 3341 787 3377 senatus
828 3344 969 3375 suum
1012 3327 1235 3376 dolorem
1270 3338 1319 3376 et
1408 3329 1501 3375 vioe
1545 3342 1713 3385 causa3
1763 3343 1861 3374 non
1904 3331 2032 3376 enim
2076 3346 2185 3380 eum
2229 3340 2422 3388 tonderi

305 3411 492 3459 loetum
519 3409 804 3458 testabatur.

374 3499 429 3544 ⁴·
455 3487 574 3535 Cum
609 3487 696 3534 illa
730 3485 982 3533 saltatrice
1019 3495 1193 3543 tonsa,
1221 3496 1313 3532 etc.

304 3571 429 3618 Cum
455 3569 670 3618 Gabinio
697 3565 902 3629 collega,
932 3565 1018 3626 qui
1044 3576 1093 3611 et
1110 3564 1314 3612 saltandi

306 3660 453 3697 artem
477 3663 580 3712 με
607 3663 658 3693 se
682 3646 869 3701 fert,et
893 3653 1005 3707 post
1031 3658 1190 3691 meum
1218 3643 1318 3691 dis·

305 3744 494 3775 cessum
532 3726 680 3774 domo
717 3734 765 3771 et
800 3732 980 3778 cantu,
1010 3732 1058 3768 et
1084 3721 1319 3785 cymbalis

305 3816 597 3871 personante
616 3803 775 3853 nudus
791 3804 844 3850 in
864 3801 1095 3849 convivio
1111 3801 1317 3849 saltavit.

306 3886 606 3934 Saltatrieem
627 3894 770 3932 vocat
796 3896 969 3946 genere
995 3879 1249 3935 feminino,
1267 3889 1321 3925 ut

305 3967 407 4024 eins
441 3965 747 4012 effeminatos
787 3976 946 4010 mores
980 3969 1029 4006 et
1065 3958 1322 4022 impudici-

309 4045 423 4090 tiam
450 4053 618 4106 carpat
636 4075 651 4100 ‚
686 4036 1093 4104 quemadmodum
1123 4036 1184 4084 de
1211 4052 1323 4100 pro·

312 4124 481 4170 vinciis
500 4120 831 4170 consularibus
844 4135 954 4167 eum
962 4117 1323 4165 Semiramidem

1407 3406 1550 3470 plane
1601 3423 1860 3470 possumus
1918 3410 2188 3473 intelligere
2204 3451 2218 3474 ,
2268 3435 2421 3482 quum

1403 3488 1636 3550 scriptum
1665 3487 1728 3533 sit
1754 3487 1804 3533 in
1833 3503 1886 3535 ea
1913 3504 2003 3551 pro
2041 3491 2240 3546 Sextio:
2282 3519 2310 3540 «ι
2334 3516 2422 3548 un-

1403 3567 1594 3629 guentis
1618 3565 1850 3625 affluens,
1877 3568 2190 3622 extimuisti-ata
2215 3590 2354 3625 coma
2373 3600 2416 3627 n,

1475 3647 1568 3693 11.
1617 3662 1661 3693 1.
1693 3647 1807 3709 Ego
1852 3646 1984 3695 Istius
2017 3652 2235 3712 pecude).
2272 3658 2422 3706 Gravi

1407 3734 1511 3770 tum
1534 3724 1709 3781 animi,
1731 3736 1833 3772 tum
1859 3731 2081 3790 corporis
2099 3731 2328 3780 vitiorum
2341 3753 2427 3784 ex-

1409 3802 1723 3865 probratione
1744 3804 1964 3853 Pisonem
1985 3808 2222 3857 insectans
2237 3846 2250 3867 ‚
2273 3829 2299 3860 a
2318 3827 2424 3864 sto-

1408 3879 1594 3926 liditate
1620 3880 1852 3943 pecudem
1871 3917 1887 3941 ,
1916 3900 1943 3932 a
1964 3884 2228 3935 valitudine
2249 3903 2299 3939 et
2327 3895 2425 3941 for·

1408 3973 1487 4004 ma
1518 3957 1737 4019 putidam
1766 3975 1955 4008 carnem
1981 3965 2222 4027 appellat,
2254 3981 2306 4017 ut
2326 3972 2423 4020 hoe

1411 4047 1699 4099 contemptu
1716 4041 2018 4099 ostendat‚se
2043 4059 2200 4106 neque
2220 4050 2425 4098 consilio

1415 4131 1571 4179 neque
1599 4117 1827 4179 praesidio
1859 4121 2045 4168 Pisonis
2069 4123 2140 4169 uti
2165 4125 2388 4176 voluisse.
