<?xml version="1.0" encoding="UTF-8"?>
<!DOCTYPE html PUBLIC "-//W3C//DTD XHTML 1.0 Transitional//EN"
    "http://www.w3.org/TR/xhtml1/DTD/xhtml1-transitional.dtd">
<html xmlns="http://www.w3.org/1999/xhtml" xml:lang="en" lang="en">
 <head>
  <title>
</title>
<meta http-equiv="Content-Type" content="text/html;charset=utf-8" />
  <meta name='ocr-system' content='tesseract 3.04.00' />
  <meta name='ocr-capabilities' content='ocr_page ocr_carea ocr_par ocr_line ocrx_word'/>
</head>
<body>
  <div class='ocr_page' id='page_1' title='image "./mtciceronisquae06lemagoog_0543.png"; bbox 0 0 2994 4778; ppageno 0'>
   <div class='ocr_carea' id='block_1_1' title="bbox 608 424 2363 501">
    <p class='ocr_par' dir='ltr' id='par_1_1' title="bbox 608 424 2363 501">
     <span class='ocr_line' id='line_1_1' title="bbox 608 424 2363 501; baseline -0.003 0"><span class='ocrx_word' id='word_1_1' title='bbox 608 433 988 501; x_wconf 83' lang='lat' dir='ltr'><strong>ORATIO</strong></span> <span class='ocrx_word' id='word_1_2' title='bbox 1037 431 1241 501; x_wconf 83' lang='lat' dir='ltr'>PRO</span> <span class='ocrx_word' id='word_1_3' title='bbox 1290 432 1369 498; x_wconf 82' lang='lat' dir='ltr'>T.</span> <span class='ocrx_word' id='word_1_4' title='bbox 1415 431 1499 496; x_wconf 91' lang='lat' dir='ltr'>A.</span> <span class='ocrx_word' id='word_1_5' title='bbox 1550 430 1995 496; x_wconf 85' lang='lat' dir='ltr'><strong>MILONE.</strong></span> <span class='ocrx_word' id='word_1_6' title='bbox 2225 424 2363 496; x_wconf 82' lang='lat'>533</span> 
     </span>
    </p>
   </div>
   <div class='ocr_carea' id='block_1_2' title="bbox 233 546 2368 2287">
    <p class='ocr_par' dir='ltr' id='par_1_2' title="bbox 233 546 2368 1636">
     <span class='ocr_line' id='line_1_2' title="bbox 333 546 2366 644; baseline -0.003 -20"><span class='ocrx_word' id='word_1_7' title='bbox 333 557 629 624; x_wconf 86' lang='lat' dir='ltr'><strong>XXXII.</strong></span> <span class='ocrx_word' id='word_1_8' title='bbox 663 556 812 624; x_wconf 87' lang='lat' dir='ltr'>Nec</span> <span class='ocrx_word' id='word_1_9' title='bbox 849 576 1022 622; x_wconf 85' lang='lat' dir='ltr'>vero</span> <span class='ocrx_word' id='word_1_10' title='bbox 1068 576 1219 622; x_wconf 86' lang='lat' dir='ltr'>nou</span> <span class='ocrx_word' id='word_1_11' title='bbox 1247 550 1494 622; x_wconf 89' lang='lat' dir='ltr'>eadem</span> <span class='ocrx_word' id='word_1_12' title='bbox 1530 550 1632 620; x_wconf 86' lang='lat' dir='ltr'>ira</span> <span class='ocrx_word' id='word_1_13' title='bbox 1662 546 1962 620; x_wconf 90' lang='lat' dir='ltr'>deorum</span> <span class='ocrx_word' id='word_1_14' title='bbox 1994 547 2181 619; x_wconf 89' lang='lat' dir='ltr'>hanc</span> <span class='ocrx_word' id='word_1_15' title='bbox 2206 550 2366 644; x_wconf 89' lang='lat' dir='ltr'>ejus</span> 
     </span>
     <span class='ocr_line' id='line_1_3' title="bbox 233 657 2363 757; baseline -0.002 -22"><span class='ocrx_word' id='word_1_16' title='bbox 233 662 700 736; x_wconf 82' lang='lat' dir='ltr'>satellitibus1</span> <span class='ocrx_word' id='word_1_17' title='bbox 761 662 1010 757; x_wconf 89' lang='lat' dir='ltr'>injecit</span> <span class='ocrx_word' id='word_1_18' title='bbox 1048 663 1471 746; x_wconf 83' lang='lat' dir='ltr'><strong>amentiam,</strong></span> <span class='ocrx_word' id='word_1_19' title='bbox 1518 675 1603 730; x_wconf 92' lang='lat' dir='ltr'>ut</span> <span class='ocrx_word' id='word_1_20' title='bbox 1654 662 1855 730; x_wconf 83' lang='lat' dir='ltr'>sine²</span> <span class='ocrx_word' id='word_1_21' title='bbox 1909 657 2363 754; x_wconf 79' lang='lat' dir='ltr'>imaginibu5‚</span> 
     </span>
     <span class='ocr_line' id='line_1_4' title="bbox 234 766 2364 868; baseline -0.003 -23"><span class='ocrx_word' id='word_1_22' title='bbox 234 775 391 845; x_wconf 90' lang='lat' dir='ltr'>sine</span> <span class='ocrx_word' id='word_1_23' title='bbox 433 787 646 844; x_wconf 89' lang='lat' dir='ltr'>cantu</span> <span class='ocrx_word' id='word_1_24' title='bbox 688 786 905 868; x_wconf 88' lang='lat' dir='ltr'>atque</span> <span class='ocrx_word' id='word_1_25' title='bbox 943 768 1161 857; x_wconf 87' lang='lat' dir='ltr'>ludis,</span> <span class='ocrx_word' id='word_1_26' title='bbox 1196 774 1353 843; x_wconf 85' lang='lat' dir='ltr'>sine</span> <span class='ocrx_word' id='word_1_27' title='bbox 1382 770 1770 866; x_wconf 83' lang='lat' dir='ltr'>exsequiis,</span> <span class='ocrx_word' id='word_1_28' title='bbox 1809 768 1963 838; x_wconf 87' lang='lat' dir='ltr'>sine</span> <span class='ocrx_word' id='word_1_29' title='bbox 1998 766 2364 853; x_wconf 73' lang='lat' dir='ltr'>lamenti5‚</span> 
     </span>
     <span class='ocr_line' id='line_1_5' title="bbox 234 877 2368 967; baseline -0.003 -12"><span class='ocrx_word' id='word_1_30' title='bbox 234 887 393 956; x_wconf 82' lang='lat' dir='ltr'>sine</span> <span class='ocrx_word' id='word_1_31' title='bbox 451 880 1021 967; x_wconf 74' lang='lat' dir='ltr'>laudationibuS,</span> <span class='ocrx_word' id='word_1_32' title='bbox 1079 884 1235 952; x_wconf 85' lang='lat' dir='ltr'>sine</span> <span class='ocrx_word' id='word_1_33' title='bbox 1292 877 1583 966; x_wconf 88' lang='lat' dir='ltr'>funere,</span> <span class='ocrx_word' id='word_1_34' title='bbox 1644 878 1916 950; x_wconf 87' lang='lat' dir='ltr'>oblitus</span> <span class='ocrx_word' id='word_1_35' title='bbox 1979 899 2236 948; x_wconf 86' lang='lat' dir='ltr'>cruore</span> <span class='ocrx_word' id='word_1_36' title='bbox 2296 893 2368 948; x_wconf 89' lang='lat' dir='ltr'>et</span> 
     </span>
     <span class='ocr_line' id='line_1_6' title="bbox 235 988 2360 1090; baseline -0.004 -26"><span class='ocrx_word' id='word_1_37' title='bbox 235 993 395 1064; x_wconf 90' lang='lat' dir='ltr'>luto</span> <span class='ocrx_word' id='word_1_38' title='bbox 412 990 465 1077; x_wconf 77' lang='lat'>3,</span> <span class='ocrx_word' id='word_1_39' title='bbox 511 992 858 1090; x_wconf 84' lang='lat' dir='ltr'>spoliatus</span> <span class='ocrx_word' id='word_1_40' title='bbox 896 991 1087 1062; x_wconf 85' lang='lat' dir='ltr'>illius</span> <span class='ocrx_word' id='word_1_41' title='bbox 1118 991 1439 1088; x_wconf 84' lang='lat' dir='ltr'><strong>supremi</strong></span> <span class='ocrx_word' id='word_1_42' title='bbox 1467 989 1611 1060; x_wconf 87' lang='lat' dir='ltr'>diei</span> <span class='ocrx_word' id='word_1_43' title='bbox 1644 988 2058 1060; x_wconf 80' lang='lat' dir='ltr'>celebritate</span> <span class='ocrx_word' id='word_1_44' title='bbox 2081 1041 2101 1073; x_wconf 92' lang='lat'>,</span> <span class='ocrx_word' id='word_1_45' title='bbox 2144 1011 2360 1083; x_wconf 89' lang='lat' dir='ltr'>quam</span> 
     </span>
     <span class='ocr_line' id='line_1_7' title="bbox 236 1096 2360 1192; baseline -0.003 -19"><span class='ocrx_word' id='word_1_46' title='bbox 236 1100 640 1174; x_wconf 87' lang='lat' dir='ltr'>concedere</span> <span class='ocrx_word' id='word_1_47' title='bbox 656 1102 866 1173; x_wconf 89' lang='lat' dir='ltr'>etiam</span> <span class='ocrx_word' id='word_1_48' title='bbox 884 1101 1152 1172; x_wconf 90' lang='lat' dir='ltr'>inimici</span> <span class='ocrx_word' id='word_1_49' title='bbox 1170 1100 1428 1186; x_wconf 86' lang='lat' dir='ltr'>solent,</span> <span class='ocrx_word' id='word_1_50' title='bbox 1445 1098 1993 1171; x_wconf 77' lang='lat' dir='ltr'>ambureretur⁴</span> <span class='ocrx_word' id='word_1_51' title='bbox 2018 1096 2360 1192; x_wconf 89' lang='lat' dir='ltr'>abjectus.</span> 
     </span>
     <span class='ocr_line' id='line_1_8' title="bbox 236 1206 2366 1296; baseline -0.001 -14"><span class='ocrx_word' id='word_1_52' title='bbox 236 1214 406 1283; x_wconf 84' lang='lat' dir='ltr'>Non</span> <span class='ocrx_word' id='word_1_53' title='bbox 447 1207 660 1281; x_wconf 82' lang='lat' dir='ltr'>fuisse</span> <span class='ocrx_word' id='word_1_54' title='bbox 708 1208 927 1280; x_wconf 89' lang='lat' dir='ltr'>credo</span> <span class='ocrx_word' id='word_1_55' title='bbox 965 1208 1104 1296; x_wconf 62' lang='lat' dir='ltr'>fem,</span> <span class='ocrx_word' id='word_1_56' title='bbox 1141 1209 1694 1281; x_wconf 87' lang='lat' dir='ltr'>clarissimorum</span> <span class='ocrx_word' id='word_1_57' title='bbox 1734 1213 2055 1281; x_wconf 90' lang='lat' dir='ltr'>virorum</span> <span class='ocrx_word' id='word_1_58' title='bbox 2099 1206 2366 1279; x_wconf 85' lang='lat' dir='ltr'>formas</span> 
     </span>
     <span class='ocr_line' id='line_1_9' title="bbox 238 1316 2365 1417; baseline -0.001 -27"><span class='ocrx_word' id='word_1_59' title='bbox 238 1319 337 1390; x_wconf 90' lang='lat' dir='ltr'>illi</span> <span class='ocrx_word' id='word_1_60' title='bbox 372 1322 739 1391; x_wconf 89' lang='lat' dir='ltr'>teterrimo</span> <span class='ocrx_word' id='word_1_61' title='bbox 772 1319 1138 1417; x_wconf 82' lang='lat' dir='ltr'>parricidae</span> <span class='ocrx_word' id='word_1_62' title='bbox 1171 1319 1441 1417; x_wconf 79' lang='lat' dir='ltr'>aliquid</span> <span class='ocrx_word' id='word_1_63' title='bbox 1478 1319 1757 1391; x_wconf 89' lang='lat' dir='ltr'>decoris</span> <span class='ocrx_word' id='word_1_64' title='bbox 1794 1316 2089 1406; x_wconf 85' lang='lat' dir='ltr'>afferre,</span> <span class='ocrx_word' id='word_1_65' title='bbox 2126 1342 2365 1413; x_wconf 91' lang='lat' dir='ltr'>neque</span> 
     </span>
     <span class='ocr_line' id='line_1_10' title="bbox 235 1425 2364 1527; baseline 0 -27"><span class='ocrx_word' id='word_1_66' title='bbox 235 1430 391 1500; x_wconf 87' lang='lat' dir='ltr'>ullo</span> <span class='ocrx_word' id='word_1_67' title='bbox 437 1432 511 1500; x_wconf 88' lang='lat' dir='ltr'>in</span> <span class='ocrx_word' id='word_1_68' title='bbox 556 1430 716 1500; x_wconf 89' lang='lat' dir='ltr'>loco</span> <span class='ocrx_word' id='word_1_69' title='bbox 771 1431 1012 1527; x_wconf 85' lang='lat' dir='ltr'>potius</span> <span class='ocrx_word' id='word_1_70' title='bbox 1058 1445 1367 1501; x_wconf 88' lang='lat' dir='ltr'>mortem</span> <span class='ocrx_word' id='word_1_71' title='bbox 1413 1430 1570 1525; x_wconf 78' lang='lat' dir='ltr'>ejus</span> <span class='ocrx_word' id='word_1_72' title='bbox 1616 1428 1908 1502; x_wconf 89' lang='lat' dir='ltr'>lacerari</span> <span class='ocrx_word' id='word_1_73' title='bbox 1925 1425 1979 1516; x_wconf 87' lang='lat'>⁵,</span> <span class='ocrx_word' id='word_1_74' title='bbox 2034 1453 2250 1525; x_wconf 89' lang='lat' dir='ltr'>quam</span> <span class='ocrx_word' id='word_1_75' title='bbox 2288 1431 2364 1500; x_wconf 90' lang='lat' dir='ltr'>in</span> 
     </span>
     <span class='ocr_line' id='line_1_11' title="bbox 237 1537 1173 1636; baseline 0.001 -27"><span class='ocrx_word' id='word_1_76' title='bbox 237 1563 393 1636; x_wconf 93' lang='lat' dir='ltr'>quo</span> <span class='ocrx_word' id='word_1_77' title='bbox 429 1540 570 1609; x_wconf 86' lang='lat' dir='ltr'>vita</span> <span class='ocrx_word' id='word_1_78' title='bbox 594 1555 779 1610; x_wconf 87' lang='lat' dir='ltr'>esset</span> <span class='ocrx_word' id='word_1_79' title='bbox 817 1537 1173 1610; x_wconf 88' lang='lat' dir='ltr'>damnata.</span> 
     </span>
    </p>

    <p class='ocr_par' dir='ltr' id='par_1_3' title="bbox 237 1646 2367 2287">
     <span class='ocr_line' id='line_1_12' title="bbox 332 1646 2365 1748; baseline 0.001 -30"><span class='ocrx_word' id='word_1_80' title='bbox 332 1652 535 1718; x_wconf 88' lang='lat' dir='ltr'>Dura</span> <span class='ocrx_word' id='word_1_81' title='bbox 568 1648 783 1732; x_wconf 85' lang='lat' dir='ltr'>mihi,</span> <span class='ocrx_word' id='word_1_82' title='bbox 830 1647 1109 1719; x_wconf 89' lang='lat' dir='ltr'>medius</span> <span class='ocrx_word' id='word_1_83' title='bbox 1146 1647 1397 1735; x_wconf 85' lang='lat' dir='ltr'>fidius,</span> <span class='ocrx_word' id='word_1_84' title='bbox 1429 1650 1577 1744; x_wconf 85' lang='lat' dir='ltr'>jam</span> <span class='ocrx_word' id='word_1_85' title='bbox 1621 1646 1910 1721; x_wconf 88' lang='lat' dir='ltr'>fortuna</span> <span class='ocrx_word' id='word_1_86' title='bbox 1947 1650 2202 1748; x_wconf 88' lang='lat' dir='ltr'>populi</span> <span class='ocrx_word' id='word_1_87' title='bbox 2246 1676 2365 1721; x_wconf 90' lang='lat' dir='ltr'>ro-</span> 
     </span>
     <span class='ocr_line' id='line_1_13' title="bbox 237 1754 2365 1855; baseline 0.001 -28"><span class='ocrx_word' id='word_1_88' title='bbox 237 1758 434 1828; x_wconf 91' lang='lat' dir='ltr'>mani</span> <span class='ocrx_word' id='word_1_89' title='bbox 483 1771 556 1828; x_wconf 93' lang='lat' dir='ltr'>et</span> <span class='ocrx_word' id='word_1_90' title='bbox 601 1756 908 1828; x_wconf 83' lang='lat' dir='ltr'>crudelis</span> <span class='ocrx_word' id='word_1_91' title='bbox 941 1754 1390 1844; x_wconf 78' lang='lat' dir='ltr'>videbatur⁶‚</span> <span class='ocrx_word' id='word_1_92' title='bbox 1429 1783 1591 1855; x_wconf 85' lang='lat' dir='ltr'>quae</span> <span class='ocrx_word' id='word_1_93' title='bbox 1632 1773 1743 1830; x_wconf 94' lang='lat' dir='ltr'>tot</span> <span class='ocrx_word' id='word_1_94' title='bbox 1778 1784 2008 1833; x_wconf 88' lang='lat' dir='ltr'>annos</span> <span class='ocrx_word' id='word_1_95' title='bbox 2044 1761 2247 1831; x_wconf 90' lang='lat' dir='ltr'>illum</span> <span class='ocrx_word' id='word_1_96' title='bbox 2290 1766 2365 1839; x_wconf 81' lang='lat' dir='ltr'>in</span> 
     </span>
     <span class='ocr_line' id='line_1_14' title="bbox 240 1864 2366 1966; baseline -0.001 -24"><span class='ocrx_word' id='word_1_97' title='bbox 240 1866 427 1942; x_wconf 84' lang='lat' dir='ltr'>hanc</span> <span class='ocrx_word' id='word_1_98' title='bbox 458 1864 975 1965; x_wconf 83' lang='lat' dir='ltr'>rempublicam</span> <span class='ocrx_word' id='word_1_99' title='bbox 1002 1868 1346 1939; x_wconf 87' lang='lat' dir='ltr'>insultare</span> <span class='ocrx_word' id='word_1_100' title='bbox 1375 1868 1651 1939; x_wconf 86' lang='lat' dir='ltr'>videret</span> <span class='ocrx_word' id='word_1_101' title='bbox 1685 1883 1757 1939; x_wconf 92' lang='lat' dir='ltr'>et</span> <span class='ocrx_word' id='word_1_102' title='bbox 1788 1884 2174 1966; x_wconf 88' lang='lat' dir='ltr'>pateretur.</span> <span class='ocrx_word' id='word_1_103' title='bbox 2210 1870 2366 1941; x_wconf 89' lang='lat' dir='ltr'>Pol·</span> 
     </span>
     <span class='ocr_line' id='line_1_15' title="bbox 239 1978 2364 2076; baseline 0.001 -28"><span class='ocrx_word' id='word_1_104' title='bbox 239 1979 473 2048; x_wconf 87' lang='lat' dir='ltr'>luerat</span> <span class='ocrx_word' id='word_1_105' title='bbox 512 1991 765 2076; x_wconf 85' lang='lat' dir='ltr'>stupro</span> <span class='ocrx_word' id='word_1_106' title='bbox 803 1980 1278 2049; x_wconf 83' lang='lat' dir='ltr'>sanctissimas</span> <span class='ocrx_word' id='word_1_107' title='bbox 1309 1978 1729 2076; x_wconf 87' lang='lat' dir='ltr'>religiones;</span> <span class='ocrx_word' id='word_1_108' title='bbox 1771 1993 2063 2050; x_wconf 88' lang='lat' dir='ltr'>senatus</span> <span class='ocrx_word' id='word_1_109' title='bbox 2098 1981 2364 2075; x_wconf 84' lang='lat' dir='ltr'>gravis-</span> 
     </span>
     <span class='ocr_line' id='line_1_16' title="bbox 239 2087 2367 2187; baseline 0.001 -30"><span class='ocrx_word' id='word_1_110' title='bbox 239 2089 418 2158; x_wconf 83' lang='lat' dir='ltr'>sima</span> <span class='ocrx_word' id='word_1_111' title='bbox 458 2087 740 2159; x_wconf 87' lang='lat' dir='ltr'>decreta</span> <span class='ocrx_word' id='word_1_112' title='bbox 779 2088 1253 2186; x_wconf 77' lang='lat' dir='ltr'>perfregerat3</span> <span class='ocrx_word' id='word_1_113' title='bbox 1292 2089 1601 2187; x_wconf 87' lang='lat' dir='ltr'>pecunia</span> <span class='ocrx_word' id='word_1_114' title='bbox 1636 2113 1711 2159; x_wconf 89' lang='lat' dir='ltr'>se</span> <span class='ocrx_word' id='word_1_115' title='bbox 1757 2087 1990 2185; x_wconf 87' lang='lat' dir='ltr'>palam</span> <span class='ocrx_word' id='word_1_116' title='bbox 2027 2114 2067 2159; x_wconf 89' lang='lat' dir='ltr'>a</span> <span class='ocrx_word' id='word_1_117' title='bbox 2099 2090 2367 2184; x_wconf 88' lang='lat' dir='ltr'>judici-</span> 
     </span>
     <span class='ocr_line' id='line_1_17' title="bbox 238 2195 2367 2287; baseline 0 -19"><span class='ocrx_word' id='word_1_118' title='bbox 238 2195 379 2269; x_wconf 86' lang='lat' dir='ltr'>bus</span> <span class='ocrx_word' id='word_1_119' title='bbox 450 2195 888 2287; x_wconf 89' lang='lat' dir='ltr'>redemerat;</span> <span class='ocrx_word' id='word_1_120' title='bbox 968 2213 1253 2269; x_wconf 84' lang='lat' dir='ltr'>vexarat</span> <span class='ocrx_word' id='word_1_121' title='bbox 1321 2202 1397 2273; x_wconf 91' lang='lat' dir='ltr'>in</span> <span class='ocrx_word' id='word_1_122' title='bbox 1479 2196 1853 2268; x_wconf 88' lang='lat' dir='ltr'>tribunatu</span> <span class='ocrx_word' id='word_1_123' title='bbox 1930 2211 2259 2269; x_wconf 89' lang='lat' dir='ltr'>senatum</span> <span class='ocrx_word' id='word_1_124' title='bbox 2291 2210 2315 2254; x_wconf 85' lang='lat'>⁷</span> <span class='ocrx_word' id='word_1_125' title='bbox 2346 2226 2367 2286; x_wconf 91' lang='lat'>;</span> 
     </span>
    </p>
   </div>
   <div class='ocr_carea' id='block_1_3' title="bbox 229 2412 1265 4224">
    <p class='ocr_par' dir='ltr' id='par_1_4' title="bbox 238 2412 1260 2478">
     <span class='ocr_line' id='line_1_18' title="bbox 238 2412 1260 2478; baseline -0.001 -16"><span class='ocrx_word' id='word_1_126' title='bbox 238 2413 373 2478; x_wconf 84' lang='lat' dir='ltr'>rupit</span> <span class='ocrx_word' id='word_1_127' title='bbox 388 2448 406 2477; x_wconf 87' lang='lat'>,</span> <span class='ocrx_word' id='word_1_128' title='bbox 432 2427 722 2478; x_wconf 80' lang='lat' dir='ltr'>poenamque</span> <span class='ocrx_word' id='word_1_129' title='bbox 744 2413 835 2461; x_wconf 84' lang='lat' dir='ltr'>bac</span> <span class='ocrx_word' id='word_1_130' title='bbox 865 2414 1051 2461; x_wconf 82' lang='lat' dir='ltr'>ratione</span> <span class='ocrx_word' id='word_1_131' title='bbox 1074 2412 1260 2461; x_wconf 83' lang='lat' dir='ltr'>vitavit.</span> 
     </span>
    </p>

    <p class='ocr_par' dir='ltr' id='par_1_5' title="bbox 236 2491 1261 2953">
     <span class='ocr_line' id='line_1_19' title="bbox 311 2491 1261 2558; baseline -0.001 -18"><span class='ocrx_word' id='word_1_132' title='bbox 311 2495 534 2541; x_wconf 79' lang='lat' dir='ltr'>xxxn.</span> <span class='ocrx_word' id='word_1_133' title='bbox 586 2509 631 2541; x_wconf 82' lang='lat' dir='ltr'>x.</span> <span class='ocrx_word' id='word_1_134' title='bbox 673 2492 793 2558; x_wconf 75' lang='lat' dir='ltr'>Ejus</span> <span class='ocrx_word' id='word_1_135' title='bbox 825 2491 1124 2540; x_wconf 77' lang='lat' dir='ltr'>satellitibus.</span> <span class='ocrx_word' id='word_1_136' title='bbox 1171 2491 1261 2539; x_wconf 73' lang='lat' dir='ltr'>liis</span> 
     </span>
     <span class='ocr_line' id='line_1_20' title="bbox 238 2570 1259 2636; baseline -0.002 -16"><span class='ocrx_word' id='word_1_137' title='bbox 238 2571 471 2636; x_wconf 79' lang='lat' dir='ltr'>intelligit</span> <span class='ocrx_word' id='word_1_138' title='bbox 522 2572 682 2620; x_wconf 85' lang='lat' dir='ltr'>verbis</span> <span class='ocrx_word' id='word_1_139' title='bbox 741 2574 939 2620; x_wconf 74' lang='lat' dir='ltr'>Sextum</span> <span class='ocrx_word' id='word_1_140' title='bbox 995 2570 1226 2621; x_wconf 87' lang='lat' dir='ltr'>Clodium</span> <span class='ocrx_word' id='word_1_141' title='bbox 1243 2605 1259 2629; x_wconf 90' lang='lat'>‚</span> 
     </span>
     <span class='ocr_line' id='line_1_21' title="bbox 237 2650 1261 2714; baseline -0.001 -15"><span class='ocrx_word' id='word_1_142' title='bbox 237 2652 519 2699; x_wconf 79' lang='lat' dir='ltr'>Munatium</span> <span class='ocrx_word' id='word_1_143' title='bbox 531 2651 761 2701; x_wconf 79' lang='lat' dir='ltr'>Plancum</span> <span class='ocrx_word' id='word_1_144' title='bbox 772 2685 787 2708; x_wconf 80' lang='lat'>‚</span> <span class='ocrx_word' id='word_1_145' title='bbox 801 2662 852 2698; x_wconf 86' lang='lat' dir='ltr'>et</span> <span class='ocrx_word' id='word_1_146' title='bbox 866 2651 1103 2714; x_wconf 84' lang='lat' dir='ltr'>Quintum</span> <span class='ocrx_word' id='word_1_147' title='bbox 1122 2650 1261 2699; x_wconf 86' lang='lat' dir='ltr'>illum</span> 
     </span>
     <span class='ocr_line' id='line_1_22' title="bbox 237 2721 1261 2795; baseline 0.001 -18"><span class='ocrx_word' id='word_1_148' title='bbox 237 2731 556 2795; x_wconf 78' lang='lat' dir='ltr'>Pompeium,</span> <span class='ocrx_word' id='word_1_149' title='bbox 583 2732 667 2795; x_wconf 88' lang='lat' dir='ltr'>qui</span> <span class='ocrx_word' id='word_1_150' title='bbox 695 2721 838 2778; x_wconf 67' lang='lat' dir='ltr'>v&#39;erba</span> <span class='ocrx_word' id='word_1_151' title='bbox 865 2729 996 2795; x_wconf 83' lang='lat' dir='ltr'>apud</span> <span class='ocrx_word' id='word_1_152' title='bbox 1022 2730 1261 2794; x_wconf 82' lang='lat' dir='ltr'>populum</span> 
     </span>
     <span class='ocr_line' id='line_1_23' title="bbox 236 2808 1261 2873; baseline 0.002 -17"><span class='ocrx_word' id='word_1_153' title='bbox 236 2808 418 2858; x_wconf 79' lang='lat' dir='ltr'>fecerat</span> <span class='ocrx_word' id='word_1_154' title='bbox 430 2845 444 2866; x_wconf 88' lang='lat'>,</span> <span class='ocrx_word' id='word_1_155' title='bbox 463 2825 613 2873; x_wconf 88' lang='lat' dir='ltr'>quum</span> <span class='ocrx_word' id='word_1_156' title='bbox 633 2810 838 2858; x_wconf 81' lang='lat' dir='ltr'>cadaver</span> <span class='ocrx_word' id='word_1_157' title='bbox 855 2810 1011 2856; x_wconf 78' lang='lat' dir='ltr'>fuerat</span> <span class='ocrx_word' id='word_1_158' title='bbox 1025 2810 1078 2857; x_wconf 89' lang='lat' dir='ltr'>in</span> <span class='ocrx_word' id='word_1_159' title='bbox 1101 2810 1261 2858; x_wconf 88' lang='lat' dir='ltr'>medio</span> 
     </span>
     <span class='ocr_line' id='line_1_24' title="bbox 238 2888 1024 2953; baseline -0.003 -14"><span class='ocrx_word' id='word_1_160' title='bbox 238 2892 352 2939; x_wconf 80' lang='lat' dir='ltr'>soro</span> <span class='ocrx_word' id='word_1_161' title='bbox 372 2888 616 2952; x_wconf 83' lang='lat' dir='ltr'>prolatum</span> <span class='ocrx_word' id='word_1_162' title='bbox 633 2904 691 2937; x_wconf 90' lang='lat' dir='ltr'>ac</span> <span class='ocrx_word' id='word_1_163' title='bbox 710 2897 1024 2953; x_wconf 83' lang='lat' dir='ltr'>protractum.</span> 
     </span>
    </p>

    <p class='ocr_par' dir='ltr' id='par_1_6' title="bbox 234 2966 1263 3902">
     <span class='ocr_line' id='line_1_25' title="bbox 314 2966 1262 3033; baseline 0.001 -19"><span class='ocrx_word' id='word_1_164' title='bbox 314 2984 365 3014; x_wconf 64' lang='grc' dir='ltr'>ω.</span> <span class='ocrx_word' id='word_1_165' title='bbox 410 2966 526 3015; x_wconf 74' lang='lat' dir='ltr'>Siue</span> <span class='ocrx_word' id='word_1_166' title='bbox 563 2966 868 3033; x_wconf 65' lang='lat' dir='ltr'>unaginibus.</span> <span class='ocrx_word' id='word_1_167' title='bbox 911 2968 969 3014; x_wconf 92' lang='lat' dir='ltr'>In</span> <span class='ocrx_word' id='word_1_168' title='bbox 1013 2966 1262 3015; x_wconf 77' lang='lat' dir='ltr'>funeribus</span> 
     </span>
     <span class='ocr_line' id='line_1_26' title="bbox 239 3044 1261 3109; baseline -0.001 -16"><span class='ocrx_word' id='word_1_169' title='bbox 239 3044 483 3094; x_wconf 80' lang='lat' dir='ltr'>nobilium</span> <span class='ocrx_word' id='word_1_170' title='bbox 539 3061 689 3093; x_wconf 77' lang='lat' dir='ltr'>cereae</span> <span class='ocrx_word' id='word_1_171' title='bbox 745 3044 1122 3109; x_wconf 66' lang='lat' dir='ltr'>praeferebantur</span> <span class='ocrx_word' id='word_1_172' title='bbox 1160 3061 1261 3092; x_wconf 86' lang='lat' dir='ltr'>ma·</span> 
     </span>
     <span class='ocr_line' id='line_1_27' title="bbox 234 3125 1258 3189; baseline -0.001 -16"><span class='ocrx_word' id='word_1_173' title='bbox 234 3126 401 3186; x_wconf 82' lang='lat' dir='ltr'>iorum</span> <span class='ocrx_word' id='word_1_174' title='bbox 427 3125 656 3189; x_wconf 74' lang='lat' dir='ltr'>imagines</span> <span class='ocrx_word' id='word_1_175' title='bbox 674 3138 690 3184; x_wconf 74' lang='lat'>3</span> <span class='ocrx_word' id='word_1_176' title='bbox 711 3125 909 3183; x_wconf 65' lang='lat' dir='ltr'>naenia,</span> <span class='ocrx_word' id='word_1_177' title='bbox 935 3126 1038 3173; x_wconf 81' lang='lat' dir='ltr'>sive</span> <span class='ocrx_word' id='word_1_178' title='bbox 1063 3136 1258 3184; x_wconf 87' lang='lat' dir='ltr'>cautus,</span> 
     </span>
     <span class='ocr_line' id='line_1_28' title="bbox 239 3202 1262 3264; baseline 0 -13"><span class='ocrx_word' id='word_1_179' title='bbox 239 3202 304 3252; x_wconf 83' lang='lat' dir='ltr'>ad</span> <span class='ocrx_word' id='word_1_180' title='bbox 335 3203 563 3251; x_wconf 87' lang='lat' dir='ltr'>tibiarum</span> <span class='ocrx_word' id='word_1_181' title='bbox 595 3219 768 3251; x_wconf 84' lang='lat' dir='ltr'>sonum</span> <span class='ocrx_word' id='word_1_182' title='bbox 793 3203 1171 3264; x_wconf 74' lang='lat' dir='ltr'>adhibebantur,</span> <span class='ocrx_word' id='word_1_183' title='bbox 1212 3215 1262 3251; x_wconf 83' lang='lat' dir='ltr'>et</span> 
     </span>
     <span class='ocr_line' id='line_1_29' title="bbox 238 3281 1263 3347; baseline -0.001 -17"><span class='ocrx_word' id='word_1_184' title='bbox 238 3282 495 3330; x_wconf 79' lang='lat' dir='ltr'>mulierum</span> <span class='ocrx_word' id='word_1_185' title='bbox 516 3282 739 3347; x_wconf 85' lang='lat' dir='ltr'>planctus</span> <span class='ocrx_word' id='word_1_186' title='bbox 764 3293 813 3330; x_wconf 91' lang='lat' dir='ltr'>et</span> <span class='ocrx_word' id='word_1_187' title='bbox 843 3282 1054 3330; x_wconf 88' lang='lat' dir='ltr'>ululatus</span> <span class='ocrx_word' id='word_1_188' title='bbox 1069 3319 1086 3345; x_wconf 84' lang='lat'><em>,</em></span> <span class='ocrx_word' id='word_1_189' title='bbox 1107 3281 1263 3329; x_wconf 89' lang='lat' dir='ltr'>mani-</span> 
     </span>
     <span class='ocr_line' id='line_1_30' title="bbox 238 3361 1261 3424; baseline -0.002 -14"><span class='ocrx_word' id='word_1_190' title='bbox 238 3361 335 3410; x_wconf 82' lang='lat' dir='ltr'>bus</span> <span class='ocrx_word' id='word_1_191' title='bbox 348 3377 494 3424; x_wconf 75' lang='lat' dir='ltr'>genas</span> <span class='ocrx_word' id='word_1_192' title='bbox 504 3378 560 3410; x_wconf 89' lang='lat' dir='ltr'>ac</span> <span class='ocrx_word' id='word_1_193' title='bbox 573 3377 761 3410; x_wconf 90' lang='lat' dir='ltr'>comam</span> <span class='ocrx_word' id='word_1_194' title='bbox 770 3361 1086 3410; x_wconf 70' lang='lat' dir='ltr'>lacerantium</span> <span class='ocrx_word' id='word_1_195' title='bbox 1094 3396 1107 3410; x_wconf 91' lang='lat'>.</span> <span class='ocrx_word' id='word_1_196' title='bbox 1123 3361 1261 3409; x_wconf 82' lang='lat' dir='ltr'>Servi</span> 
     </span>
     <span class='ocr_line' id='line_1_31' title="bbox 240 3441 1261 3506; baseline 0 -17"><span class='ocrx_word' id='word_1_197' title='bbox 240 3451 404 3489; x_wconf 88' lang='lat' dir='ltr'>autem</span> <span class='ocrx_word' id='word_1_198' title='bbox 435 3451 717 3489; x_wconf 78' lang='lat' dir='ltr'>testamento</span> <span class='ocrx_word' id='word_1_199' title='bbox 741 3441 1018 3489; x_wconf 70' lang='lat' dir='ltr'>manumissi</span> <span class='ocrx_word' id='word_1_200' title='bbox 1034 3475 1049 3500; x_wconf 92' lang='lat'>,</span> <span class='ocrx_word' id='word_1_201' title='bbox 1084 3441 1261 3506; x_wconf 72' lang='lat' dir='ltr'>partim</span> 
     </span>
     <span class='ocr_line' id='line_1_32' title="bbox 241 3519 1261 3584; baseline 0 -17"><span class='ocrx_word' id='word_1_202' title='bbox 241 3520 391 3568; x_wconf 77' lang='lat' dir='ltr'>sunus</span> <span class='ocrx_word' id='word_1_203' title='bbox 422 3520 801 3581; x_wconf 84' lang='lat' dir='ltr'>antecedebant,</span> <span class='ocrx_word' id='word_1_204' title='bbox 829 3521 1006 3584; x_wconf 82' lang='lat' dir='ltr'>partim</span> <span class='ocrx_word' id='word_1_205' title='bbox 1044 3519 1261 3568; x_wconf 66' lang='lat' dir='ltr'>defuncti</span> 
     </span>
     <span class='ocr_line' id='line_1_33' title="bbox 240 3598 1260 3663; baseline 0.001 -16"><span class='ocrx_word' id='word_1_206' title='bbox 240 3598 448 3647; x_wconf 79' lang='lat' dir='ltr'>cadaver</span> <span class='ocrx_word' id='word_1_207' title='bbox 465 3598 517 3647; x_wconf 88' lang='lat' dir='ltr'>in</span> <span class='ocrx_word' id='word_1_208' title='bbox 545 3599 673 3648; x_wconf 83' lang='lat' dir='ltr'>lecto</span> <span class='ocrx_word' id='word_1_209' title='bbox 707 3599 921 3663; x_wconf 83' lang='lat' dir='ltr'>positum</span> <span class='ocrx_word' id='word_1_210' title='bbox 944 3599 1260 3648; x_wconf 85' lang='lat' dir='ltr'>ventilabant.</span> 
     </span>
     <span class='ocr_line' id='line_1_34' title="bbox 241 3677 1263 3730; baseline 0.001 -5"><span class='ocrx_word' id='word_1_211' title='bbox 241 3677 531 3730; x_wconf 85' lang='lat' dir='ltr'>Gladiatorii</span> <span class='ocrx_word' id='word_1_212' title='bbox 557 3678 660 3727; x_wconf 83' lang='lat' dir='ltr'>ludi</span> <span class='ocrx_word' id='word_1_213' title='bbox 677 3681 731 3727; x_wconf 88' lang='lat' dir='ltr'>iu</span> <span class='ocrx_word' id='word_1_214' title='bbox 755 3677 1003 3726; x_wconf 78' lang='lat' dir='ltr'>funeribus</span> <span class='ocrx_word' id='word_1_215' title='bbox 1023 3678 1263 3727; x_wconf 87' lang='lat' dir='ltr'>clarorum</span> 
     </span>
     <span class='ocr_line' id='line_1_35' title="bbox 241 3756 1262 3826; baseline 0.003 -23"><span class='ocrx_word' id='word_1_216' title='bbox 241 3757 461 3804; x_wconf 81' lang='lat' dir='ltr'>virorum</span> <span class='ocrx_word' id='word_1_217' title='bbox 489 3756 593 3807; x_wconf 79' lang='lat' dir='ltr'>fleri</span> <span class='ocrx_word' id='word_1_218' title='bbox 618 3759 754 3807; x_wconf 82' lang='lat' dir='ltr'>soliti</span> <span class='ocrx_word' id='word_1_219' title='bbox 778 3769 922 3817; x_wconf 88' lang='lat' dir='ltr'>sunt,</span> <span class='ocrx_word' id='word_1_220' title='bbox 942 3767 1001 3807; x_wconf 88' lang='lat' dir='ltr'>ut</span> <span class='ocrx_word' id='word_1_221' title='bbox 1028 3758 1262 3826; x_wconf 65' lang='lat' dir='ltr'>sangnine</span> 
     </span>
     <span class='ocr_line' id='line_1_36' title="bbox 239 3838 946 3902; baseline 0.001 -17"><span class='ocrx_word' id='word_1_222' title='bbox 239 3851 413 3885; x_wconf 85' lang='lat' dir='ltr'>eorum</span> <span class='ocrx_word' id='word_1_223' title='bbox 438 3852 602 3885; x_wconf 85' lang='lat' dir='ltr'>manes</span> <span class='ocrx_word' id='word_1_224' title='bbox 625 3838 946 3902; x_wconf 84' lang='lat' dir='ltr'>placarentur.</span> 
     </span>
    </p>

    <p class='ocr_par' dir='ltr' id='par_1_7' title="bbox 229 3915 1265 4224">
     <span class='ocr_line' id='line_1_37' title="bbox 316 3915 1263 3967; baseline -0.002 -3"><span class='ocrx_word' id='word_1_225' title='bbox 316 3917 363 3964; x_wconf 79' lang='lat'>3.</span> <span class='ocrx_word' id='word_1_226' title='bbox 394 3915 578 3964; x_wconf 77' lang='lat' dir='ltr'>Oblitus</span> <span class='ocrx_word' id='word_1_227' title='bbox 603 3933 773 3965; x_wconf 81' lang='lat' dir='ltr'>cruore</span> <span class='ocrx_word' id='word_1_228' title='bbox 797 3928 845 3966; x_wconf 82' lang='lat' dir='ltr'>ee</span> <span class='ocrx_word' id='word_1_229' title='bbox 871 3918 995 3967; x_wconf 79' lang='lat' dir='ltr'>luto.</span> <span class='ocrx_word' id='word_1_230' title='bbox 1024 3918 1140 3966; x_wconf 83' lang='lat' dir='ltr'>Non</span> <span class='ocrx_word' id='word_1_231' title='bbox 1168 3931 1263 3963; x_wconf 88' lang='lat' dir='ltr'>un-</span> 
     </span>
     <span class='ocr_line' id='line_1_38' title="bbox 229 3994 1260 4060; baseline 0.001 -20"><span class='ocrx_word' id='word_1_232' title='bbox 229 3996 435 4060; x_wconf 59' lang='lat' dir='ltr'>guentis</span> <span class='ocrx_word' id='word_1_233' title='bbox 469 3997 725 4060; x_wconf 67' lang='lat' dir='ltr'>pertusus..</span> <span class='ocrx_word' id='word_1_234' title='bbox 765 4007 812 4043; x_wconf 89' lang='lat' dir='ltr'>et</span> <span class='ocrx_word' id='word_1_235' title='bbox 845 3996 977 4045; x_wconf 74' lang='lat' dir='ltr'>lotus</span> <span class='ocrx_word' id='word_1_236' title='bbox 1014 4007 1069 4044; x_wconf 89' lang='lat' dir='ltr'>ut</span> <span class='ocrx_word' id='word_1_237' title='bbox 1110 3994 1260 4051; x_wconf 78' lang='lat' dir='ltr'>solet3</span> 
     </span>
     <span class='ocr_line' id='line_1_39' title="bbox 241 4073 1265 4135; baseline -0.005 -9"><span class='ocrx_word' id='word_1_238' title='bbox 241 4075 328 4126; x_wconf 83' lang='lat' dir='ltr'>sed</span> <span class='ocrx_word' id='word_1_239' title='bbox 365 4089 539 4123; x_wconf 78' lang='lat' dir='ltr'>cruore</span> <span class='ocrx_word' id='word_1_240' title='bbox 582 4085 630 4122; x_wconf 89' lang='lat' dir='ltr'>et</span> <span class='ocrx_word' id='word_1_241' title='bbox 664 4075 771 4124; x_wconf 89' lang='lat' dir='ltr'>luto</span> <span class='ocrx_word' id='word_1_242' title='bbox 795 4109 812 4135; x_wconf 87' lang='lat'>‚</span> <span class='ocrx_word' id='word_1_243' title='bbox 842 4075 1158 4124; x_wconf 83' lang='lat' dir='ltr'>&#39;foedissimam</span> <span class='ocrx_word' id='word_1_244' title='bbox 1211 4073 1265 4121; x_wconf 85' lang='lat' dir='ltr'>in</span> 
     </span>
     <span class='ocr_line' id='line_1_40' title="bbox 242 4155 790 4224; baseline 0.004 -23"><span class='ocrx_word' id='word_1_245' title='bbox 242 4155 481 4220; x_wconf 85' lang='lat' dir='ltr'>speciem,</span> <span class='ocrx_word' id='word_1_246' title='bbox 513 4164 790 4224; x_wconf 58' lang='lat' dir='ltr'>coenet-tus.</span> 
     </span>
    </p>
   </div>
   <div class='ocr_carea' id='block_1_4' title="bbox 1346 2410 2372 3822">
    <p class='ocr_par' dir='ltr' id='par_1_8' title="bbox 1346 2410 2371 2715">
     <span class='ocr_line' id='line_1_41' title="bbox 1420 2410 2368 2477; baseline 0 -16"><span class='ocrx_word' id='word_1_247' title='bbox 1420 2422 1469 2470; x_wconf 71' lang='grc'>4.</span> <span class='ocrx_word' id='word_1_248' title='bbox 1511 2412 1859 2460; x_wconf 72' lang='lat' dir='ltr'>Ambuoeretur</span> <span class='ocrx_word' id='word_1_249' title='bbox 1880 2410 2112 2475; x_wconf 72' lang='lat' dir='ltr'>abjectus.</span> <span class='ocrx_word' id='word_1_250' title='bbox 2137 2414 2254 2462; x_wconf 81' lang='lat' dir='ltr'>Nou</span> <span class='ocrx_word' id='word_1_251' title='bbox 2279 2431 2368 2477; x_wconf 85' lang='lat' dir='ltr'>pe·</span> 
     </span>
     <span class='ocr_line' id='line_1_42' title="bbox 1349 2490 2371 2550; baseline 0.002 -12"><span class='ocrx_word' id='word_1_252' title='bbox 1349 2490 1479 2538; x_wconf 81' lang='lat' dir='ltr'>nitus</span> <span class='ocrx_word' id='word_1_253' title='bbox 1497 2502 1745 2550; x_wconf 85' lang='lat' dir='ltr'>ureretur,</span> <span class='ocrx_word' id='word_1_254' title='bbox 1772 2491 1858 2539; x_wconf 82' lang='lat' dir='ltr'>sed</span> <span class='ocrx_word' id='word_1_255' title='bbox 1884 2492 2241 2540; x_wconf 70' lang='lat' dir='ltr'>semiustulatus</span> <span class='ocrx_word' id='word_1_256' title='bbox 2266 2509 2371 2540; x_wconf 86' lang='lat' dir='ltr'>me-</span> 
     </span>
     <span class='ocr_line' id='line_1_43' title="bbox 1349 2570 2366 2635; baseline 0.001 -18"><span class='ocrx_word' id='word_1_257' title='bbox 1349 2570 1432 2618; x_wconf 76' lang='lat' dir='ltr'>dio</span> <span class='ocrx_word' id='word_1_258' title='bbox 1467 2570 1769 2635; x_wconf 84' lang='lat' dir='ltr'>linqueretur</span> <span class='ocrx_word' id='word_1_259' title='bbox 1794 2570 1904 2618; x_wconf 78' lang='lat' dir='ltr'>soro</span> <span class='ocrx_word' id='word_1_260' title='bbox 1924 2604 1941 2630; x_wconf 85' lang='lat'><em>,</em></span> <span class='ocrx_word' id='word_1_261' title='bbox 1986 2581 2041 2618; x_wconf 84' lang='lat' dir='ltr'>ut</span> <span class='ocrx_word' id='word_1_262' title='bbox 2075 2571 2300 2635; x_wconf 84' lang='lat' dir='ltr'>superius</span> <span class='ocrx_word' id='word_1_263' title='bbox 2338 2588 2366 2618; x_wconf 90' lang='lat' dir='ltr'>a</span> 
     </span>
     <span class='ocr_line' id='line_1_44' title="bbox 1346 2649 1957 2715; baseline -0.002 -15"><span class='ocrx_word' id='word_1_264' title='bbox 1346 2651 1580 2700; x_wconf 85' lang='lat' dir='ltr'>Cicerone</span> <span class='ocrx_word' id='word_1_265' title='bbox 1601 2660 1673 2697; x_wconf 88' lang='lat' dir='ltr'>est</span> <span class='ocrx_word' id='word_1_266' title='bbox 1692 2649 1957 2715; x_wconf 79' lang='lat' dir='ltr'>prolatum.</span> 
     </span>
    </p>

    <p class='ocr_par' dir='ltr' id='par_1_9' title="bbox 1347 2727 2371 3191">
     <span class='ocr_line' id='line_1_45' title="bbox 1421 2727 2371 2793; baseline -0.002 -15"><span class='ocrx_word' id='word_1_267' title='bbox 1421 2731 1469 2778; x_wconf 82' lang='lat'>5.</span> <span class='ocrx_word' id='word_1_268' title='bbox 1495 2732 1701 2776; x_wconf 79' lang='lat' dir='ltr'>Mortem</span> <span class='ocrx_word' id='word_1_269' title='bbox 1718 2729 1819 2793; x_wconf 80' lang='lat' dir='ltr'>ejus</span> <span class='ocrx_word' id='word_1_270' title='bbox 1840 2727 2068 2776; x_wconf 73' lang='lat' dir='ltr'>lacerari.</span> <span class='ocrx_word' id='word_1_271' title='bbox 2095 2727 2248 2776; x_wconf 81' lang='lat' dir='ltr'>Nullo</span> <span class='ocrx_word' id='word_1_272' title='bbox 2270 2728 2371 2777; x_wconf 84' lang='lat' dir='ltr'>alio</span> 
     </span>
     <span class='ocr_line' id='line_1_46' title="bbox 1347 2808 2365 2879; baseline 0 -23"><span class='ocrx_word' id='word_1_273' title='bbox 1347 2808 1460 2857; x_wconf 91' lang='lat' dir='ltr'>loco</span> <span class='ocrx_word' id='word_1_274' title='bbox 1496 2809 1699 2857; x_wconf 85' lang='lat' dir='ltr'>decebat</span> <span class='ocrx_word' id='word_1_275' title='bbox 1738 2810 1943 2858; x_wconf 79' lang='lat' dir='ltr'>cadaver</span> <span class='ocrx_word' id='word_1_276' title='bbox 1980 2809 2083 2869; x_wconf 78' lang='lat' dir='ltr'>eius</span> <span class='ocrx_word' id='word_1_277' title='bbox 2106 2808 2365 2879; x_wconf 72' lang='lat' dir='ltr'>¹abjectum</span> 
     </span>
     <span class='ocr_line' id='line_1_47' title="bbox 1348 2888 2370 2953; baseline -0.002 -16"><span class='ocrx_word' id='word_1_278' title='bbox 1348 2888 1550 2937; x_wconf 88' lang='lat' dir='ltr'>canibus</span> <span class='ocrx_word' id='word_1_279' title='bbox 1587 2889 1787 2937; x_wconf 86' lang='lat' dir='ltr'>lacerari</span> <span class='ocrx_word' id='word_1_280' title='bbox 1810 2924 1826 2948; x_wconf 90' lang='lat'><strong>,</strong></span> <span class='ocrx_word' id='word_1_281' title='bbox 1878 2905 2023 2953; x_wconf 85' lang='lat' dir='ltr'>quam</span> <span class='ocrx_word' id='word_1_282' title='bbox 2073 2905 2175 2952; x_wconf 89' lang='lat' dir='ltr'>quo</span> <span class='ocrx_word' id='word_1_283' title='bbox 2223 2889 2370 2937; x_wconf 83' lang='lat' dir='ltr'>toties</span> 
     </span>
     <span class='ocr_line' id='line_1_48' title="bbox 1348 2968 2371 3033; baseline 0.001 -19"><span class='ocrx_word' id='word_1_284' title='bbox 1348 2968 1586 3031; x_wconf 81' lang='lat' dir='ltr'>populum</span> <span class='ocrx_word' id='word_1_285' title='bbox 1613 2981 1897 3029; x_wconf 79' lang='lat' dir='ltr'>vexaverat,</span> <span class='ocrx_word' id='word_1_286' title='bbox 1924 2968 2371 3033; x_wconf 81' lang='lat' dir='ltr'>rempublicamque</span> 
     </span>
     <span class='ocr_line' id='line_1_49' title="bbox 1349 3048 2366 3112; baseline 0.001 -18"><span class='ocrx_word' id='word_1_287' title='bbox 1349 3058 1630 3110; x_wconf 72' lang='lat' dir='ltr'>praevertere</span> <span class='ocrx_word' id='word_1_288' title='bbox 1656 3048 1811 3096; x_wconf 85' lang='lat' dir='ltr'>fuerat</span> <span class='ocrx_word' id='word_1_289' title='bbox 1835 3064 2100 3112; x_wconf 74' lang='lat' dir='ltr'>aggressus.</span> <span class='ocrx_word' id='word_1_290' title='bbox 2128 3075 2197 3084; x_wconf 88' lang='lat'>—</span> <span class='ocrx_word' id='word_1_291' title='bbox 2227 3051 2366 3096; x_wconf 75' lang='lat' dir='ltr'>Mor-</span> 
     </span>
     <span class='ocr_line' id='line_1_50' title="bbox 1348 3126 2169 3191; baseline 0.002 -19"><span class='ocrx_word' id='word_1_292' title='bbox 1348 3136 1458 3174; x_wconf 79' lang='lat' dir='ltr'>tem.</span> <span class='ocrx_word' id='word_1_293' title='bbox 1485 3126 1581 3173; x_wconf 75' lang='lat' dir='ltr'>uie</span> <span class='ocrx_word' id='word_1_294' title='bbox 1605 3126 1812 3173; x_wconf 86' lang='lat' dir='ltr'>sumitur</span> <span class='ocrx_word' id='word_1_295' title='bbox 1833 3142 1924 3191; x_wconf 83' lang='lat' dir='ltr'>pro</span> <span class='ocrx_word' id='word_1_296' title='bbox 1947 3127 2169 3175; x_wconf 79' lang='lat' dir='ltr'>cadaver.</span> 
     </span>
    </p>

    <p class='ocr_par' dir='ltr' id='par_1_10' title="bbox 1347 3203 2372 3822">
     <span class='ocr_line' id='line_1_51' title="bbox 1419 3203 2367 3255; baseline 0.004 -5"><span class='ocrx_word' id='word_1_297' title='bbox 1419 3205 1470 3251; x_wconf 86' lang='lat'>6.</span> <span class='ocrx_word' id='word_1_298' title='bbox 1507 3203 1723 3252; x_wconf 79' lang='lat' dir='ltr'>Crudelis</span> <span class='ocrx_word' id='word_1_299' title='bbox 1750 3204 2028 3255; x_wconf 61' lang='lat' dir='ltr'>videbant.</span> <span class='ocrx_word' id='word_1_300' title='bbox 2072 3205 2267 3253; x_wconf 54' lang='lat' dir='ltr'>&#39;IX-ausit</span> <span class='ocrx_word' id='word_1_301' title='bbox 2303 3207 2367 3254; x_wconf 86' lang='lat' dir='ltr'>ad</span> 
     </span>
     <span class='ocr_line' id='line_1_52' title="bbox 1347 3282 2363 3341; baseline 0.005 -11"><span class='ocrx_word' id='word_1_302' title='bbox 1347 3282 1672 3331; x_wconf 88' lang='lat' dir='ltr'>enumeranda</span> <span class='ocrx_word' id='word_1_303' title='bbox 1713 3286 1872 3331; x_wconf 90' lang='lat' dir='ltr'>omnia</span> <span class='ocrx_word' id='word_1_304' title='bbox 1916 3284 2078 3335; x_wconf 80' lang='lat' dir='ltr'>Clodii</span> <span class='ocrx_word' id='word_1_305' title='bbox 2114 3285 2328 3335; x_wconf 78' lang='lat' dir='ltr'>facinora</span> <span class='ocrx_word' id='word_1_306' title='bbox 2347 3321 2363 3341; x_wconf 88' lang='lat'>.</span> 
     </span>
     <span class='ocr_line' id='line_1_53' title="bbox 1348 3361 2372 3426; baseline 0.005 -17"><span class='ocrx_word' id='word_1_307' title='bbox 1348 3361 1484 3425; x_wconf 85' lang='lat' dir='ltr'>quasi</span> <span class='ocrx_word' id='word_1_308' title='bbox 1515 3362 1689 3426; x_wconf 82' lang='lat' dir='ltr'>populi</span> <span class='ocrx_word' id='word_1_309' title='bbox 1724 3363 1910 3410; x_wconf 89' lang='lat' dir='ltr'>romani</span> <span class='ocrx_word' id='word_1_310' title='bbox 1946 3364 2189 3412; x_wconf 81' lang='lat' dir='ltr'>fortunam</span> <span class='ocrx_word' id='word_1_311' title='bbox 2217 3380 2372 3414; x_wconf 72' lang='lat' dir='ltr'>excu-</span> 
     </span>
     <span class='ocr_line' id='line_1_54' title="bbox 1349 3440 2371 3507; baseline 0.003 -18"><span class='ocrx_word' id='word_1_312' title='bbox 1349 3458 1453 3489; x_wconf 85' lang='lat' dir='ltr'>sare</span> <span class='ocrx_word' id='word_1_313' title='bbox 1487 3440 1635 3500; x_wconf 84' lang='lat' dir='ltr'>velit,</span> <span class='ocrx_word' id='word_1_314' title='bbox 1674 3458 1784 3507; x_wconf 74' lang='lat' dir='ltr'>quae</span> <span class='ocrx_word' id='word_1_315' title='bbox 1823 3441 2007 3491; x_wconf 81' lang='lat' dir='ltr'>tamdiu</span> <span class='ocrx_word' id='word_1_316' title='bbox 2049 3460 2186 3506; x_wconf 81' lang='lat' dir='ltr'>passa</span> <span class='ocrx_word' id='word_1_317' title='bbox 2223 3444 2371 3492; x_wconf 82' lang='lat' dir='ltr'>suerit</span> 
     </span>
     <span class='ocr_line' id='line_1_55' title="bbox 1349 3521 2372 3586; baseline 0.002 -17"><span class='ocrx_word' id='word_1_318' title='bbox 1349 3531 1532 3586; x_wconf 84' lang='lat' dir='ltr'>pestem</span> <span class='ocrx_word' id='word_1_319' title='bbox 1550 3521 1709 3583; x_wconf 84' lang='lat' dir='ltr'>illam,</span> <span class='ocrx_word' id='word_1_320' title='bbox 1729 3522 1891 3571; x_wconf 90' lang='lat' dir='ltr'>omnia</span> <span class='ocrx_word' id='word_1_321' title='bbox 1911 3522 2140 3581; x_wconf 83' lang='lat' dir='ltr'>audacia,</span> <span class='ocrx_word' id='word_1_322' title='bbox 2160 3535 2210 3571; x_wconf 82' lang='lat' dir='ltr'>et</span> <span class='ocrx_word' id='word_1_323' title='bbox 2229 3523 2372 3571; x_wconf 71' lang='lat' dir='ltr'>effre·</span> 
     </span>
     <span class='ocr_line' id='line_1_56' title="bbox 1349 3601 2371 3661; baseline 0.001 -13"><span class='ocrx_word' id='word_1_324' title='bbox 1349 3612 1458 3648; x_wconf 84' lang='lat' dir='ltr'>nata</span> <span class='ocrx_word' id='word_1_325' title='bbox 1496 3601 1692 3649; x_wconf 85' lang='lat' dir='ltr'>licentia</span> <span class='ocrx_word' id='word_1_326' title='bbox 1718 3602 1947 3661; x_wconf 77' lang='lat' dir='ltr'>miscere,</span> <span class='ocrx_word' id='word_1_327' title='bbox 1978 3612 2032 3650; x_wconf 86' lang='lat' dir='ltr'>ut</span> <span class='ocrx_word' id='word_1_328' title='bbox 2060 3602 2255 3651; x_wconf 83' lang='lat' dir='ltr'>tandem</span> <span class='ocrx_word' id='word_1_329' title='bbox 2281 3602 2371 3650; x_wconf 88' lang='lat' dir='ltr'>ali-</span> 
     </span>
     <span class='ocr_line' id='line_1_57' title="bbox 1348 3680 2370 3747; baseline -0.001 -19"><span class='ocrx_word' id='word_1_330' title='bbox 1348 3680 1546 3744; x_wconf 85' lang='lat' dir='ltr'>quando</span> <span class='ocrx_word' id='word_1_331' title='bbox 1580 3682 1809 3747; x_wconf 78' lang='lat' dir='ltr'>supplicii</span> <span class='ocrx_word' id='word_1_332' title='bbox 1837 3680 2108 3731; x_wconf 82' lang='lat' dir='ltr'>tarditatem</span> <span class='ocrx_word' id='word_1_333' title='bbox 2135 3681 2370 3745; x_wconf 73' lang='lat' dir='ltr'>gravitate</span> 
     </span>
     <span class='ocr_line' id='line_1_58' title="bbox 1351 3772 1702 3822; baseline 0.006 -16"><span class='ocrx_word' id='word_1_334' title='bbox 1351 3772 1702 3822; x_wconf 85' lang='lat' dir='ltr'>compensaret.</span> 
     </span>
    </p>
   </div>
   <div class='ocr_carea' id='block_1_5' title="bbox 1351 3838 2373 3973">
    <p class='ocr_par' dir='ltr' id='par_1_11' title="bbox 1351 3838 2373 3973">
     <span class='ocr_line' id='line_1_59' title="bbox 1425 3838 2368 3897; baseline 0.002 -14"><span class='ocrx_word' id='word_1_335' title='bbox 1425 3854 1471 3897; x_wconf 84' lang='lat'>7.</span> <span class='ocrx_word' id='word_1_336' title='bbox 1485 3840 1597 3885; x_wconf 83' lang='lat' dir='ltr'>Sen.</span> <span class='ocrx_word' id='word_1_337' title='bbox 1611 3839 1891 3888; x_wconf 81' lang='lat' dir='ltr'>Provincias</span> <span class='ocrx_word' id='word_1_338' title='bbox 1903 3838 2116 3888; x_wconf 84' lang='lat' dir='ltr'>Gabinio</span> <span class='ocrx_word' id='word_1_339' title='bbox 2133 3848 2180 3885; x_wconf 89' lang='lat' dir='ltr'>et</span> <span class='ocrx_word' id='word_1_340' title='bbox 2199 3838 2368 3885; x_wconf 78' lang='lat' dir='ltr'>Pisoni</span> 
     </span>
     <span class='ocr_line' id='line_1_60' title="bbox 1351 3913 2373 3973; baseline -0.002 -10"><span class='ocrx_word' id='word_1_341' title='bbox 1351 3924 1519 3963; x_wconf 84' lang='lat' dir='ltr'>contra</span> <span class='ocrx_word' id='word_1_342' title='bbox 1557 3925 1751 3963; x_wconf 76' lang='lat' dir='ltr'>senatus</span> <span class='ocrx_word' id='word_1_343' title='bbox 1779 3917 2110 3966; x_wconf 76' lang='lat' dir='ltr'>auctoritatem</span> <span class='ocrx_word' id='word_1_344' title='bbox 2140 3913 2337 3963; x_wconf 74' lang='lat' dir='ltr'>dederat</span> <span class='ocrx_word' id='word_1_345' title='bbox 2356 3950 2373 3973; x_wconf 84' lang='lat'>,</span> 
     </span>
    </p>
   </div>
   <div class='ocr_carea' id='block_1_6' title="bbox 1351 3992 2370 4217">
    <p class='ocr_par' dir='ltr' id='par_1_12' title="bbox 1351 3992 2370 4217">
     <span class='ocr_line' id='line_1_61' title="bbox 1351 3992 2370 4057; baseline 0.001 -16"><span class='ocrx_word' id='word_1_346' title='bbox 1351 4004 1408 4041; x_wconf 81' lang='lat' dir='ltr'>ut</span> <span class='ocrx_word' id='word_1_347' title='bbox 1426 3992 1655 4041; x_wconf 89' lang='lat' dir='ltr'>Ciceroni</span> <span class='ocrx_word' id='word_1_348' title='bbox 1672 3995 1936 4057; x_wconf 82' lang='lat' dir='ltr'>perniciem</span> <span class='ocrx_word' id='word_1_349' title='bbox 1955 4005 2259 4042; x_wconf 87' lang='lat' dir='ltr'>mercaretur.</span> <span class='ocrx_word' id='word_1_350' title='bbox 2272 3995 2370 4042; x_wconf 78' lang='lat' dir='ltr'>Pro</span> 
     </span>
     <span class='ocr_line' id='line_1_62' title="bbox 1352 4070 2369 4138; baseline 0 -18"><span class='ocrx_word' id='word_1_351' title='bbox 1352 4070 1579 4120; x_wconf 84' lang='lat' dir='ltr'>omnibus</span> <span class='ocrx_word' id='word_1_352' title='bbox 1587 4087 1696 4134; x_wconf 65' lang='lat' dir='ltr'>qun</span> <span class='ocrx_word' id='word_1_353' title='bbox 1704 4086 1971 4138; x_wconf 85' lang='lat' dir='ltr'>sequuntur</span> <span class='ocrx_word' id='word_1_354' title='bbox 1980 4075 2369 4138; x_wconf 54' lang='lat' dir='ltr'>repetendaque</span> 
     </span>
     <span class='ocr_line' id='line_1_63' title="bbox 1352 4148 2339 4217; baseline 0.001 -19"><span class='ocrx_word' id='word_1_355' title='bbox 1352 4151 1506 4198; x_wconf 80' lang='lat' dir='ltr'>fusius</span> <span class='ocrx_word' id='word_1_356' title='bbox 1532 4148 1596 4198; x_wconf 83' lang='lat' dir='ltr'>de</span> <span class='ocrx_word' id='word_1_357' title='bbox 1612 4150 1783 4201; x_wconf 83' lang='lat' dir='ltr'>iisdem</span> <span class='ocrx_word' id='word_1_358' title='bbox 1805 4164 1973 4203; x_wconf 80' lang='lat' dir='ltr'>orator</span> <span class='ocrx_word' id='word_1_359' title='bbox 1993 4163 2065 4202; x_wconf 83' lang='lat' dir='ltr'>est</span> <span class='ocrx_word' id='word_1_360' title='bbox 2085 4153 2339 4217; x_wconf 50' lang='lat' dir='ltr'>precatus,</span> 
     </span>
    </p>
   </div>
  </div>
 </body>
</html>
