2994 4778
754 382 856 513 96'
1392 419 1488 484 M.
1542 418 1619 483 T.
1676 417 2232 488 CICERONIS

750 537 949 608 dium
989 536 1076 607 ad
1129 536 1384 633 populi
1427 535 1937 608 commodum⁵
1984 537 2075 609 ab
2119 538 2411 609 utilitate
2448 534 2778 633 reipublicae

749 644 1224 743 discrepabat.
1274 644 1665 717 Tabellaria
1728 645 1845 717 lex
1871 644 1904 690 ⁶
1945 645 2035 718 ab
2081 651 2159 717 L.
2198 648 2427 720 Cassio
2467 645 2780 718 serebatur.

754 756 1065 854 Populus
1110 754 1513 828 libertatem
1555 757 1667 851 agi
1708 754 2006 852 putabat
2055 780 2277 827 suam.
2335 753 2785 829 Dissentiebant

749 867 1109 964 principes
1135 919 1155 954 ,
1217 879 1288 935 et
1356 866 1433 934 in
1501 864 1729 936 salute
1793 867 2245 964 optimatium
2271 879 2325 954 ⁷,
2389 869 2786 938 temeritatem

750 975 1229 1047 multitudinis
1254 1027 1274 1059 ‚
1331 988 1403 1045 et
1446 971 1726 1046 tabellae
1778 975 2137 1048 licentiam
2163 974 2193 1020 ⁸
2240 974 2784 1076 pertimescebant.

749 1086 1112 1182 Agrariam
1133 1095 1165 1142 9
1213 1082 1369 1153 Tib.
1415 1083 1784 1156 Gracchus
1827 1085 2057 1183 legem
2112 1086 2404 1160 ferebat.
2451 1092 2640 1158 Grata
2674 1096 2788 1155 erat

748 1196 1068 1295 populo:
1107 1192 1416 1265 fortunae
1453 1197 1796 1267 constitui
1835 1198 2248 1269 tenuiorum
2282 1193 2788 1270 videbantur.Ni·

748 1306 1089 1378 tebantur
1138 1317 1389 1375 contra
1431 1306 1855 1401 optimates,
1904 1307 2104 1403 quod
2153 1333 2235 1380 ea
2280 1306 2666 1380 discordiam
2696 1326 2788 1372 ex-

748 1417 948 1486 citari
1005 1413 1383 1502 videbant3
1435 1429 1540 1502 et,
1595 1439 1822 1511 quum
1868 1416 2266 1513 locupletes
2302 1410 2792 1515 possessionibus

750 1525 1106 1596 diuturnis
1158 1536 1729 1611 moverentur¹⁰‚
1786 1526 2077 1623 spoliari
2130 1526 2621 1625 rempublicam
2659 1544 2790 1619 pro·-

746 1635 1267 1735 pugnatoribus
1325 1633 1879 1707 arbitrabantur.
1936 1639 2561 1709 Frumentariam¹¹
2612 1633 2792 1728 legem

747 1751 827 1818 C.
895 1744 1262 1818 Gracchus
1328 1742 1627 1815 ferebat.
1692 1745 2022 1817 Jucunda
2090 1773 2207 1820 res
2258 1746 2455 1845 plebi
2511 1763 2797 1823 romanae3

747 1857 979 1926 victus
1015 1857 1206 1923 enim
1249 1852 1846 1951 suppeditabatur
1885 1856 2078 1954 large
2121 1858 2277 1929 siue
2313 1857 2569 1929 labore.
2612 1857 2798 1948 Repu·

745 1962 1062 2063 guahant
1106 1960 1284 2033 boni
1309 2016 1329 2051 ‚
1386 1962 1587 2059 quod
1632 1979 1704 2035 et
1753 1964 1844 2035 ab
1886 1965 2239 2038 industria
2282 1966 2556 2065 plebem
2593 1961 2668 2034 ad
2699 1959 2797 2030 de-

740 2073 992 2145 sidiam
1030 2074 1309 2144 avocari
1357 2070 1750 2170 putabant,
1793 2090 1866 2146 et
1904 2077 2232 2148 aerarium
2284 2076 2688 2150 exhauriri¹²
2720 2070 2799 2138 vi·

743 2182 1066 2256 debatur.

808 2414 858 2462 5.
885 2411 973 2460 Aa
981 2411 1154 2475 populi
1168 2410 1485 2458 commodum.
1507 2401 1596 2458 'Ad
1615 2428 1757 2461 suum
1842 2421 1981 2455 more
2011 2408 2108 2456 boc
2145 2411 2318 2458 confer
2350 2411 2474 2458 Pliu.
2505 2423 2579 2473 ep.
2617 2405 2708 2462 111,
2730 2415 2805 2455 ²03

733 2493 884 2559 ipsius
910 2490 1237 2539 commodum.
1264 2490 1502 2553 Populum
1525 2490 1653 2537 enim
1674 2489 1757 2538 bic
1842 2488 1933 2545 IV,
1947 2489 2087 2545 25‚et
2107 2488 2158 2535 in
2171 2489 2345 2551 primis
2360 2500 2571 2538 nostrum
2584 2487 2806 2537 nouum,

737 2583 936 2637 usurpat
973 2572 1144 2622 Cicero
1182 2586 1276 2635 pro
1317 2586 1373 2617 ea
1412 2568 1753 2626 multitudine,
1846 2566 2045 2615 comme
2060 2567 2239 2617 θυσίαι.

733 2669 843 2719 quae
862 2652 1046 2701 senatui
1066 2662 1115 2700 et
1131 2649 1444 2715 optimatibus
1458 2649 1752 2697 adversatur.
1912 2661 1966 2707 9.
1997 2646 2283 2710 Agmriam.
2316 2648 2397 2696 Ne
2421 2649 2527 2712 quis
2552 2645 2666 2692 ultra
2693 2638 2809 2703 quin·

804 2735 855 2782 6.
884 2727 1160 2779 Tabellaria
1182 2729 1277 2775 Iex.
1298 2730 1368 2775 Ut
1390 2728 1605 2790 populus
1624 2744 1725 2775 uon
1738 2762 1752 2785 ‚
1840 2725 2156 2788 gentajugera
2175 2728 2481 2789 possideret:
2500 2723 2624 2789 quod
2638 2722 2810 2782 aliquan·

731 2821 786 2858 ut
829 2821 999 2869 antea,
1030 2823 1149 2855 voce
1167 2840 1181 2863 ‚
1215 2805 1299 2852 sed
1329 2821 1417 2868 per
1451 2804 1651 2852 tabellas
1690 2805 1752 2853 de
1840 2802 1908 2850 do
1923 2797 2813 2874 legelaiciuiacnutumerntffllutnrcbmv

731 2890 920 2937 civibus
940 2886 1220 2934 seutentiam
1242 2884 1399 2931 ferret.
1837 2882 2119 2945 Appianus,
2138 2884 2379 2945 Velleius,
2406 2886 2610 2950 epitome
2626 2879 2755 2928 Liviiz
2774 2875 2814 2920 in

803 2983 855 3028 7.
887 2969 945 3012 ln
964 2964 1120 3012 salute
1138 2961 1454 3026 optimatium.
1482 2962 1646 3023 Quum
1664 2962 1750 3009 ali-
1836 2976 1932 3024 qua
1956 2977 2078 3024 pro,
2112 2964 2381 3028 quingenta
2410 2966 2600 3028 jugera,
2624 2956 2815 3008 mendose

727 3049 836 3113 quis
865 3046 925 3094 de
946 3059 1148 3092 numero
1178 3041 1481 3106 optimatium
1506 3057 1533 3087 a
1558 3042 1748 3106 populo
1835 3039 2028 3102 legitur,
2056 3042 2221 3091 decem
2244 3046 2418 3108 jugera
2440 3058 2456 3093 ε
2487 3054 2637 3091 errato
2659 3049 2816 3087 esuum

722 3127 1191 3189 judicaretur,quum
1206 3120 1264 3168 de
1275 3120 1427 3167 salute
1440 3121 1747 3184 optimatium
1833 3119 2040 3183 praebuit
2059 3125 2273 3186 autiquae
2290 3135 2428 3172 nota
2466 3125 2511 3171 D
2534 3118 2759 3186 ignoratio.

731 3208 780 3254 in
807 3205 996 3268 jndicio
1028 3213 1279 3268 ageretur:
1310 3202 1493 3265 primus
1525 3200 1652 3248 euim
1685 3203 1744 3249 L.
1910 3214 1987 3247 ιο.
2012 3203 2333 3252 moverentur.
2360 3207 2498 3268 Quas
2522 3204 2643 3251 enim
2664 3210 2821 3264 possa·

728 3285 919 3332 Cassius
938 3282 1125 3346 populo
1143 3280 1365 3328 tabellam
1389 3279 1526 3327 dedit
1543 3279 1596 3326 iu
1612 3278 1747 3340 judi·
1834 3278 1996 3326 sioues
2039 3291 2208 3328 contra
2247 3281 2407 3346 lege-
2449 3282 2696 3334 Liciniam,
2729 3287 2821 3338 q'nae

725 3363 837 3410 cio:
866 3360 1061 3407 dederat
1084 3358 1282 3405 biennio
1305 3367 1416 3403 ante
1442 3357 1678 3403 Gabinius
1696 3357 1746 3404 iu
1833 3357 1999 3404 multis
2024 3370 2135 3407 ante
2160 3359 2414 3408 Tiberium
2457 3362 2594 3409 aunis
2616 3357 2822 3423 quingen-

724 3439 944 3488 creeudis
964 3437 1336 3501 magistratibus.
1834 3445 1995 3482 torum
2019 3437 2242 3499 jugerum
2279 3454 2539 3487 numerum
2575 3436 2823 3488 defi-ierat,

798 3520 846 3566 8.
872 3515 1076 3563 Tabellas*
1093 3512 1356 3561 licentiam.
1379 3510 1600 3574 Populus
1617 3513 1746 3561 euim
1831 3513 2099 3578 locupletes
2132 3517 2355 3566 homines
2388 3520 2640 3576 tenebant,
2672 3532 2743 3565 eas
2761 3511 2827 3560 Ἰῖ·

721 3597 918 3645 liberins
966 3592 1138 3642 tabella
1175 3606 1319 3655 quam
1367 3606 1490 3637 voce
1542 3592 1742 3654 agebat,
1831 3594 1951 3642 berii
1991 3595 2098 3659 lege
2136 3598 2445 3648 tenuioribus
2487 3599 2672 3648 tradere
2704 3609 2830 3658 ⁰⁰8⁸·

720 3693 871 3744 quum
893 3676 991 3734 jam
1025 3689 1124 3720 non
1151 3681 1474 3734 patronorum
1505 3680 1633 3718 metu
1660 3683 1744 3720 ant
1830 3673 2024 3723 bantur.

722 3753 984 3804 reverentia
1019 3760 1275 3806 teneretur,
1314 3759 1573 3813 possetque
1607 3750 1744 3812 quod
1905 3768 1986 3801 11.
2021 3755 2431 3807 meencatiam.
2468 3759 2539 3806 Ut
2568 3757 2831 3805 frumentum

716 3836 857 3882 vellet
898 3833 1066 3878 facere.
1107 3832 1215 3892 Qua
1250 3828 1532 3875 tabellarum
1550 3827 1743 3878 liberta·
1829 3834 2265 3882 semisseettrieute
2278 3838 2475 3900 populo
2490 3838 2695 3886 daretur.
2713 3837 2831 3882 Hunc

718 3926 791 3973 te,
834 3910 1163 3960 auctoritatem
1202 3923 1394 3955 omnem
1432 3907 1736 3972 optimatium
1822 3912 1977 3976 legem
1997 3928 2116 3961 mox
2135 3924 2184 3961 et
2203 3916 2256 3960 1..
2276 3916 2597 3971 Saturninus,
2620 3926 2668 3964 et
2686 3922 2831 3980 poste·

716 3992 922 4039 ablatam
958 4004 1060 4034 esse
1091 3985 1211 4034 dicit
1245 3987 1417 4034 Cicero
1435 4022 1449 4044 ‚
1489 4003 1550 4034 ex
1587 4004 1738 4052 eaque
1825 3992 2075 4040 Ciceronis
2136 4002 2275 4040 aetate
2347 3994 2404 4044 P.
2463 3996 2675 4045 Clodius
2725 3991 2833 4041 tulit.

715 4070 865 4118 multa
882 4067 947 4114 rei
952 4065 1160 4130 publicae
1179 4065 1351 4113 damna
1367 4066 1499 4113 illata
1515 4066 1736 4129 pluribus
1823 4069 1949 4118 Vide
1977 4087 2140 4134 supra.

712 4146 1003 4210 contendit,
1046 4144 1107 4195 de
1142 4143 1376 4210 Legibus,
1417 4144 1502 4193 lib.
1527 4144 1623 4195 111.
1658 4146 1733 4195 De
1896 4165 1980 4200 ια.
2001 4150 2252 4199 AErarium
2269 4148 2552 4202 exhauriri.
2573 4155 2736 4216 Quum
2753 4149 2840 4196 tru-
