2994 4778
680 383 773 468 48
1308 385 1405 449 Μ.
1458 385 1535 450 Τ.
1590 381 2156 473 elcERoms

681 530 796 575 res
831 518 1060 575 tantas
1084 514 1135 591 ¹,
1163 506 1238 574 in
1272 519 1464 574 tanta
1494 501 1987 599 improborum
2021 500 2479 572 multitudine
2504 554 2524 587 ,
2562 526 2792 597 quum

682 612 1054 709 gerebam,
1112 637 1261 681 non
1299 612 1475 682 mihi
1536 634 1767 697 morS,
1826 634 1977 679 non
2024 611 2351 681 exsilium
2393 609 2491 680 ob
2544 611 2795 680 oculos

682 719 1195 792 versabantur?
1219 744 1367 791 non
1402 718 1554 790 baec
1577 730 1606 763 ²
1644 716 1958 813 denique
1989 743 2029 788 a
2060 743 2175 789 me
2203 732 2394 805 tum,
2425 732 2795 814 tamquam

685 829 861 919 fata,
903 832 980 900 in
1019 832 1171 927 ipsa
1203 853 1280 898 re
1324 828 1633 925 gerenda
1676 824 2209 899 canebantur3?
2253 832 2364 897 An
2419 841 2572 897 erat
2612 826 2792 896 mihi

686 941 783 1009 in,
825 953 1023 1009 tanto
1088 937 1287 1007 luctu
1348 960 1713 1023 meorum,
1777 951 1973 1007 tanta
2033 933 2557 1029 disjunctione,
2601 949 2800 1005 tanta

684 1048 1069 1120 acerbitate
1098 1099 1117 1134 ,
1178 1059 1372 1116 tanta
1431 1045 1853 1143 spoliatione
1913 1046 2239 1113 omnium
2289 1067 2567 1130 rerum,
2616 1067 2798 1140 quas

684 1156 860 1226 mihi
921 1169 1046 1225 aut
1102 1168 1393 1241 natura,
1457 1167 1581 1223 aut
1642 1151 1983 1223 fortuna‘·
2027 1150 2362 1235 dederat,
2425 1155 2570 1221 vita
2622 1155 2793 1223 reti·

684 1262 967 1334 nenda?
1016 1265 1184 1332 Tam
1240 1285 1432 1333 eram
1482 1260 1730 1332 rudis?
1787 1277 1929 1336 tam
1979 1262 2265 1356 ignarus
2309 1261 2605 1330 rerum?
2649 1275 2797 1332 tam

682 1394 938 1466 expers
1003 1371 1313 1459 consilii,
1375 1385 1500 1442 aut
1561 1371 1873 1467 ingenii?
1927 1370 2106 1440 nibil
2159 1368 2566 1440 audieram?
2614 1370 2798 1457 nihil

680 1477 1046 1549 videram?
1087 1479 1270 1549 nibil
1311 1482 1465 1576 ipse
1512 1478 1816 1576 legendo
1857 1478 2389 1576 quaerendoque
2432 1503 2801 1576 cognove-

679 1587 875 1658 ram?
919 1586 1320 1658 nesciebam
1366 1591 1525 1658 vitae
1581 1587 1873 1660 brevem
1948 1612 2098 1659 esse
2168 1612 2455 1660 cursum
2477 1641 2498 1673 ,
2558 1587 2800 1685 gloriae

682 1695 1291 1793 sempiternum5?
1331 1721 1557 1793 quum
1586 1712 1768 1769 esset
1800 1696 2136 1768 omnibus
2169 1695 2509 1768 definita⁶
2552 1720 2752 1769 mors
2772 1752 2792 1783 ,

683 1804 1079 1902 optandum
1128 1829 1280 1876 esse
1306 1861 1325 1893 ,
1379 1820 1460 1876 ut
1503 1809 1687 1893 vita,
1733 1832 1892 1902 quae
1935 1807 2331 1877 necessitati
2385 1803 2801 1891 deberetur,

684 1915 926 2012 patriae
966 1916 1207 2011 potius
1254 1914 1552 1997 donata,
1586 1938 1803 2010 quam
1840 1928 2193 1985 reservata
2227 1927 2494 1983 naturae
2530 1912 2806 1983 videre·

685 2024 846 2093 tur?
897 2022 1340 2108 nesciebam,
1388 2026 1577 2093 inter
1632 2024 2186 2120 sapientissimos
2238 2021 2568 2091 homines
2613 2020 2804 2092 hanc

685 2135 1222 2224 contentionem
1268 2129 1525 2219 fuisse,
1577 2147 1660 2202 ut
1713 2131 1832 2202 alii
1885 2131 2206 2202 dicerent
2249 2132 2524 2201 animos
2561 2129 2801 2200 homi-

684 2265 857 2312 num
931 2265 1330 2337 sensusque
1391 2256 1624 2312 morte
1697 2242 2082 2336 restingui,
2143 2239 2261 2310 alii
2302 2252 2570 2309 ⁴autem
2643 2252 2801 2308 tum

683 2353 987 2422 maxime
1055 2364 1333 2422 mentes
1404 2350 1831 2448 sapientium
1911 2373 1992 2420 ac
2061 2346 2354 2419 fontium
2427 2350 2750 2417 virorum
2777 2404 2797 2435 ,

680 2486 909 2559 quum
944 2485 984 2531 e
1029 2483 1328 2557 corpore
1364 2461 1863 2545 excessissent,
1899 2459 2164 2528 sentire
2198 2481 2280 2527 ac
2310 2457 2585 2552 vigere?
2623 2481 2800 2552 quo-

681 2595 843 2640 rum
877 2570 1176 2641 alterum
1198 2623 1218 2657 ,
1253 2568 1670 2666 fugiendum
1705 2591 1855 2637 non
1891 2591 2041 2638 esse
2065 2619 2083 2649 ,
2121 2589 2358 2636 carere
2404 2588 2664 2651 sensu;
2702 2565 2799 2635 al·

682 2694 913 2750 terum
966 2683 1174 2758 etiam
1227 2677 1668 2775 optandum,
1725 2677 2019 2747 meliore
2070 2699 2224 2746 esse
2275 2699 2510 2746 sensu.
2571 2678 2794 2745 Deni-

680 2810 824 2881 que
845 2798 899 2872 ⁷,
944 2810 1168 2883 quum
1208 2789 1446 2856 omnia
1483 2809 1763 2882 semper
1788 2783 1876 2856 ad
1911 2786 2324 2881 dignitatem
2353 2782 2794 2869 retulissem,

749 3048 890 3095 XXI.
921 3063 966 3095 1.
993 3047 1111 3096 Illas
1131 3065 1207 3096 res
1230 3058 1410 3096 tantas.
1437 3049 1494 3095 In
1519 3064 1687 3096 comu-
1773 3050 1839 3096 tin
1856 3064 1998 3111 quem
2023 3060 2154 3117 totus
2171 3048 2251 3096 bic
2272 3047 2436 3105 locus,
2463 3056 2512 3095 et
2532 3045 2784 3110 magnifice

676 3128 778 3175 latu
803 3136 972 3190 gestas.
1770 3127 1852 3174 illa
1870 3127 2039 3174 mortis
2057 3127 2373 3190 contemptio.

749 3221 797 3253 α.
820 3207 956 3254 Hoec.
992 3207 1114 3268 Quae
1133 3222 1239 3254 sum
1259 3222 1529 3271 perpessus.
1842 3206 1891 3254 6.
1922 3205 2150 3254 Omnibus
2173 3203 2378 3270 definita
2407 3219 2553 3251 mors.
2584 3205 2784 3251 Senten-

747 3285 797 3330 3.
833 3283 1161 3332 canebantur.
1187 3286 1267 3333 Al.
1295 3285 1683 3334 concinebantur.
1770 3284 1884 3331 tiam
1903 3285 2029 3332 bane
2046 3300 2145 3362 tion
2170 3282 2314 3330 semel
2331 3299 2359 3329 ι
2381 3282 2547 3345 grxecin
2572 3283 2784 3330 auetori-

673 3363 720 3409 J.
742 3360 807 3407 V.
834 3361 888 3406 L.
1583 3353 1586 3356 ¹
1768 3361 1860 3410 bus
1887 3364 2129 3428 recitatam
2154 3362 2219 3408 ita
2246 3362 2460 3409 imitatur
2480 3359 2669 3408 Tullius
2685 3397 2701 3419 ,
2728 3371 2783 3408 nt

745 3444 797 3490 4.
822 3438 926 3483 Aur
946 3446 1126 3484 natm-a
1144 3470 1159 3496 ‚
1187 3438 1520 3501 antefer-tuna.
1546 3439 1683 3487 Libe·
1767 3441 1915 3504 longo
1957 3438 2208 3488 intervallo
2257 3440 2442 3502 priores
2482 3448 2679 3501 superet
2727 3439 2780 3486 in

676 3524 960 3569 manatura,
975 3530 1074 3561 rem
1093 3516 1283 3562 fortuna
1300 3515 1682 3580 dat2utrumque
1767 3518 2035 3583 Philippica
2063 3518 2243 3566 decima
2260 3552 2274 3576 ,
2297 3517 2383 3565 ubi
2407 3527 2574 3564 noster
2598 3517 2780 3565 obium

673 3591 924 3655 significat.
1766 3613 1858 3661 pro
1878 3600 2050 3645 virtute
2065 3606 2268 3644 mortem
2283 3596 2413 3660 turpi
2431 3596 2785 3645 immortalitati

744 3672 792 3719 5.
827 3667 1008 3718 Gloriae
1033 3671 1384 3734 sempiternum.
1415 3673 1681 3721 Sententiae
1766 3675 2108 3740 praeferendam
2129 3690 2228 3722 esee
2245 3673 2512 3722 contendit.

672 3748 779 3796 illan
815 3750 1056 3795 communi
1087 3765 1303 3797 sermone
1334 3751 1506 3813 saepius
1539 3767 1678 3799 usur-
1838 3773 1883 3814 7.
1908 3754 2142 3818 Denique.
2164 3752 2429 3803 Concludit
2444 3752 2782 3801 demonstran*

673 3838 807 3891 pates
829 3828 893 3875 ita
919 3844 1047 3876 nunc
1072 3828 1229 3877 vivide
1246 3829 1472 3894 expn‘mit
1496 3841 1676 3890 orator,
1766 3835 1831 3882 do
1843 3850 1984 3897 quam
1995 3849 2164 3896 parum
2178 3849 2279 3880 esse
2292 3843 2491 3880 mortem
2506 3830 2780 3889 contemni,

672 3917 728 3953 ut
753 3908 950 3954 omnino
972 3923 1112 3955 novae
1137 3919 1393 3973 appareant
1415 3926 1428 3957 ε
1473 3918 1545 3966 ct,
1581 3909 1674 3957 nisi
1763 3929 1912 3977 quum
1935 3928 2037 3960 eam
2058 3927 2142 3958 sua
2160 3921 2334 3976 sponte
2354 3908 2523 3975 pueiloe
2544 3924 2779 3973 prasum-

669 4001 746 4032 me
794 3985 912 4033 fallit
958 3987 1144 4033 animus
1162 4021 1179 4047 ,
1223 3990 1363 4051 penei
1411 4000 1674 4036 occurrunt
1762 3991 1959 4054 prex-int.
1977 3991 2211 4038 Narratur
2222 3990 2349 4036 enim
2368 3988 2625 4037 Erechthei
2654 3989 2777 4052 regis

668 4064 762 4112 loci
781 4097 796 4121 ,
821 4065 904 4127 qui
926 4076 1021 4113 tam
1040 4065 1231 4114 ardenti
1248 4067 1429 4115 caleant
1447 4068 1673 4130 eloquen-
1759 4067 1908 4127 filias,
1940 4070 2177 4133 Eumolpo
2204 4069 2422 4117 Thracia
2447 4084 2560 4132 rege
2593 4064 2773 4115 bellum
