2994 4778
613 401 749 489 540
1114 443 1123 452 ·
1249 405 1344 471 M.
1401 406 1479 470 Τ.
1536 405 2109 474 CICERONIS

605 548 771 595 cum
832 547 907 593 se
962 520 1372 593 ablaturum
1432 547 1587 594 esse
1646 524 1840 595 dicit.
1904 525 2233 597 Meminit
2285 527 2540 610 etiam,
2603 526 2756 597 sibi

603 657 858 704 vocem
896 633 1294 730 praeconis7
1332 633 1554 705 modo
1591 633 1935 716 defuisse,
1977 659 2191 732 quam
2230 637 2530 707 minime
2561 637 2756 708 desi·

601 742 908 830 derarit3
967 741 1221 841 populi
1268 768 1442 814 vero
1488 747 1767 827 cunctis
1813 743 2208 843 suffragiis,
2248 745 2451 843 quod
2510 771 2752 817 unum

603 853 949 951 cupierit,
989 876 1065 922 se
1109 850 1484 924 consulem
1522 852 1983 925 declaratum.
2036 856 2250 925 Nunc
2285 853 2651 952 denique,
2688 859 2755 927 si

603 962 756 1033 haec
787 953 1031 1033 arma⁸
1066 976 1318 1033 contra
1352 987 1427 1033 se
1461 977 1634 1033 sunt
1665 962 1945 1051 sutura,
1973 962 2108 1034 sibi
2137 961 2474 1035 facinoris
2502 969 2755 1063 suspi-

602 1076 924 1158 cionem,
973 1098 1134 1143 non
1171 1070 1337 1144 facti
1388 1076 1666 1144 crimen
1705 1071 2015 1144 obstare.
2061 1072 2281 1143 Addit
2333 1073 2521 1160 haec,
2574 1101 2752 1172 quae

604 1199 798 1255 certe
831 1208 995 1255 vera
1018 1198 1219 1271 sunt,
1249 1185 1470 1255 fortes
1494 1199 1568 1254 et
1591 1189 1952 1282 sapientes
1982 1188 2175 1255 viros
2204 1208 2355 1255 non
2383 1199 2523 1256 tam
2554 1211 2751 1283 prae·

603 1296 744 1365 mia
801 1295 1006 1391 sequi
1054 1294 1283 1365 solere
1337 1308 1534 1366 recte
1585 1293 1976 1382 factorum,
2045 1318 2264 1391 quam
2333 1297 2482 1393 ipsa
2538 1312 2749 1367 recte

602 1401 822 1490 facta3
877 1428 953 1475 se
1004 1401 1186 1474 nibil
1239 1407 1318 1474 in
1372 1407 1521 1475 vita
1540 1416 1595 1490 9,
1656 1405 1792 1474 nisi
1854 1404 2388 1502 praeclarissime
2438 1403 2747 1490 fecisse'‚

602 1514 962 1609 siquidem
999 1512 1182 1582 nihil
1237 1514 1328 1583 sit
1377 1511 1850 1610 praestabilius
1898 1515 2100 1599 vim,
2147 1538 2366 1610 quam
2405 1514 2749 1611 periculis

603 1626 904 1720 patriam
964 1621 1309 1708 liberare;
1353 1622 1605 1695 beatos
1647 1647 1837 1709 esse,
1884 1621 2151 1719 quibus
2197 1647 2281 1693 ea
2327 1647 2440 1695 res
2475 1622 2746 1694 honori

602 1733 821 1804 fuerit
857 1758 895 1803 a
936 1734 1084 1804 suis
1119 1731 1437 1819 civibus;
1471 1757 1606 1803 nec
1651 1747 1895 1823 tamen
1932 1756 2057 1802 eos
2087 1734 2426 1818 miserm,
2466 1733 2585 1828 qui
2612 1730 2750 1803 be-

603 1839 865 1912 neficio
910 1846 1101 1913 cives
1144 1867 1315 1913 suos
1364 1843 1667 1912 vicerint
1720 1870 1737 1911 ε
1792 1840 1918 1912 sed
1975 1855 2217 1911 tamen
2258 1865 2345 1911 ex
2401 1840 2749 1912 omnibus

604 1953 912 2049 praemiis
956 1953 1294 2037 virtutis.
1325 1954 1382 2023 si
1426 1966 1613 2023 esset
1645 1950 1980 2023 habenda
2015 1952 2199 2023 ratio
2237 1955 2693 2049 praemiorum
2717 2007 2741 2035 ‚

604 2062 1127 2158 amplissimum
1183 2086 1336 2134 esse
1384 2063 1802 2161 praemium,
1865 2062 2164 2159 gloriam
2191 2073 2291 2149 ¹⁰3
2347 2086 2495 2133 esse
2545 2061 2749 2132 hanc

605 2196 824 2241 unam
849 2227 868 2260 ‚
901 2198 1061 2270 quae
1089 2172 1515 2244 brevitatem
1546 2175 1708 2243 vitae
1734 2173 2171 2270 posteritatis
2196 2175 2534 2244 memoria
2561 2196 2750 2242 con-

604 2281 1078 2371 solaretur113
1132 2308 1293 2380 quae
1343 2281 1695 2369 efficeret,
1758 2296 1839 2354 ut
1889 2281 2228 2353 absentes
2283 2281 2744 2366 adessemus,

602 2394 874 2465 mortui
903 2397 1338 2478 viveremus;
1373 2394 1559 2466 hanc
1595 2394 1914 2491 denique
1945 2419 2133 2478 esse,
2168 2395 2375 2488 cujus
2400 2391 2752 2489 gradibus

606 2505 821 2575 etiam
851 2504 1178 2576 homines
1208 2508 1286 2575 in
1315 2505 1569 2576 caelum
1598 2504 2016 2576 viderentur
2053 2502 2507 2575 adscendere.

703 2618 814 2687 De
850 2640 1002 2703 me,
1040 2617 1316 2713 inquit,
1354 2639 1643 2712 semper
1691 2614 2007 2713 populus
2046 2637 2421 2699 romanus,
2453 2636 2751 2708 semper

607 2750 859 2797 omnes
902 2740 1151 2822 gentes
1189 2726 1610 2822 loquentur,
1655 2724 1857 2795 nulla
1894 2749 2241 2822 umquam
2286 2721 2748 2795 obmutescet

607 2850 946 2906 vetustas.
1014 2837 1210 2927 Quin
1266 2834 1407 2907 hoc
1472 2850 1806 2934 tempore
1863 2836 2055 2932 ipse,
2113 2860 2342 2932 quum
2393 2856 2640 2905 omnes
2698 2858 2747 2903 a

606 2949 786 3016 meis
815 2946 1121 3016 inimicis
1150 2944 1341 3017 faces
1367 2971 1546 3017 meae
1575 2946 1857 3016 invidiae
1886 2945 2363 3040 subjiciantur
2385 2957 2464 3028 ¹²,
2497 2959 2749 3014 tamen

609 3058 809 3127 omni
843 3058 914 3127 in
953 3055 1336 3128 hominum
1370 3071 1565 3129 coetu
1593 3057 1832 3154 gratiis
1860 3055 2194 3154 agendiS‚
2225 3071 2296 3127 et
2323 3054 2747 3154 gratulatio-

680 3285 729 3329 7.
758 3273 937 3318 Vocem
951 3269 1209 3333 proeoonis.
1230 3269 1464 3334 Quamvis
1482 3285 1629 3318 nemo
1796 3284 1876 3317 to.
1892 3268 2129 3317 Gloriam.
2146 3269 2285 3317 Hanc
2301 3279 2466 3316 orator
2479 3266 2745 3314 abhonore

607 3347 660 3393 in
678 3347 890 3395 comitiis
912 3349 1140 3411 ignorare
1163 3360 1327 3414 posset
1342 3383 1358 3407 ‚
1376 3350 1487 3413 quis
1506 3365 1629 3397 eon·
1720 3348 1990 3413 distinguit.
2028 3352 2203 3397 Honor
2238 3366 2305 3398 ex
2327 3347 2503 3413 populi
2531 3346 2745 3393 benivo-

606 3426 683 3474 sul
715 3438 838 3474 esset
861 3427 1140 3492 designatus
1155 3463 1170 3488 ,
1207 3440 1367 3476 tamen
1395 3429 1477 3477 ille
1504 3445 1630 3493 prae-
1715 3427 1863 3476 lentia
1878 3428 2083 3492 pendet;
2105 3427 2259 3491 gloria
2278 3439 2438 3476 autem
2461 3441 2620 3489 neque
2637 3434 2746 3472 atu·

608 3505 746 3554 conis
768 3519 890 3551 voce
915 3506 1304 3568 renuntiabatur,
1330 3518 1380 3554 et
1406 3507 1632 3555 laudibus
1722 3507 1807 3557 dio
1834 3509 1993 3567 datur,
2018 3525 2181 3573 neque
2204 3509 2439 3565 aufertur,
2470 3521 2751 3568 nomenque

609 3581 911 3633 efferebatur.
1720 3587 1783 3635 ad
1807 3587 2124 3635 immortalem
2147 3586 2428 3635 memoriam
2454 3595 2729 3633 conaecrat.

681 3666 728 3711 8.
760 3661 816 3710 Si
838 3660 942 3708 hoec
966 3677 1129 3710 ama.
1161 3661 1387 3709 Praesidia
1414 3661 1629 3722 scilicet,
1797 3682 1819 3713 x
1835 3683 1877 3714 ι.
1908 3666 2266 3714 consolaretur.
2293 3667 2458 3728 Quum
2478 3676 2575 3711 tam
2597 3666 2755 3711 arctis

608 3760 719 3808 quoe
747 3744 874 3791 circa
900 3742 1056 3789 forum
1089 3742 1348 3805 Pompeius
1374 3751 1631 3793 statuerat.
1718 3744 1818 3791 vita
1838 3755 2001 3792 nostra
2023 3744 2085 3791 sit
2107 3744 2343 3793 limitibus
2361 3745 2758 3807 circumscripta.

607 3849 679 3859 —
705 3819 958 3870 Facinora‘s
985 3820 1322 3886 suspicionem.
1360 3822 1487 3885 Quia
1514 3822 1632 3872 Clo·
1796 3840 1881 3872 12.
1933 3821 2283 3889 Subjt‘ciantur.
2338 3825 2503 3886 Quum
2553 3822 2756 3868 inimici

609 3901 740 3950 dimi
777 3899 1064 3962 jactitabant
1097 3901 1331 3950 Milonem
1378 3903 1428 3950 in
1470 3914 1633 3951 mente
1719 3903 1819 3952 mei
1849 3903 2008 3951 modia
2043 3903 2271 3954 omnibus
2313 3902 2546 3950 invidiam
2586 3917 2754 3948 meam

608 3979 830 4028 habuisse
844 3981 1066 4042 Pompeii
1078 3981 1334 4029 occidendi
1348 3982 1604 4031 consilium
1615 4018 1629 4033 .
1717 3992 1940 4046 augeant.
1966 3984 2254 4047 metaphora
2271 3983 2333 4030 ab
2351 3983 2411 4029 iis
2427 3993 2501 4029 est
2521 3992 2750 4044 sumpta,

683 4075 734 4122 9.
756 4060 816 4104 Se
835 4057 962 4106 nihil
976 4057 1027 4104 in
1046 4058 1170 4106 vica.
1194 4060 1312 4108 Non
1331 4064 1474 4111 etiam
1497 4073 1599 4110 tum
1614 4098 1629 4120 ‚
1717 4062 1805 4125 qui
1832 4061 2021 4110 facibus
2056 4062 2314 4124 subjectis,
2338 4059 2624 4109 incendium
2657 4076 2763 4116 aas

612 4154 764 4203 quum
786 4137 1014 4187 Clodium
1037 4138 1292 4188 interfecit.
1718 4149 1850 4202 gent.
