2994 4778
601 432 994 506 ORATIO
1042 421 1252 504 PRo
1303 437 1378 521 1„
1418 436 1493 501 e.
1535 434 1889 504 BALBo.
2165 433 2300 530 307

296 566 423 633 vl.
459 555 913 630 Gratificatur
956 554 1135 625 mihi
1173 569 1379 651 gestu
1421 569 1844 626 accusator:
1886 556 2303 629 inscientem

186 677 328 744 Cn.
359 671 805 766 Pompeium¹
840 665 1092 738 fecisse
1126 664 1495 762 significat.
1517 666 1739 756 Quasi
1759 689 1930 737 vero
1951 665 2173 738 levius
2191 670 2304 753 sit,

184 805 419 879 quum
470 782 545 850 in
597 792 797 849 tanta
828 775 1203 875 republica
1250 799 1569 863 versere,
1609 790 1683 846 et
1723 775 2047 846 maximis
2084 801 2309 874 nego-

188 893 311 962 tiis
348 890 623 988 praesis»,
660 885 894 958 facere
928 883 1238 982 aliquid,
1273 885 1474 981 quod
1514 886 1690 956 scias
1737 910 1887 955 non
1924 884 2137 956 licere
2160 940 2180 972 ,
2220 909 2311 955 an

191 1002 490 1072 omnino
534 1000 852 1081 nescire,
891 994 1069 1093 quid
1096 995 1324 1067 liceat.
1366 996 1649 1066 Etenim
1683 1018 1911 1091 quum
1944 996 2017 1065 in
2055 995 2311 1091 Hispa-

194 1114 304 1182 nia
337 1109 616 1181 bellum
648 1107 1078 1179 acerrimum
1103 1119 1176 1177 et
1194 1106 1588 1175 maximum
1611 1119 1958 1202 gesserat,
1981 1129 2132 1198 quo
2151 1105 2313 1199 jure

195 1220 551 1291 Gaditana
586 1217 833 1288 civitas
870 1229 1092 1301 esset,
1138 1214 1545 1285 nesciebat?
1568 1239 1700 1300 an,
1749 1214 1955 1308 cujus
1997 1214 2317 1311 linguam

200 1327 452 1426 populi
488 1351 638 1397 non
678 1338 958 1409 nosset,
994 1325 1664 1420 interpretationem
1696 1321 1985 1395 foederis
2017 1349 2166 1395 non
2209 1339 2318 1395 te-

198 1437 458 1509 nebat?
500 1434 587 1506 Id
628 1435 848 1530 igitur
872 1433 1260 1529 quisquam
1303 1436 1436 1503 Cn.
1479 1435 1907 1530 Pompeium
1953 1436 2320 1530 ignorasse

200 1548 432 1618 dicere
461 1542 799 1629 audebit,
827 1541 1026 1639 quod
1058 1542 1456 1613 mediocres
1487 1540 1851 1631 homineS,
1880 1544 2080 1641 quod
2114 1545 2321 1616 nullo

202 1680 344 1727 usu
378 1709 396 1740 ,
444 1652 657 1724 nullo
718 1651 963 1724 studio
1010 1648 1295 1731 militari
1345 1652 1668 1749 praediti,
1713 1654 1915 1750 quod
1974 1653 2325 1726 librarioli

203 1765 511 1860 denique
538 1763 716 1833 scire
731 1759 1205 1858 profiteantur
1219 1771 1248 1802 ²
1266 1763 1294 1831 ἱ)
1320 1761 1674 1858 Equidem
1693 1777 1945 1835 contra
1962 1766 2319 1851 existimo,

200 1873 503 1968 judices,
558 1895 791 1967 quum
848 1871 923 1940 in
956 1871 1156 1940 omni
1191 1894 1452 1968 genere
1502 1896 1584 1943 ac
1635 1875 1975 1945 varietate
2031 1878 2326 1964 artium,

209 1987 411 2055 etiam
468 1982 790 2066 illarum,
844 2003 1001 2076 quae
1038 1983 1191 2050 sine
1227 2003 1512 2052 summo
1566 1983 1718 2052 otio
1768 2008 1918 2053 non
1967 1981 2171 2054 facile
2220 1984 2334 2054 di·-

210 2110 525 2179 scuntur,
562 2095 692 2163 Cn.
734 2092 1121 2188 Pompeius
1163 2092 1497 2178 excellat,
1541 2087 2019 2188 singularem³
2075 2118 2332 2190 quam·

212 2204 369 2277 dam
419 2201 709 2276 laudem
747 2201 944 2296 ejus,
997 2215 1070 2271 et
1120 2198 1590 2298 praestabilem
1642 2225 1796 2272 esse
1845 2204 2215 2273 scientiam
2253 2207 2332 2275 in

217 2316 647 2403 foederibus,
705 2311 1205 2413 pactionibus,
1262 2313 1800 2386 conditionibus
1849 2315 2335 2414 populorum,

216 2453 508 2525 regum,
549 2439 959 2498 exterarum
1023 2426 1439 2512 nationum,
1476 2427 1554 2494 in
1617 2427 1953 2497 universo
2017 2427 2335 2525 denique

216 2537 382 2609 belli
419 2538 627 2633 jure,
670 2560 752 2606 ac
783 2535 998 2632 pacis.
1038 2537 1187 2606 Nisi
1233 2532 1455 2620 forte,
1494 2559 1656 2631 quae
1693 2559 1826 2606 nos
1860 2535 2021 2606 libri
2071 2537 2338 2607 docent

218 2652 290 2719 in
350 2646 617 2720 umbra
666 2659 741 2717 et
797 2647 984 2729 otio,
1032 2667 1114 2714 ea
1148 2648 1278 2716 Cn.
1324 2646 1788 2741 Pompeium,
1826 2669 2068 2740 neque
2108 2670 2336 2741 quum

216 2760 741 2858 requiesceret,
803 2753 1059 2838 literae,
1098 2777 1376 2851 neque,
1407 2777 1638 2850 quum
1668 2778 1820 2825 rem
1862 2767 2144 2852 gereret
2168 2808 2188 2843 ,
2221 2777 2337 2826 res

214 2871 384 2968 ipsae
407 2865 441 2923 4
479 2865 743 2938 docere
777 2877 1197 2962 potuerunt.

311 2982 585 3074 Atque,
651 2987 732 3045 ut
788 2997 925 3070 ego
986 2976 1217 3044 sentio
1242 2969 1294 3076 ξ,
1327 2973 1645 3067 judices,
1690 2995 1904 3048 causa
1970 2971 2160 3044 dicta
2232 2987 2341 3045 est

282 3131 382 3177 VI.
405 3144 451 3176 ι.
470 3125 755 3175 lanimem
767 3159 781 3184 ,
800 3135 892 3194 ete,
913 3126 1237 3187 Quocumque

211 3226 261 3257 se
309 3216 470 3255 vertat
505 3215 761 3254 aecusator
810 3202 908 3252 boe
952 3211 1236 3265 argumento

211 3286 445 3351 eapitur-3
485 3284 664 3333 etenim
692 3298 754 3330 ne
781 3282 1014 3346 suspicari
1039 3279 1237 3344 quidem

211 3382 451 3431 putam,
494 3362 781 3427 Pompeium
812 3361 1042 3409 scientem
1068 3361 1236 3408 fecisse

212 3448 473 3509 injuriam3
495 3444 660 3493 obstat
694 3442 786 3489 viri
813 3439 1020 3504 dignitas
1049 3452 1099 3490 et
1125 3439 1235 3488 reli·

212 3527 298 3591 gio
317 3542 336 3584 ς
356 3526 399 3573 si
425 3534 598 3573 eontra
614 3523 821 3571 insciens
843 3521 1013 3569 secisse
1037 3519 1233 3577 dieitur,

212 3604 340 3669 quid
366 3603 574 3666 eogitari
596 3611 759 3665 potest
785 3599 1038 3646 absurdius
1053 3633 1067 3657 ,
1085 3614 1237 3663 quum

213 3684 305 3747 qni
338 3698 417 3731 res
463 3681 767 3745 gravissimu
809 3678 1113 3734 tractaverit,
1153 3680 1239 3741 qui

212 3763 462 3812 bellorum
506 3762 694 3809 furores
731 3757 1066 3821 temperaverit
1084 3791 1099 3816 ,
1138 3757 1238 3805 hoe

212 3841 419 3907 quidem
446 3840 741 3904 ignoraverit
769 3836 905 3902 quod
930 3853 1088 3884 rernm
1114 3837 1241 3901 peri-

214 3934 328 3971 tum
347 3935 654 3983 nequaqnam
675 3917 832 3983 possit
850 3917 1028 3979 sugere.

1323 3124 1539 3172 Tullium
1573 3138 1675 3171 esse
1709 3137 1850 3172 nsum
1890 3124 2134 3172 novimus.
2172 3123 2339 3174 Lsml).

1322 3217 1374 3249 se
1411 3200 1558 3259 scire,
1588 3201 1649 3249 de
1678 3200 1987 3269 conjectura,
2024 3217 2169 3264 quam
2200 3200 2344 3250 innn-

1324 3280 1574 3330 merabiles
1598 3280 1694 3330 loci
1720 3282 2024 3331 subvertunt.

1395 3361 1444 3409 3.
1471 3359 1770 3425 Singulae-em
1805 3360 2085 3424 quamdam.
2122 3361 2344 3413 lambio.

1323 3451 1422 3487 tum
1445 3439 1740 3504 siugularem
1757 3474 1772 3498 ,
1799 3441 1901 3492 nine
1924 3439 2099 3488 idonea
2126 3457 2268 3490 eausa
2293 3453 2344 3491 et

1323 3520 1427 3567 sine
1449 3519 1730 3570 testimonio
1752 3518 2005 3570 librorum.

1396 3609 1445 3657 4.
1470 3602 1562 3647 Res
1601 3599 1736 3662 ipsa.
1766 3599 1979 3663 Quidam
2014 3599 2130 3648 libri
2164 3600 2345 3651 habent

1325 3679 1545 3745 regiones
1570 3675 1724 3742 ipsoe5
1749 3678 1886 3742 quod
1920 3677 2165 3729 habebant
2199 3681 2345 3728 etiam

1325 3759 1483 3808 codex
1494 3758 1707 3821 optimus
1726 3759 1838 3807 Car.
1853 3759 2110 3822 Stephani,
2136 3768 2345 3822 quatuor

1326 3838 1441 3886 item
1467 3836 1746 3884 Britannici.

1404 3916 1453 3976 5,
1472 3918 1636 3976 Atque
1649 3924 1743 3969 ,we
1768 3930 1857 3978 ego
1884 3913 2056 3962 uncio.
2076 3914 2350 3980 Corruptus

296 4019 348 4053 a.
404 4004 555 4069 Quod
598 4001 841 4052 librarioli
879 3999 1087 4064 denique
1122 3997 1247 4046 scire
1334 3993 1597 4044 admodum
1627 3992 1767 4041 loeus
1797 3994 1919 4051 iste,
1959 4009 2118 4057 nequo
2163 3995 2348 4057 corrigi

212 4082 585 4146 Μίκκαν-ε’
608 4082 731 4131 eod.
754 4079 897 4130 Βοιὼ.
929 4078 1117 4128 librarii
1126 4077 1247 4126 :sed
1335 4084 1523 4140 potest,
1546 4071 1641 4119 nisi
1680 4088 1920 4121 novorum
1952 4072 2152 4121 secedat
2188 4084 2351 4121 aneto-

225 4162 592 4211 deminutivum
628 4162 961 4225 aptissimum-3
1000 4176 1101 4221 quo
1135 4158 1249 4207 alibi
1339 4157 1454 4201 ritas
1491 4151 1631 4198 Mss.
1677 4153 1878 4200 Sensum
1920 4151 2354 4212 deprehendimus,

1959 4257 2066 4303 20.
