2994 4778
607 458 750 538 42⁰
1234 449 1330 515 M.
1381 447 1459 512 T.
1516 446 2089 516 CICERONIS

601 574 980 668 idemque,
1035 584 1118 640 ut
1167 564 1435 651 essetss,
1480 565 1683 664 quod
1753 568 1826 637 in
1891 565 2050 637 basi
2106 580 2556 663 tropaeorum
2613 568 2745 639 in-

599 680 816 754 scribi
852 678 1250 774 incidique7
1291 690 1559 772 posset,
1596 673 2128 771 Dyrrhachium
2165 690 2245 746 ut
2273 676 2759 761 venit‚dece-

598 794 816 873 denS,
852 788 1184 861 obsessus
1227 800 1335 857 est
1362 783 1454 857 ab
1493 788 1581 857 iis
1614 786 1788 882 ipsis
1835 784 2214 869 militibus,
2253 810 2445 883 quos
2483 787 2755 883 paullo

597 916 763 973 ante
802 905 1172 996 Torquato
1213 894 1590 991 respondit
1640 893 1982 966 beneficii
2025 890 2284 967 causa⁸
2321 894 2419 966 ab
2462 921 2542 968 se
2581 921 2754 968 esse

505 1000 516 1009 ’
597 1014 949 1085 dimissos.
993 1006 1276 1099 Quibus
1324 1030 1554 1104 quum
1577 1005 1863 1099 juratus
1912 1003 2378 1092 affirmasset,
2418 1030 2527 1093 se,
2571 1032 2753 1104 quae

596 1121 1069 1204 deberentur,
1129 1130 1422 1214 postero
1480 1114 1598 1185 die
1658 1114 2241 1212 persoluturum,
2297 1114 2592 1187 domum
2648 1143 2748 1189 se

597 1230 918 1313 abdidit,
962 1228 1131 1299 iude
1196 1239 1406 1298 nocte
1459 1227 1929 1323 intempesta,
1986 1224 2467 1322 crepidatus9,
2524 1242 2741 1298 veste

596 1340 870 1427 servili,
913 1361 1165 1409 navem
1196 1333 1650 1417 conscendit,
1688 1332 2296 1431 Brundisiumque
2327 1336 2563 1405 vitavit
2585 1390 2608 1418 ,
2644 1353 2739 1408 et

596 1452 887 1523 ultimas
927 1447 1346 1519 Hadriani¹⁰
1384 1447 1600 1517 maris
1629 1468 1791 1514 oras
1835 1448 2134 1541 petivit:
2172 1470 2401 1541 quum
2432 1447 2734 1517 interim

591 1559 1018 1657 Dyrrhachii
1049 1556 1306 1626 milites
1333 1554 1667 1641 domum,
1703 1556 1777 1624 in
1813 1579 1955 1651 qua
1989 1556 2204 1626 istum
2238 1580 2391 1626 esse
2421 1554 2731 1628 arbitra-

591 1670 893 1753 bantur,
941 1664 1274 1736 obsidere
1311 1678 1733 1761 coeperunt,
1779 1679 1885 1750 et,
1937 1688 2170 1760 quum
2210 1663 2429 1735 latere
2474 1663 2728 1735 homi-

591 1803 758 1853 nem
828 1789 1210 1874 putarent,
1276 1777 1478 1872 ignes
1555 1773 2211 1846 circumdederunt.
2284 1778 2449 1865 Quo
2504 1791 2727 1847 metu

592 1888 935 1962 commoti
976 1885 1489 1983 Dyrrhachini,
1530 1884 1935 1983 profugisse
1990 1899 2218 1955 noctu
2268 1883 2721 1981 crepidatum

593 2003 1098 2097 imperatorem
1139 1996 1658 2067 indicaverunt.
1707 1994 1812 2064 Illi
1857 2008 2097 2092 autem
2134 2008 2468 2077 statuam,
2504 1996 2722 2064 istius

592 2107 1025 2206 persimilem
1046 2161 1066 2190 ,
1099 2130 1316 2202 quam
1345 2119 1533 2176 stare
1564 2101 2035 2175 celeberrimo
2058 2107 2136 2173 in
2165 2103 2331 2175 loco
2355 2103 2722 2190 voluerat,

591 2241 686 2287 ne
715 2216 1110 2288 suavissimi
1140 2213 1451 2285 hominis
1478 2215 1825 2285 memoria
1852 2227 2278 2300 moreretur,
2306 2211 2724 2299 deturbant,

593 2324 948 2423 affligunt,
984 2326 1529 2409 comminuunt,
1580 2323 1927 2421 dissipant
1973 2350 1987 2393 ε
2042 2324 2142 2394 sic
2184 2323 2469 2411 odium,
2511 2324 2727 2421 quod

590 2441 665 2507 in
703 2439 942 2533 ipsum
983 2435 1406 2515 attulerant,
1463 2434 1534 2504 id
1580 2437 1655 2505 in
1697 2434 1855 2528 ejus
1896 2435 2282 2529 imaginem
2318 2460 2400 2507 ac
2435 2437 2733 2509 simula-

593 2570 795 2617 crum
830 2542 1329 2643 profuderunt.

684 2659 864 2748 Quae
914 2679 1141 2752 quum
1193 2655 1287 2723 ita
1336 2654 1601 2734 sint¹¹,
1655 2677 1805 2723 non
1866 2651 2159 2737 dubito,
2217 2657 2438 2750 quin,
2488 2681 2727 2751 quum

662 2833 712 2879 6.
738 2829 999 2890 Idemque,
1026 2838 1080 2873 ue
1099 2837 1232 2873 esset.
1262 2823 1503 2872 Describit
1520 2823 1610 2870 mi-

590 2913 733 2960 litum
750 2910 916 2958 odium
929 2944 945 2969 ‚
966 2923 1067 2971 qno
1089 2908 1139 2955 in
1161 2908 1390 2955 Pisonem
1409 2912 1611 2968 propter

592 2991 746 3055 ipsius
781 2988 1054 3045 avaritiam,
1092 2997 1142 3034 et
1177 2984 1471 3050 stipendium
1505 2997 1607 3030 non

591 3069 888 3134 persolutum
902 3075 1193 3123 exarserant;
1210 3064 1273 3113 ad
1288 3062 1426 3127 quod
1443 3061 1611 3110 festive

590 3148 855 3209 delabitur,
880 3145 1015 3210 quasi
1044 3143 1165 3191 nihil
1197 3141 1473 3206 praeclarius
1499 3156 1609 3203 ges·

592 3227 762 3287 sisset,
799 3224 934 3290 quod
971 3225 1023 3271 in
1060 3234 1246 3288 tropaeo
1284 3220 1575 3269 scriberetur
1593 3255 1609 3279 ,

592 3319 735 3367 quam
770 3304 907 3367 quod
937 3318 964 3349 a
997 3302 1097 3350 suis
1128 3299 1360 3350 militibus
1385 3298 1611 3347 obsessus

589 3380 772 3428 fuisset.

665 3473 713 3517 7.
736 3457 816 3505 Al.
837 3457 987 3505 incidi
1000 3457 1305 3520 inscribique.
1326 3458 1358 3503 J
1362 3488 1374 3502 .
1391 3458 1454 3504 V.
1478 3458 1537 3503 L.

665 3537 715 3584 8.
763 3533 998 3600 Beneficii
1038 3550 1208 3582 causa.
1259 3535 1607 3590 Dimittuntur,

594 3613 772 3681 quibus
799 3612 1006 3675 gratiosa
1034 3610 1264 3657 missione
1297 3610 1607 3672 indulgetur,

593 3693 730 3760 quasi
762 3691 828 3741 ob
859 3689 1107 3754 premium
1141 3687 1334 3736 virtutis
1365 3687 1607 3749 militaria

591 3787 738 3838 quam
775 3770 860 3834 qui
890 3768 1176 3831 consequuti
1215 3768 1431 3824 fuerant,
1460 3767 1610 3815 bene-

589 3850 763 3899 ficiarii
783 3859 896 3897 sunt
915 3847 1163 3911 appell-u.

662 3945 717 3991 9.
769 3924 1068 3990 crepidatus.
1126 3929 1269 3975 More
1325 3927 1611 3975 Graecorum

592 4007 831 4062 soleatus.
871 4020 975 4052 non
999 4008 1333 4054 Romanorum
1358 4004 1610 4061 instituto,

589 4090 676 4152 qui
729 4085 902 4136 calceis
960 4086 1032 4133 uti
1087 4096 1392 4132 consuerant.
1445 4085 1613 4148 Crepi-

587 4168 664 4215 ‹1oe
700 4166 877 4230 sapius
911 4164 1098 4230 probro
1136 4163 1359 4224 objecto.
1392 4164 1609 4219 Persius,

1697 2835 1781 2871 sat.
1802 2827 1852 2872 1:
1875 2846 1900 2865 κ
1914 2824 2029 2872 Non
2049 2824 2129 2872 hic
2148 2825 2306 2886 quiin
2325 2825 2531 2888 crepidis
2548 2826 2728 2874 Graio·

1697 2919 1803 2951 rum
1835 2903 2003 2951 ludere
2038 2904 2179 2967 gestit
2200 2925 2243 2950 ι.
2279 2906 2620 2968 Reprehensa:
2648 2918 2725 2955 est

1698 2982 1865 3048 Scipio
1901 2982 2042 3046 quod
2075 2983 2127 3032 in
2160 2983 2357 3042 Sicilia,
2388 3001 2496 3032 eun
2526 2985 2720 3049 pavi».

1698 3062 2000 3126 crepidisque
2017 3062 2323 3110 inambulare
2339 3064 2598 3112 diceretur.

1774 3157 1856 3189 ιο.
1881 3141 2078 3189 Lallem.
2104 3141 2374 3191 Adtiadci.
2400 3144 2432 3191 J
2438 3178 2454 3192 .
2470 3146 2531 3191 V.
2557 3146 2614 3191 1..

1774 3234 1853 3266 ιι.
1893 3220 2017 3282 Quoe
2048 3234 2199 3283 quum
2235 3219 2311 3266 ita
2340 3220 2453 3269 sim.
2486 3221 2625 3278 Piso,
2661 3232 2719 3267 ut

1698 3296 1934 3357 vidimus,
1971 3299 2187 3352 Tullium
2233 3299 2563 3358 laces-ivan,
2600 3315 2721 3346 eum

1699 3392 1875 3441 rogans
1902 3393 1989 3425 cur
2016 3379 2108 3442 ipsi
2139 3395 2322 3426 nomen
2355 3397 2453 3428 nou
2481 3379 2724 3439 deferoe23

1699 3457 1913 3504 ostendit
1945 3457 2119 3506 Cicero
2155 3457 2250 3505 sibi
2280 3460 2470 3507 Pisonis
2500 3457 2726 3505 facinora

1699 3544 1945 3598 comperta
1977 3536 2047 3582 sic
2077 3551 2179 3583 esse
2197 3568 2214 3593 ,
2251 3548 2308 3583 ut
2346 3538 2387 3584 si
2412 3537 2521 3584 velit
2537 3571 2555 3594 ,
2578 3534 2732 3584 facile

1699 3614 1854 3676 pouit
1880 3630 1991 3662 eum
2018 3614 2122 3677 lege
2159 3614 2219 3661 de
2252 3616 2538 3679 repetundis
2561 3631 2737 3663 aecer·

1698 3705 1833 3751 sere;
1864 3691 2015 3755 idque
2046 3693 2347 3742 demonstrat
2378 3695 2511 3742 hunc
2538 3695 2594 3741 in
2618 3709 2736 3741 mo·

1699 3769 1814 3818 dum
1844 3784 1857 3817 :
1905 3782 2162 3834 postquam
2202 3774 2507 3821 enumeravit
2550 3773 2741 3821 aeden

1700 3865 1808 3913 quae
1832 3850 2042 3897 eminere
2070 3849 2386 3912 videbantur,
2410 3852 2591 3899 stuata
2615 3851 2743 3899 sub—

1695 3928 1802 3987 jicit
1840 3944 1889 3975 se
1927 3939 2315 3976 enumeraturum
2358 3947 2464 3977 esse
2497 3946 2587 3986 ea,
2621 3946 2745 3992 qu-

1702 4005 1833 4053 velut
1882 4007 1935 4053 in
1985 4005 2125 4054 turba
2175 4006 2475 4056 delitescunt
2500 4022 2517 4067 ;
2574 4024 2744 4072 neque

1699 4085 1829 4131 enim
1853 4084 1897 4132 si
1920 4100 2066 4146 parva
2091 4101 2190 4133 non
2212 4097 2412 4144 nosset,
2445 4087 2740 4136 excellentia

1701 4161 1899 4226 seligere
1920 4163 2176 4226 potuisset.
