2994 4778
588 419 719 491 188

1221 419 1317 486 M.
1368 419 1445 485 T.
1500 415 2072 485 CICERONIS

581 564 729 610 non
779 537 998 609 modo
1052 537 1518 633 permittente
1574 547 1775 632 patre
1795 587 1814 621 ,
1862 531 1987 605 sed
2044 533 2259 605 etiam
2309 532 2696 624 suadente,

582 648 674 720 ab
708 672 796 719 eo
833 647 1275 743 semigravit:
1311 658 1384 715 et
1414 667 1645 740 quum
1678 641 1938 713 domus
1973 643 2194 739 patris
2224 668 2263 712 a
2299 640 2459 718 foro
2484 644 2701 742 longe

584 758 900 847 abesset,
946 782 1097 854 quo
1141 753 1413 825 facilius
1454 767 1528 823 et
1563 767 1846 824 nostras
1874 751 2128 822 domos
2167 750 2410 839 obire,
2451 769 2523 824 et
2550 759 2706 851 ipse

583 895 624 941 a
657 871 803 940 suis
838 867 982 939 coli
1006 880 1249 965 posset
1273 875 1357 952 ¹7,
1388 862 1734 935 conduxit
1765 863 1836 933 in
1872 861 2139 933 Palatio
2161 916 2180 950 ‚
2217 886 2370 933 non
2400 887 2703 962 magno,

576 980 875 1051 domum
888 1033 903 1047 .

676 1090 845 1178 Quo
885 1086 1045 1157 loco
1087 1108 1385 1183 possum
1423 1082 1664 1153 dicere
1699 1081 1808 1169 id,
1857 1079 2055 1180 quod
2093 1083 2200 1152 vir
2236 1082 2705 1170 clarissimu5‚

578 1203 676 1270 M.
715 1201 1045 1283 CrassuS,
1081 1219 1309 1291 quum
1344 1192 1436 1264 de
1475 1191 1793 1263 adventu
1829 1192 2014 1288 regis
2045 1191 2404 1263 Ptolemaei
2449 1219 2706 1292 quere-

581 1322 817 1395 retur,
871 1305 1111 1404 paullo
1165 1318 1331 1375 ante
1391 1301 1614 1389 dixit,
1646 1301 1993 1373 «Utinam
2051 1326 2143 1372 ne
2191 1303 2264 1372 in
2294 1297 2359 1347 ¹⁸
2404 1326 2705 1376 nemore

576 1449 608 1483 α
637 1417 928 1487 Pelio....
958 1446 993 1482 n
1044 1438 1127 1486 ac
1176 1414 1462 1510 longius
1515 1411 1810 1509 quidem
1871 1410 2047 1481 mihi
2111 1425 2500 1484 contexere
2564 1414 2709 1486 hoc

582 1559 616 1594 α
641 1549 930 1598 carmen
961 1525 1205 1595 liceret
1234 1551 1251 1594 z
1284 1554 1315 1588 α
1339 1527 1522 1594 Nam
1552 1545 1949 1619 numquam
1986 1521 2160 1592 hera
2191 1546 2437 1593 errans
2457 1554 2490 1588 »
2520 1522 2710 1595 hanc

582 1635 983 1706 molestiam
1043 1632 1254 1705 nobis
1314 1632 1688 1705 exhiberet
1714 1686 1734 1718 ‚
1793 1662 1826 1696 α
1848 1629 2102 1704 Medea
2164 1636 2405 1705 animo
2475 1659 2664 1732 aegra
2688 1690 2708 1721 ,

582 1769 827 1817 amore
868 1767 1048 1814 saevo
1086 1743 1411 1814 sauciam.
1440 1773 1474 1808 »
1515 1744 1626 1814 Sic
1655 1742 1894 1828 enim,
1924 1741 2250 1838 judiceS,
2290 1747 2710 1841 reperietis,

584 1852 819 1950 quod,
847 1877 1079 1950 quum
1115 1850 1205 1922 ad
1239 1851 1314 1923 id
1346 1852 1486 1924 loci
1522 1876 1828 1939 venero,
1856 1852 2255 1939 ostendam,
2290 1852 2479 1924 hanc
2513 1854 2710 1925 Pala-

584 1965 808 2034 tinam
830 1960 1155 2033 Medeam
1179 1973 1265 2049 ¹9‚
1294 1963 1937 2060 migrationemque
1957 1971 2049 2052 ²⁰,
2076 1960 2249 2033 huic
2272 1960 2713 2035 adolescenti

584 2177 818 2230 multant
838 2212 854 2236 ‚
894 2174 1200 2226 Causidicum
1246 2173 1409 2223 medio
1449 2190 1602 2238 quum

584 2259 717 2307 faber
763 2265 898 2321 aptat
942 2269 1070 2318 equo
1094 2276 1138 2304 a.
1201 2255 1264 2301 Et
1302 2268 1417 2301 aane
1461 2252 1604 2301 claris

584 2335 858 2388 oratoribus
875 2336 1104 2382 excitatae
1124 2334 1270 2384 fuis-e
1281 2343 1457 2381 statuas
1474 2348 1606 2380 com·

584 2428 775 2484 pet-tum
801 2427 889 2463 eat.
915 2413 1043 2461 Vide
1068 2413 1324 2461 Sidonium
1348 2411 1606 2476 Apollina-

586 2514 688 2546 rem
708 2495 852 2560 epist.
883 2510 911 2542 a
928 2529 945 2557 ,
964 2492 1053 2541 lib.
1077 2494 1199 2541 vm
1215 2526 1230 2551 ‚
1256 2491 1318 2539 ad
1343 2493 1602 2540 Joaunem.

587 2580 688 2625 Has
747 2588 1031 2637 magnorum
1085 2581 1330 2619 oratorum
1376 2570 1606 2634 imagines

588 2654 783 2716 maioris
795 2652 996 2700 honoria
1010 2665 1149 2697 causa
1179 2648 1376 2696 invenio
1390 2648 1536 2695 suiaae
1555 2649 1609 2696 in

588 2735 691 2798 ipsa
737 2733 869 2779 curia
913 2730 1189 2778 collocatae.
1214 2726 1342 2774 Vide
1375 2727 1530 2775 Tacit.
1560 2729 1608 2775 11

588 2812 851 2862 Annalium
888 2809 947 2857 de
986 2807 1277 2865 Hortensio,
1317 2816 1367 2853 et
1401 2822 1522 2854 mox
1545 2805 1608 2855 de

585 2891 770 2940 Caeaare
790 2888 1099 2937 Germanico.

662 2984 740 3030 17.
787 2970 897 3030 Quo
928 2963 1159 3031 facilius.
1180 2999 1195 3013 .
1217 2997 1230 3011 .
1252 2999 1264 3012 .
1302 2981 1337 3012 a
1380 2963 1477 3012 suis
1512 2964 1611 3013 ooli

579 3059 753 3113 posset.
796 3046 865 3094 Ut
903 3044 1048 3106 mihi,
1089 3043 1263 3092 Crasso
1283 3079 1298 3106 ‚
1340 3043 1608 3109 ceterisque

585 3127 684 3174 suit
713 3125 930 3190 patronis
962 3133 1086 3171 esset
1121 3122 1345 3181 vicinior,
1383 3132 1431 3169 et
1467 3138 1607 3170 com-

589 3206 786 3252 modius
829 3203 912 3251 ille
959 3218 1073 3250 auos
1117 3211 1382 3266 patronos,
1440 3203 1609 3265 auique

496 3278 500 3282 Δ
590 3299 700 3330 eum
726 3283 925 3329 clientes
950 3281 1205 3329 ulutatum
1233 3280 1530 3328 accederent.

668 3361 744 3406 18.
790 3359 979 3405 Utinam
1016 3376 1079 3405 ne
1105 3358 1154 3404 in
1188 3374 1396 3406 nemore.
1430 3362 1612 3405 Versus

591 3438 735 3487 Ennii
759 3436 819 3483 de
839 3436 1025 3484 Medea
1046 3435 1273 3499 tragoedia
1287 3472 1303 3496 ,
1324 3436 1501 3499 quibus
1521 3453 1612 3484 nu-

590 3518 691 3565 trix
734 3514 921 3563 Medeae
979 3530 1149 3562 navem
1214 3514 1468 3562 accusabat
1517 3533 1611 3579 qua

593 3600 886 3660 Argonautae
930 3592 1121 3639 advecti
1165 3592 1368 3640 fuerant.
1416 3594 1614 3643 Crassus

590 3679 682 3726 hoa
708 3670 969 3721 versiculo·
1001 3670 1064 3718 ad
1105 3670 1415 3718 Ptolemaeum
1450 3688 1610 3736 regem

594 3752 794 3819 AEgypti
826 3751 1124 3810 detorserat3
1150 3749 1235 3814 qui
1263 3750 1433 3814 pulsus
1456 3767 1484 3798 a
1511 3751 1610 3800 auia

593 3832 781 3883 civibus
798 3865 814 3892 ,
853 3831 1056 3877 Romam
1091 3847 1142 3878 ae
1185 3830 1482 3891 contulerat,
1501 3842 1555 3879 ut
1581 3847 1609 3878 a

591 3922 763 3963 senatu
801 3908 1083 3972 populoque
1113 3924 1315 3957 romano
1344 3911 1612 3958 restituere-

594 4006 687 4041 tur.
728 3989 808 4039 Sic
832 4003 882 4035 ae
921 3986 1138 4035 habent:
1178 3988 1420 4036 «Utinam
1459 4006 1523 4037 ne
1557 3989 1611 4037 iu

590 4084 787 4120 nemore
812 4066 945 4115 Pelio
971 4065 1219 4114 securibus
1244 4068 1380 4116 Coeaa
1405 4067 1611 4116 cecidis-

588 4163 664 4198 aet
701 4148 900 4211 abiegna
937 4145 999 4193 ad
1038 4156 1212 4194 terram
1254 4144 1441 4203 trabea
1476 4145 1610 4195 Neve

1688 2172 1804 2221 inde
1827 2173 1964 2222 navia
1989 2172 2277 2223 inchoandae
2306 2176 2564 2225 exordium
2592 2178 2711 2228 Coe-

1689 2253 1868 2317 pinet,
1903 2268 2012 2316 qua
2045 2270 2175 2302 nunc
2206 2256 2485 2303 nominatur
2514 2259 2715 2305 nomine

1690 2334 1866 2395 Argo:
1904 2348 2000 2397 qua
2037 2335 2163 2381 vecti
2201 2334 2372 2399 Argivi
2408 2334 2585 2382 delecti
2622 2337 2719 2383 viri

1691 2411 1924 2460 Petebant
1949 2412 2077 2460 illam
2100 2414 2275 2477 pellem
2299 2414 2567 2462 inauratam
2592 2416 2721 2464 arie-

1693 2490 1755 2540 tia
1781 2490 1979 2541 Colchi·
1997 2527 2012 2554 ,
2035 2492 2240 2555 imperio
2272 2494 2398 2557 regia
2426 2494 2599 2552 Pelio,
2628 2511 2719 2560 per

1693 2572 1858 2620 dolum
1883 2587 1899 2622 τ
1924 2572 2050 2621 Nam
2098 2590 2361 2639 numquam
2398 2576 2511 2624 hera
2549 2591 2721 2624 eri-aua

1693 2667 1795 2698 mea
1811 2685 1826 2710 ‚
1874 2652 2022 2702 domo
2058 2653 2248 2702 efferret
2293 2655 2465 2720 pedem
2508 2655 2685 2703 uede-
2703 2690 2720 2713 ‚

1692 2730 1857 2779 animo
1881 2747 2032 2795 agra,
2052 2748 2217 2780 amore
2238 2749 2368 2781 ωηο
2389 2737 2547 2781 saucia
2573 2754 2620 2783 ι.
2645 2759 2719 2771 -

1693 2808 1827 2855 Nam
1852 2826 2133 2873 numquam.
2157 2811 2402 2859 Tramfert
2425 2811 2603 2860 Cioem
2626 2810 2722 2859 hoa

1693 2897 1891 2950 questus
1914 2903 1942 2934 a
1967 2887 2156 2937 Medeae
2175 2890 2362 2936 nutrice
2384 2888 2446 2937 ad
2469 2887 2722 2939 Clodiam.

1771 2981 1850 3027 ¹9·
1875 2966 2153 3014 Palatinam
2181 2968 2425 3017 Medeam.
2459 2968 2575 3017 Seil.
2598 2969 2723 3017 clo·

1694 3043 1823 3092 diam
1870 3045 1922 3092 in
1974 3046 2157 3095 Palatio
2201 3047 2527 3107 habitantem3
2568 3064 2719 3112 quam

1696 3124 1867 3172 festive
1888 3124 2059 3172 Cicero
2079 3125 2145 3173 ita
2168 3137 2311 3174 vocat
2326 3160 2342 3187 ,
2366 3128 2481 3190 quia
2508 3125 2720 3176 Coelium

1696 3204 1947 3250 Atratinus
1958 3214 2226 3267 accusator,
2233 3214 2290 3251 ut
2302 3204 2354 3252 in
2368 3206 2721 3254 Fortunatiano

1695 3282 1886 3345 legitur,
1912 3283 2209 3347 pulchellum
2243 3287 2473 3333 Jaaona-
2500 3284 2723 3349 appella-

1699 3369 1847 3407 verat.

1775 3452 1854 3486 ao.
1883 3436 2338 3503 Migmtionemque.
2374 3439 2525 3503 Quod
2551 3442 2604 3488 in
2634 3443 2728 3489 Pa·

1699 3518 1867 3565 latium
1916 3519 2189 3581 migraverit
2240 3518 2481 3567 conducta
2538 3519 2728 3580 domo;

1699 3596 1813 3644 inde
1855 3596 1983 3643 enim
2028 3596 2198 3644 vicina
2239 3597 2426 3646 elodiae
2464 3610 2604 3646 uatus
2650 3613 2731 3649 eat

1699 3690 1853 3733 amor,
1873 3685 1921 3721 et
1934 3685 2046 3738 post
2067 3690 2276 3723 amorem
2293 3674 2374 3723 illa
2391 3677 2512 3725 mala
2525 3713 2540 3740 ‚
2557 3696 2732 3742 quam·

1696 3769 1840 3816 quam
1864 3753 1980 3801 salsa
1993 3789 2008 3813 ,
2025 3770 2136 3818 quae
2154 3770 2285 3802 nune
2306 3756 2463 3804 Coelio
2481 3772 2733 3808 accusato-

1697 3848 1773 3879 rea
1814 3832 2073 3893 objiciunt.
2117 3834 2538 3896 Quemadmodum
2579 3852 2733 3901 poeta

1696 3910 1843 3975 longe
1880 3913 2030 3975 petita
2072 3912 2308 3960 malorum
2349 3929 2521 3973 causa,
2566 3917 2693 3966 dixit
2710 3931 2727 3964 ε

1695 3990 1933 4049 ριῧῑὶιιαιιι
1969 4007 2033 4038 ne
2064 3991 2117 4038 in
2152 4007 2425 4054 nemore-3
2465 3994 2535 4041 aie
2563 4008 2732 4045 orator

1698 4068 1862 4130 potuit
1885 4067 2073 4117 dicere:
2103 4070 2298 4118 Utinam
2320 4085 2383 4117 ue
2406 4072 2459 4120 iu
2488 4073 2729 4125 Palatium

1699 4146 1881 4195 Coelius
1899 4163 2163 4213 numquam
2190 4150 2466 4214 migrasset!
