2994 4778
628 408 767 494 452
1252 409 1354 476 M.
1399 409 1477 474 T.
1531 407 2119 476 CICERONIS

623 534 682 600 si
727 531 880 600 sine
919 529 1234 597 maximo
1270 525 1656 614 dedecore,
1712 542 1857 598 tam
1908 524 2270 623 impeditis
2307 528 2454 597 suis
2495 514 2751 617 rebus,

623 640 975 737 potuisset
1006 638 1255 707 emori.

712 753 833 819 XI.
872 747 1125 819 -Nolite
1178 748 1392 843 igitur
1428 745 1794 816 fortunam
1836 761 2254 816 convertere
2290 747 2365 815 in
2414 744 2751 843 culpam;

620 882 860 954 neque
904 857 1088 952 regis
1124 856 1497 951 injuriam,
1535 855 1752 951 hujus
1779 859 2051 925 crimen
2079 871 2365 952 putare3
2401 880 2539 926 nec
2569 880 2753 925 con-

619 969 857 1038 silium
893 992 980 1037 ex
1019 968 1476 1053 necessitate,
1517 989 1654 1035 nec
1687 964 2131 1035 voluntatem
2162 988 2253 1034 ex
2290 965 2362 1032 vi
2394 965 2752 1062 interpre-

620 1079 752 1149 tari
785 1103 801 1145 :
840 1076 975 1146 nisi
1008 1073 1194 1146 forte
1230 1099 1355 1146 eos
1380 1083 1402 1116 ¹
1450 1076 1705 1162 etiam,
1741 1074 1870 1170 qui
1898 1074 1972 1143 in
2000 1072 2280 1157 hosteS,
2311 1088 2433 1142 aut
2463 1075 2535 1142 in
2567 1099 2750 1171 prae-

617 1187 844 1257 dones
896 1184 1322 1270 inciderint,
1376 1187 1432 1254 si
1492 1183 1699 1254 aliter
1751 1184 2128 1281 quippiam
2172 1187 2401 1254 coacti
2446 1181 2744 1269 faciant,

617 1320 835 1391 quam
862 1292 1114 1381 libere,
1141 1291 1656 1391 vituperandos
1683 1307 1916 1389 putes.
1941 1296 2003 1362 N
2007 1307 2526 1364 emonostrum
2553 1296 2750 1390 igno·

615 1424 764 1493 rat,
815 1409 1090 1479 etiamsi
1135 1408 1410 1505 experti
1456 1431 1603 1475 non
1658 1429 1941 1490 sumuS,
1990 1404 2592 1477 consuetudinem
2628 1432 2745 1478 re·

614 1520 823 1614 giam.
851 1521 1128 1613 Regum
1151 1531 1388 1586 autem
1409 1514 1564 1585 haec
1583 1528 1749 1587 sunt
1767 1516 2140 1612 imperia,«
2156 1514 2743 1599 Animadverte»;

614 1643 709 1708 et,
728 1658 761 1692 «
780 1627 973 1697 dicto
999 1650 1169 1721 pare
1187 1635 1214 1665 ²
1229 1655 1260 1689 n
1278 1652 1297 1712 ;
1318 1639 1412 1711 et,
1435 1654 1468 1689 α
1489 1638 1746 1723 praeter
1767 1626 2152 1721 rogitatum
2174 1615 2275 1694 si3
2302 1624 2745 1721 quippiam»;

538 1728 541 1733 ’
614 1751 686 1807 et
721 1736 853 1806 illae
899 1736 1143 1819 minae,
1181 1734 1302 1804 «si
1344 1750 1415 1806 te
1453 1733 1774 1805 secundo
1810 1732 2132 1804 lumine4
2171 1732 2290 1804 hic
2325 1731 2746 1819 offendem,

614 1847 1003 1921 Moriere».
1049 1847 1228 1933 Quae
1261 1869 1448 1930 non,
1488 1859 1571 1914 ut
1607 1843 2046 1914 delectemur
2082 1843 2362 1928 solum,
2406 1844 2643 1939 legere
2674 1859 2749 1915 et

612 1967 933 2051 spectare
986 1952 1372 2041 debemus,
1429 1952 1557 2024 sed
1611 1966 1695 2024 ut
1744 1977 1993 2024 cavere
2046 1953 2262 2023 etiam
2311 1967 2384 2023 et
2427 1951 2747 2051 effugere

613 2062 994 2134 discamus.

707 2179 799 2243 At
842 2197 932 2242 ex
984 2172 1127 2244 hoc
1184 2176 1343 2272 ipso
1398 2174 1672 2244 crimen
1719 2175 2067 2244 exoritur.
2125 2174 2238 2243 Ait
2284 2174 2512 2260 enim,
2567 2171 2745 2244 dum

612 2282 922 2354 Gabinio
966 2286 1344 2381 pecuniam
1383 2289 1766 2355 Postumus
1803 2297 2092 2382 cogeret
2123 2308 2215 2355 ex
2252 2282 2579 2354 decumis
2608 2284 2749 2353 im·-

612 2405 1030 2490 peratorum
1047 2391 1101 2478 ⁵,
1147 2395 1525 2492 pecuniam
1582 2393 1719 2465 sihi
1775 2394 2111 2489 coegisse.
2158 2395 2323 2464 Non
2380 2394 2753 2491 intelligo,

613 2503 756 2575 hoc
783 2501 996 2599 quale
1026 2507 1119 2574 sit
1150 2532 1165 2574 ε
1202 2519 1449 2574 utrum
1478 2505 1956 2576 accessionem
1984 2503 2304 2574 decumae
2317 2498 2376 2590 ὅ,
2403 2518 2487 2573 ut
2517 2506 2755 2576 nostri

613 2645 818 2694 omnino
838 2646 890 2693 h.
911 2645 950 2691 1.
976 2654 1121 2692 sonat
1153 2661 1298 2707 quam
1328 2647 1380 2693 in
1411 2647 1635 2710 pulcher-

614 2724 733 2772 rima
756 2723 975 2773 Cornelii
994 2723 1155 2771 fabula
1171 2757 1186 2780 ,
1201 2724 1268 2772 les
1294 2728 1532 2774 Home-es.
1563 2752 1635 2763 —

610 2802 813 2851 Fecisset
829 2814 972 2850 cette.
999 2803 1051 2851 Si
1072 2802 1276 2851 honeste
1296 2804 1451 2853 facere
1470 2805 1636 2852 licuis-

611 2893 701 2931 set.
732 2881 829 2930 Sed
855 2880 918 2928 ad
950 2882 1162 2945 priorem
1191 2881 1385 2946 culpam
1404 2884 1477 2931 rei
1496 2883 1634 2931 fami·

609 2961 742 3009 liaris
769 2971 946 3008 temere
970 2960 1228 3022 projectas,
1252 2960 1631 3026 desperationis,

611 3039 856 3103 animique
886 3037 1125 3087 debilitati
1156 3050 1207 3087 et
1228 3039 1368 3090 fracti
1387 3041 1632 3089 infamiam

610 3118 899 3167 addidisset.

681 3199 772 3245 xl.
818 3214 862 3245 1.
904 3196 1019 3244 Nisi
1037 3194 1179 3262 forte
1221 3214 1321 3247 eos.
1364 3199 1525 3245 Locus
1573 3213 1634 3245 ex

609 3277 971 3336 comparatione
998 3275 1219 3339 parium,
1260 3273 1391 3323 unde
1425 3275 1633 3323 absurda

611 3349 994 3400 adversariorum
1040 3354 1242 3401 erimina
1282 3369 1384 3401 ease
1431 3353 1634 3402 demon-

610 3439 745 3477 strat.

680 3522 728 3554 a.
777 3506 1151 3562 Animadoem5
1194 3519 1264 3566 ee,
1314 3506 1447 3554 dicto
1485 3525 1630 3571 pare.

607 3589 731 3635 Sunt
756 3585 978 3635 Creontis
1006 3587 1151 3633 verba
1177 3586 1240 3632 ad
1273 3585 1524 3644 Medeam,
1546 3589 1629 3648 jn·

606 3664 765 3713 bentis
801 3661 934 3710 illam
969 3678 1030 3710 ex
1074 3661 1227 3725 ipsius
1265 3662 1453 3710 ditione
1483 3680 1629 3728 qnam

605 3743 850 3792 celerrime
871 3740 1119 3788 discedere
1131 3775 1147 3800 ,
1164 3756 1322 3804 neque
1340 3743 1508 3789 conari
1524 3761 1630 3808 pre-

604 3822 744 3869 cibus
784 3822 1047 3868 discessum
1094 3818 1291 3868 differre
1310 3855 1326 3877 ,
1375 3837 1528 3884 quum
1575 3823 1629 3871 id

603 3898 805 3947 firmiter
817 3899 1053 3945 sancitum
1068 3899 1150 3947 sit.
1168 3901 1414 3964 Lacrymis
1434 3902 1627 3951 tandem

606 3977 749 4025 nnius
773 3976 869 4023 diei
894 3992 1080 4024 moram
1103 3978 1406 4042 impetravit,
1426 3996 1483 4029 ea
1509 3997 1629 4029 con·

604 4055 865 4103 ditione‘nt
880 4055 1137 4119 proximus
1157 4057 1230 4105 sol
1251 4075 1340 4106 nec
1359 4059 1514 4122 ipsam
1536 4076 1625 4107 nec

602 4134 731 4182 filios
759 4136 886 4182 intra
910 4136 1044 4200 regni
1071 4131 1192 4183 fines
1216 4137 1452 4201 aspiceret
1467 4173 1481 4197 ,
1502 4138 1624 4186 alio·

1720 2646 1808 2711 qni
1821 2657 2105 2695 moreretur.
2125 2648 2265 2695 Hanc
2279 2647 2568 2694 sententiam
2584 2663 2755 2694 rursus

1720 2725 1925 2790 protulit
1949 2727 2121 2775 Cicero
2146 2725 2211 2772 ad
2227 2724 2450 2775 Atticum
2467 2726 2582 2772 vn.
2613 2725 2753 2773 Idem

1720 2805 1818 2852 sere
1846 2805 1977 2868 apud
2002 2805 2231 2852 Senecam
2253 2805 2490 2868 expressit
2512 2804 2678 2852 Creon
2695 2805 2753 2852 in

1719 2884 1912 2932 Medea.
1934 2883 2061 2931 Vide
2081 2884 2226 2931 Ennii
2251 2884 2517 2946 fragmenta
2543 2882 2606 2929 ab
2625 2885 2755 2931 Hes·

1718 2962 1788 3009 sel
1832 2962 2067 3020 collecta,
2113 2977 2222 3026 pag.
2268 2963 2368 3009 205
2386 2997 2401 3022 ,
2455 2973 2504 3010 et
2541 2962 2751 3011 Planck.

1721 3057 1848 3106 opus
1870 3043 1920 3088 in
1944 3040 2146 3089 latinam
2161 3041 2384 3090 Medeam
2398 3079 2414 3103 ,
2436 3043 2581 3091 Gott-
2601 3045 2752 3104 1807.

1795 3121 1842 3169 3.
1876 3118 1930 3166 Si
1951 3120 2218 3184 quippiam.
2248 3117 2332 3168 Al.
2361 3136 2595 3185 quemn.
2624 3123 2752 3168 Hot-

1719 3209 1904 3247 toman.
1933 3199 2153 3262 loquare.
2182 3199 2347 3246 Davus
2370 3198 2597 3246 similiter
2613 3198 2751 3263 apud

1719 3278 1911 3325 Terent.
1948 3279 1999 3324 in
2044 3277 2205 3325 Andr.
2237 3276 2504 3324 «Verbum
2541 3278 2585 3324 si
2626 3277 2754 3325 mihi.

1719 3372 1872 3404 unum
1889 3366 2065 3420 prater
2076 3372 2223 3419 qnam
2240 3355 2378 3419 qnod
2396 3367 2445 3403 te
2465 3371 2591 3419 rogo
2609 3357 2752 3414 saxis,

1722 3449 1839 3481 cave
1858 3455 1904 3483 ιι.
1940 3434 2160 3514 Euripid.
2202 3433 2416 3483 Medea:
2456 3431 2543 3486 Μὴ
2578 3433 2752 3504 λόγους

1716 3511 1773 3560 λί
1808 3528 1847 3560 ι.

1771 3529 1847 3648 γι.
1865 3590 1922 3638 Si
1936 3590 2218 3639 enecando
2242 3591 2439 3640 lamine.
2467 3591 2579 3640 Cic.
2606 3594 2750 3658 epist.

1717 3680 1930 3717 extrema
1957 3670 2021 3717 ad
2044 3671 2193 3718 Attio.
2219 3669 2307 3717 lib.
2332 3671 2465 3716 vn:
2494 3671 2750 3720 «Casas-is

1717 3746 2003 3806 interdicta,
2041 3748 2089 3795 si
2127 3761 2174 3795 ee
2209 3747 2422 3796 secundo
2459 3749 2644 3797 lunulae
2673 3749 2752 3796 lu'e

1715 3824 1998 3891 offendero,
2029 3837 2325 3890 respuuntur
2345 3848 2388 3876 ι.

1790 3907 1839 3953 5.
1869 3907 1964 3953 Et
1978 3905 2190 3953 decumis
2218 3905 2588 3970 Imperatorum.
2621 3906 2745 3954 Sub·

1715 3984 1828 4031 and.
1865 3984 2176 4034 tributorum.
2206 3985 2288 4034 Al.
2316 3985 2505 4033 malunt
2532 3985 2745 4050 impera·

1715 4062 1798 4114 eis.
1830 4062 1906 4109 vel
1934 4062 2163 4127 imperati
2186 4063 2316 4113 ceris.
2351 4067 2564 4112 Frustra.

1784 4142 1833 4187 6.
1873 4141 2212 4190 decessionem
2241 4142 2484 4191 decumoe.
2506 4177 2521 4189 .
2540 4176 2553 4188 .
2581 4151 2738 4189 cente·
