2994 4778
631 435 765 528 372
1262 434 1360 500 M.
1411 434 1492 502 T.
1546 416 2117 505 CICERom's

724 560 875 625 ΧΠ.
908 560 1016 624 An
1029 553 1504 650 veroreliqno
1524 570 1850 652 tempore
1880 556 2246 627 consulem
2271 570 2343 627 te
2371 560 2757 654 qnisquam
2835 650 2838 653 Ι

623 667 871 738 duxit?
926 669 1306 762 quisquam
1361 664 1493 735 tibi
1553 667 1883 762 paruit¹?
1924 667 2305 762 quisquam
2354 667 2428 736 in
2481 670 2758 738 curiam

622 778 936 847 venienti
978 776 1413 846 assurrexit?
1441 777 1824 871 quisquam
1864 774 2270 867 consulenti
2307 777 2756 872 responden-

619 887 792 957 dum
834 886 1157 984 putavit?
1191 883 1690 955 Numerandus
1736 899 1843 954 est
1886 883 2006 955 ille
2044 909 2275 955 annus
2312 884 2639 982 denique
2683 892 2753 958 in

617 994 1026 1094 republica,
1070 1019 1297 1090 quum
1335 993 1816 1065 obmutuisset
1851 1009 2141 1097 senatus
2167 1048 2186 1080 ,
2215 994 2485 1089 judicia
2523 1001 2755 1087 conti-

614 1110 928 1177 cuissent
945 1159 964 1192 ,
988 1118 1380 1175 moererent
1397 1101 1610 1193 boni,
1638 1105 1743 1174 vis
1768 1104 2122 1189 latrocinii
2145 1106 2360 1175 vestri
2387 1119 2542 1175 tota
2567 1105 2751 1178 urbe

611 1217 976 1301 volitaret,
1017 1239 1254 1312 neque
1280 1216 1452 1284 civis
1478 1238 1671 1284 unus
1704 1240 1793 1284 ex
1826 1215 2148 1301 civitate,
2170 1214 2293 1286 sed
2323 1215 2480 1312 ipsa
2507 1219 2748 1288 civitas

608 1344 736 1397 tuo
763 1341 834 1397 et
864 1324 1150 1395 Gabinii
1188 1323 1438 1394 sceleri
1476 1320 1852 1420 furorique
1890 1324 2264 1394 cessisset?

704 1442 794 1507 At
822 1460 915 1505 ne
945 1451 1098 1506 tum
1134 1433 1471 1530 quidem²
1491 1437 1877 1520 emersisti,
1907 1432 2299 1505 lutulente³
2331 1438 2743 1523 Caesonine,

606 1574 696 1618 ex
724 1546 1139 1617 miserrimis
1169 1558 1443 1614 naturae
1476 1533 1620 1613 tuae'
1654 1543 1990 1614 sordibus
2010 1598 2031 1630 ,
2060 1568 2290 1640 quum
2322 1563 2744 1641 experrecta

606 1656 896 1726 taudem
934 1657 1158 1723 virtus
1194 1654 1568 1724 clarissimi
1605 1656 1775 1742 viri,
1813 1654 2139 1726 celeriter
2171 1670 2243 1726 et
2278 1679 2530 1725 verum
2572 1659 2749 1726 ami-

600 1791 764 1837 cum
788 1765 841 1850 ⁴,
884 1779 954 1834 et
989 1766 1264 1860 optime
1304 1765 1644 1834 meritum
1678 1768 1904 1836 civem
1928 1819 1950 1846 ,
1989 1781 2062 1836 et
2100 1790 2309 1835 suum
2350 1768 2740 1863 pristinum

601 1899 875 1946 morem
900 1870 929 1915 ⁵
981 1875 1399 1968 requisivit,
1456 1898 1695 1970 neque
1746 1889 1853 1944 est
1895 1875 2011 1945 ille
2048 1878 2155 1944 vir
2198 1900 2483 1972 passuS,
2536 1877 2615 1947 in
2658 1903 2740 1949 ea

597 1985 1006 2083 republica,
1043 2010 1261 2081 quam
1295 1986 1447 2081 ipse
1486 1984 1862 2055 decorarat
1896 2000 2115 2080 atque
2152 1983 2522 2071 auxerat⁶,
2572 1986 2734 2057 diu-

599 2098 738 2167 tius
766 2111 1167 2167 vestrorum
1194 2094 1546 2166 scelerum
1579 2110 1853 2190 pestem
1875 2094 2147 2166 *morari
2179 2122 2195 2165 ε
2229 2120 2460 2192 quum
2485 2110 2730 2167 tamen

593 2207 742 2290 ille,
784 2205 1330 2301 qualiscumque
1359 2220 1468 2275 est
1491 2259 1511 2291 ,
1550 2206 1679 2301 qui
1713 2220 1820 2276 est
1851 2204 1941 2275 ab
1978 2231 2131 2276 uno
2170 2221 2241 2277 te
2271 2205 2732 2303 improbitate

597 2316 866 2401 victuS,
913 2312 1304 2401 Gabinius,
1353 2314 1638 2412 collegit
1698 2319 1850 2413 ipse
1908 2340 2022 2402 se,
2061 2318 2215 2400 vix,
2262 2316 2390 2388 sed
2442 2315 2732 2414 collegit

599 2427 873 2510 tamen,
919 2438 993 2493 et
1030 2439 1280 2494 contra
1323 2450 1534 2495 suum
1585 2425 1959 2515 Clodium,
2005 2428 2320 2524 primum
2362 2427 2730 2512 simulate,

598 2691 773 2738 Publio
813 2690 991 2740 Clodio
1028 2689 1089 2736 ad
1126 2688 1406 2736 incendium
1435 2688 1613 2736 domus

594 2789 711 2819 meae
732 2773 1003 2820 concitatis.
1025 2773 1186 2816 Vocat
1207 2768 1379 2830 furias,
1400 2768 1534 2831 quod
1563 2771 1614 2814 in

593 2852 766 2899 fabulis
793 2851 930 2897 furiae
955 2864 1064 2895 cum
1092 2847 1277 2894 facibus
1296 2857 1346 2894 et
1370 2847 1506 2894 taedis
1532 2862 1616 2893 ar-

591 2930 817 2978 dentibus
838 2929 1024 2976 soleant
1049 2925 1238 2974 induci.

658 3012 774 3056 xn.
803 3024 844 3054 1.
869 3005 1134 3069 Quisquam
1161 3004 1247 3051 tibi
1265 3003 1475 3069 par-nie?
1501 3006 1615 3066 Quo

590 3088 827 3152 obsequio
860 3085 1072 3149 dignitas
1098 3085 1292 3149 potius,
1320 3100 1465 3148 quam
1489 3098 1616 3147 pre-

591 3179 721 3215 textu
757 3178 806 3215 et
837 3165 1096 3214 lictoribus
1134 3165 1433 3214 continetur.

660 3263 711 3295 2.
739 3250 809 3293 At
826 3261 888 3293 ne
908 3256 1007 3292 cum
1032 3244 1247 3309 quidem.
1278 3244 1354 3291 Ne
1377 3254 1478 3290 tum
1506 3243 1612 3305 qui·

591 3325 771 3371 demin
798 3326 924 3371 viam
952 3324 1298 3387 melioremque
1317 3323 1503 3385 frugem
1532 3339 1609 3369 re·

589 3403 719 3450 diisti
738 3438 752 3462 ,
772 3419 924 3465 quum
946 3424 969 3443 κ
987 3401 1253 3465 aliquando
1279 3403 1431 3447 serius
1462 3416 1609 3462 quam

587 3485 691 3546 ipse
712 3482 851 3528 vellet
867 3514 882 3538 ,
902 3482 995 3529 Cu.
1015 3481 1275 3542 Pompeius
1307 3478 1610 3524 invitissimis

586 3562 674 3618 iis,
703 3561 789 3624 qui
826 3569 1033 3605 mentem
1065 3557 1241 3621 optimi
1272 3572 1328 3602 ac
1356 3557 1609 3602 fortissimi

584 3641 705 3695 viri,
727 3637 827 3685 suis
855 3635 1070 3683 consiliis
1097 3651 1165 3681 ac„
1186 3632 1312 3680 fictis
1340 3633 1609 3682 terroribus

584 3739 612 3767 a
649 3716 927 3767 defensione
952 3729 1072 3760 meae
1098 3711 1265 3760 salutis
1298 3721 1572 3761 averterant
1588 3747 1605 3772 ,

583 3797 811 3846 excitavit
827 3794 959 3842 illam
980 3808 1117 3840 suam
1136 3807 1236 3839 non
1256 3793 1466 3857 sopitam
1483 3831 1500 3856 ,
1520 3794 1607 3841 sed

581 3878 856 3940 suspicione
886 3873 1044 3937 aliqua
1081 3870 1370 3920 retardatam
1397 3889 1606 3921 consue·

579 3957 794 4004 tudinem
832 3955 952 4017 reip.
989 3952 1113 4000 bene
1141 3953 1362 4016 gerenda
1387 3976 1433 4001 υ.
1464 3956 1603 4001 Orat.

578 4054 669 4102 pro
697 4027 879 4082 Sextio.
924 4036 1053 4097 Quia
1093 4034 1280 4081 seilicet
1314 4032 1601 4095 Pompeius,

577 4133 726 4180 quum
754 4117 920 4161 vexari
953 4130 1004 4161 se
1032 4111 1339 4159 contumeliis
1365 4128 1392 4156 a
1419 4109 1598 4159 Clodio

574 4196 790 4252 videret,
834 4194 1067 4256 cogitavit
1103 4190 1165 4237 de
1205 4187 1483 4237 revocando
1518 4188 1598 4235 Ci-

1701 2705 1878 2738 cerone
1901 2724 1916 2747 ‚
1972 2706 2117 2753 quem
2168 2689 2419 2738 furoribus
2470 2691 2727 2740 Clodianis

1701 2781 1994 2834 opponeret.

1773 2852 1800 2896 3
1813 2883 1826 2895 .
1845 2848 2094 2895 Dimlence
2113 2846 2386 2895 ἅεεοηὶηε.
2410 2847 2497 2897 Al.
2516 2848 2722 2896 Catoni.

1700 2928 1869 2975 Minus
1899 2939 2044 2974 recte.

1773 3015 1822 3063 4.
1867 3007 1935 3050 Et
1960 3021 2132 3053 verum
2169 3005 2402 3054 amicum.
2433 3006 2717 3054 Ciceronem

1699 3084 1905 3132 scilicet.

1775 3164 1822 3212 5.
1861 3165 1923 3211 Ee
1963 3180 2098 3212 suum
2134 3164 2390 3228 pristinum
2429 3179 2606 3212 mom
2641 3179 2716 3209 re·-

1698 3243 1906 3307 quisivic.
1957 3243 2371 3293 Consuetudinem
2416 3246 2543 3307 reip.
2592 3244 2712 3290 bene

1695 3323 1935 3386 gerendae.

1764 3405 1818 3449 6.
1853 3407 2097 3451 Auxerat.
2129 3404 2230 3465 Qui
2264 3402 2474 3466 imperio
2510 3416 2709 3448 romano

1695 3492 1792 3529 tres
1819 3492 2050 3529 teri-nrum
2080 3491 2241 3544 partes
2270 3481 2428 3528 tribus
2456 3480 2710 3544 triumphis

1695 3559 1997 3619 adjunxerat.
2023 3558 2140 3605 Non
2165 3575 2337 3622 passus
2364 3572 2440 3608 est
2467 3576 2556 3608 vos
2579 3561 2711 3607 intus

1694 3653 1795 3684 eam
1816 3652 1985 3684 vexare
2003 3638 2353 3700 rempublicam
2366 3673 2381 3697 ,
2400 3655 2549 3702 quam
2569 3639 2713 3687 armis

1693 3714 1958 3763 tutabatur.
2008 3715 2130 3762 Inde
2167 3727 2302 3779 patet
2341 3730 2584 3780 quantum
2629 3719 2712 3767 de·

1690 3804 1883 3856 spectus
1911 3794 2080 3849 fueris,
2109 3795 2194 3857 qui
2215 3826 2231 3853 ,
2254 3797 2481 3858 quamvis
2506 3798 2711 3850 consul.

1690 3884 1738 3920 et
1761 3872 1892 3920 omni
1913 3872 2159 3936 dignitatis
2179 3885 2271 3920 tuae
2293 3887 2534 3938 appu-atu
2561 3892 2709 3925 orna·

1692 3963 1767 3999 tus
1783 3987 1798 4009 ,
1819 3951 2004 3999 nullum
2037 3952 2278 3998 inveneris
2301 3954 2388 4016 qni
2408 3955 2501 4002 tibi
2522 3972 2710 4004 morem

1688 4031 2038 4092 vellergerere.
2073 4035 2140 4079 At
2175 4032 2215 4079 si
2250 4034 2451 4095 quando
2492 4035 2584 4082 tibi
2623 4054 2708 4083 ve-

1688 4110 1841 4156 nienti
1861 4110 2058 4172 quidam
2081 4123 2412 4174 assurgerent,
2438 4129 2540 4159 non
2567 4116 2704 4161 Piso·

1695 4204 1801 4235 nem
1827 4188 1887 4245 ii,
1917 4188 2002 4237 sed
2030 4190 2276 4237 consulem
2297 4190 2596 4238 salutnbnnt.
