2994 4778
684 414 1057 484 ORATIO
1107 414 1311 482 PRO
1353 414 1432 480 L.
1481 414 1558 480 C.
1612 411 1964 479 BALBO.
2237 403 2368 478 331

256 564 338 607 se
370 560 512 606 non
532 536 956 631 imperitum
990 532 1318 621 foederi&
1356 558 1507 604 non
1544 531 1799 603 rudem
1837 529 2373 628 exemplorum,

261 670 414 716 non
467 646 800 742 ignarum
839 642 1011 714 belli
1051 641 1306 731 fuisse-3
1348 667 1424 715 se
1467 648 1543 715 P.
1592 639 1903 713 Africani
1948 640 2374 736 discipulum

246 783 331 827 ac
360 755 698 839 militem;
730 779 805 825 se
837 754 1211 851 stipendiis
1231 810 1251 843 ‚
1286 778 1361 826 se
1397 752 1878 850 legationibus
1909 751 2185 823 bellicis
2221 776 2379 822 eru·

250 868 523 954 ditum3
560 891 637 937 se
661 922 682 954 ‚
718 866 779 937 si
812 879 1006 942 tanta
1038 863 1225 935 bella
1254 857 1581 961 legisset8
1602 918 1622 947 ‚
1657 877 1928 960 quanta
1961 875 2035 932 et
2070 861 2284 956 gessit
2308 873 2382 931 et

251 975 604 1060 confecit,
661 976 722 1046 si
787 988 896 1045 tot
949 973 1368 1066 consulibus
1424 975 1798 1044 meruisset
1822 1027 1841 1056 ‚
1886 972 2173 1068 quoties
2226 970 2379 1065 ipse

248 1087 508 1159 consul
534 1086 710 1173 fuit,
752 1087 993 1157 omnia
1031 1086 1192 1180 jura
1234 1083 1409 1155 belli
1443 1082 1847 1182 perdiscere
1880 1106 1963 1153 ac
1996 1103 2207 1152 nosse
2243 1102 2375 1177 po-

253 1200 519 1278 tuisse;
555 1195 692 1267 sibi
736 1221 887 1267 non
932 1193 1149 1266 fuisse
1185 1193 1527 1280 dubium,
1559 1196 1742 1291 ,quin
1785 1193 1987 1264 nullo
2035 1189 2305 1263 foedere
2339 1213 2378 1259 a

246 1307 623 1406 republica
649 1302 839 1377 bene
871 1303 1188 1402 gerenda
1222 1303 1728 1401 impediretur3
1766 1327 1806 1372 a
1849 1325 1923 1372 se
1961 1325 2050 1372 ex
2086 1299 2383 1393 conjun-

246 1419 564 1489 ctissima
600 1430 818 1512 atque
856 1415 1280 1485 amicissima
1316 1415 1600 1485 civitate
1627 1409 2090 1483 fortissimum
2120 1431 2377 1507 quem-

246 1553 393 1624 que
434 1551 590 1597 esse
623 1524 1026 1611 delectum3
1066 1515 1307 1621 neque
1347 1524 1828 1621 Iguvinatium
1852 1533 1909 1606 9,
1948 1545 2188 1618 neque
2237 1521 2373 1588 Ca-

248 1638 586 1707 mertium
627 1633 901 1707 foedere
940 1658 1092 1705 esse
1136 1648 1517 1731 exceptum
1540 1687 1560 1718 ‚
1617 1657 1768 1729 quo
1824 1633 2066 1702 minus
2119 1653 2373 1702 eorum

247 1745 526 1818 civibus
579 1770 619 1816 a
687 1743 964 1843 populo
1029 1767 1336 1816 romano
1396 1745 1686 1842 praemia
1753 1744 2032 1814 virtutis
2091 1738 2371 1811 tribue·

243 1869 521 1924 rentur.

338 1967 527 2034 XXI.
549 1967 827 2057 Itaque,
843 1986 1073 2059 quum
1098 1963 1343 2060 paucis
1377 1963 1588 2033 annis
1611 1972 1630 2004 ¹
1669 1961 2034 2058 posthanc
2064 1962 2369 2031 civitatis

244 2070 712 2144 donationem
749 2075 1089 2144 acerrima
1135 2072 1226 2144 de
1270 2074 1554 2144 civitate
1596 2072 1895 2168 quaestio
1920 2126 1940 2158 ,
1976 2072 2250 2142 Licinia
2295 2085 2370 2142 et

245 2184 481 2253 Mucia
524 2183 719 2279 lege,
754 2185 1068 2255 venisset
1111 2208 1127 2250 ε
1185 2206 1360 2253 num
1406 2183 1574 2279 quis
1607 2204 1898 2264 eorum,
1933 2181 2063 2277 qui
2105 2180 2195 2282 tie
2237 2177 2369 2250 foe-

247 2290 506 2363 der-atis
539 2291 951 2365 civitatibus
982 2308 1169 2365 esset
1211 2292 1492 2363 civitate
1528 2291 1873 2377 donatuS,
1914 2292 1988 2361 in
2012 2289 2367 2386 judicium

249 2416 360 2471 est
413 2405 756 2473 vocatus?
790 2406 968 2473 Nam
1008 2403 1419 2500 Spoletinus
1462 2406 1538 2472 L.
1584 2403 1993 2489 Matrinius,
2035 2426 2224 2472 unus
2279 2426 2367 2472 ex

243 2513 364 2598 iis,
406 2539 593 2610 quos
650 2518 726 2585 C.
781 2516 1047 2585 Marius
1083 2514 1363 2584 civitate
1401 2511 1775 2598 donasset,
1815 2511 1994 2582 dixit
2035 2536 2319 2582 causam
2347 2565 2368 2597 ‚

160 2684 165 2689 .
244 2646 330 2692 ex
360 2623 649 2694 colonia
683 2625 934 2694 Latina
955 2634 1011 2709 ²,
1049 2625 1123 2693 in
1163 2624 1412 2721 primis
1449 2621 1658 2692 firma
1692 2636 1764 2693 et
1801 2621 2100 2692 illustri:
2148 2644 2367 2715 quem

1347 2802 1402 2841 nt
1435 2793 1507 2842 ait
1547 2792 1791 2843 Asconius
1810 2824 1827 2851 ,
1867 2791 1967 2840 dno
2000 2806 2175 2855 genera
2202 2800 2366 2851 erant,

1345 2873 1569 2936 quadam
1594 2872 1775 2920 civium
1804 2886 2143 2929 romanorum,
2166 2881 2214 2918 et
2235 2886 2364 2934 ψιε-
2425 2904 2436 2913 .

307 2794 358 2841 8.
370 2792 604 2856 Legissec.
622 2795 742 2843 Em.
762 2794 927 2842 omnia
944 2792 1049 2841 hoec
1066 2809 1258 2857 perver-

240 2870 321 2928 tit,
343 2887 437 2918 nec
456 2870 716 2919 intellexit.
738 2870 905 2920 Edidit
924 2872 1052 2923 enim
1071 2871 1255 2935 egisset,

240 2949 427 2997 oblitus
453 2961 576 2999 orat.
604 2965 694 3013 pro
730 2953 927 3000 Mun-en.
946 2968 1053 3016 cup.
1081 2967 1172 3013 ¹03
1208 2964 1256 3000 et

236 3038 387 3091 post,
428 3049 451 3070 ι
469 3029 682 3092 gessisset
703 3064 719 3088 ,
760 3016 1071 3089 confecisset,
1104 3042 1204 3081 etc.
1231 3053 1258 3077 a·

232 3108 269 3155 J
273 3144 288 3157 .
310 3110 372 3155 V.
400 3109 458 3154 L.

306 3203 361 3248 9.
382 3185 729 3250 Iguvinatium.
762 3187 943 3236 Incola
980 3188 1117 3241 urbis
1145 3190 1259 3241 Um·

300 3338 450 3393 111.
484 3361 531 3394 1.
561 3344 739 3393 Paucis
766 3345 913 3395 aunis
933 3358 1059 3409 post.
1087 3349 1258 3411 Legem

231 3423 292 3473 de
336 3425 541 3473 civitate
607 3425 822 3476 tulerunt
874 3429 992 3476 Luc.
1046 3428 1257 3479 Licinius

232 3504 459 3561 Quam,
492 3514 539 3551 et
568 3506 630 3565 Q.
658 3505 854 3556 Mucius
879 3507 1096 3554 Scaevoln
1122 3522 1253 3557 anno

232 3583 362 3631 urbis
388 3582 606 3633 conditae
628 3585 749 3633 658.
775 3586 962 3635 Marius
984 3602 1095 3635 cum
1122 3588 1252 3634 Cim·

232 3662 331 3709 bria
367 3661 609 3726 pugnavit
647 3663 822 3726 quinto
867 3680 958 3713 sno
998 3665 1253 3714 consulatu

232 3742 363 3802 5⁵2,
393 3743 618 3805 quamvis
652 3742 732 3791 alii
767 3759 869 3791 nno
903 3759 1037 3795 anno
1069 3744 1254 3792 tardius

227 3833 422 3883 ponunt
442 3821 620 3869 horum
645 3822 948 3871 consulatum
968 3860 983 3885 ‚
1008 3833 1254 3886 totamque

191 3929 205 3937 ,
226 3899 354 3948 adeo
372 3900 762 3965 chronologiam.
784 3903 1040 3967 Quidquid
1057 3904 1146 3960 sit,
1171 3918 1255 3953 sex

226 3979 369 4025 annis
397 3980 492 4026 lata
515 3979 599 4026 lex
622 3979 810 4029 Licinia
832 3983 1018 4042 Mucia,
1037 3994 1153 4046 post
1167 3984 1257 4032 Cn-

226 4068 406 4105 mertea
422 4073 451 4104 ι
470 4058 634 4105 Mario
655 4058 848 4111 civitate
868 4061 1093 4110 donatos.

306 4151 352 4183 2.
375 4138 461 4183 Ex
476 4136 673 4185 colonia
694 4136 887 4187 Latina.
909 4138 1227 4188 Coloniarum
1240 4174 1256 4198 ‚

1346 2951 1453 3001 dam
1480 2952 1666 3001 Latinae
1689 2950 1913 3000 coloniae.
1943 2951 2163 3000 Coloniae
2180 2950 2362 2998 civium

1344 3046 1656 3079 romanorum
1684 3041 1860 3094 preter
1888 3046 2048 3088 sacra,
2079 3030 2241 3079 omnia
2256 3031 2366 3090 juta

1342 3108 1590 3159 habebant
1609 3145 1625 3170 ,
1661 3126 1771 3172 qnae
1798 3111 1928 3157 cives
1953 3111 2144 3158 romani
2170 3109 2365 3161 obtine-

1344 3188 1481 3237 bunt.
1521 3190 1581 3237 Et
1618 3198 1724 3239 tum
1749 3189 2063 3248 centuriatis,
2092 3200 2192 3237 tum
2218 3191 2363 3239 etiam

1345 3266 1542 3315 tributis
1589 3268 1802 3317 comitii·
1851 3268 2069 3317 ferebam
2117 3271 2363 3333 suffragia.

1345 3346 1566 3397 Coloniae
1604 3347 1786 3395 Latine
1819 3347 1944 3396 Latii
1973 3348 2054 3408 jus
2092 3348 2362 3409 habebant,

1345 3442 1446 3474 non
1473 3437 1634 3474 autem
1670 3426 1881 3476 civitatis
1908 3441 1923 3474 ε
1952 3443 2102 3491 qnare
2139 3431 2365 3480 nonnulli

1341 3522 1368 3557 ο
1392 3507 1577 3557 uti-i·
1605 3505 1703 3557 illis
1733 3506 1941 3555 coloniis
1971 3508 2167 3559 civitate
2199 3511 2361 3560 dona·

1341 3583 1536 3637 bamur.
1579 3588 1745 3649 Quum
1781 3587 1931 3651 igitur
1959 3590 2016 3638 T.
2057 3592 2306 3639 Macrinus
2334 3608 2363 3640 e

1341 3666 1571 3729 Spoleto,
1597 3667 1766 3715 Latina
1788 3667 1981 3717 colonia
1995 3703 2012 3729 ,
2031 3670 2274 3720 civitatem
2292 3687 2365 3720 eo-

1341 3755 1413 3793 set
1437 3746 1669 3810 adeptus,
1695 3762 1805 3797 enm
1833 3750 1948 3795 Luc.
1978 3749 2219 3799 Antistius
2244 3750 2362 3799 item

1342 3824 1623 3886 Spoletinus
1647 3828 1922 3882 accusavit.
1941 3826 2165 3889 dixitque
2186 3830 2365 3878 Macri-

1342 3916 1462 3949 num
1488 3901 1699 3949 civitati»
1719 3904 1828 3962 jure
1854 3919 1958 3953 non
1984 3921 2086 3954 esse
2111 3906 2362 3958 donatum.

1343 3979 1493 4042 Quod
1511 3980 1734 4042 qumvis
1749 3982 1988 4031 Antistia
2007 3982 2213 4045 diceret,
2231 4003 2371 4035 nnm-

1343 4073 1489 4121 qnam
1519 4069 1680 4106 tamen
1704 4074 1765 4108 eo
1791 4076 1906 4109 usus
1933 4072 2004 4109 ent
2027 4061 2362 4124 firmamento,

1344 4137 1480 4203 quod
1532 4138 1717 4189 Marius
1776 4140 2080 4203 spoletinum
2135 4142 2364 4192 colonum
