2994 4778
643 397 741 467 60
796 486 799 487 f
1273 395 1370 462 M.
1418 396 1493 463 T.
1546 370 2123 464 CICERONIS

646 516 824 615 quid
855 516 1259 614 integritas,
1295 514 1473 613 quid
1503 511 1923 610 magnitudo
1950 513 2170 583 animi
2191 566 2211 600 ,
2238 512 2415 610 quid
2447 511 2773 612 denique

646 629 872 699 virtus
919 627 1280 698 valer-ev:
1332 650 1492 721 quae
1541 627 1618 693 in
1669 637 2092 720 tempestate
2129 647 2311 693 saeva
2350 626 2593 719 quieta
2624 640 2778 705 est,

647 751 721 807 et
749 736 936 811 lucet
965 738 1038 807 in
1068 734 1417 821 tenebris,
1448 748 1522 805 et
1547 732 1752 832 pulsa
1780 734 1940 804 loco
1969 747 2212 803 manet
2237 747 2476 805 tamen
2496 787 2516 821 ,
2546 749 2775 830 atque

649 845 868 918 haeret
909 847 984 917 in
1032 846 1293 943 patria,
1353 843 1829 943 splendetque
1880 867 2012 941 per
2047 868 2123 915 se
2164 867 2479 941 semper,
2527 869 2777 940 neque

648 957 897 1028 alienis
938 978 1281 1052 umquam
1326 954 1660 1026 sordibus
1700 953 2101 1025 obsolescit.
2144 957 2308 1024 Non
2359 954 2460 1023 illi
2502 978 2775 1024 ornan-

651 1066 825 1138 dum
861 1070 955 1137 M.
1007 1069 1392 1153 Catonem,
1426 1064 1554 1135 sed
1587 1062 2092 1160 relegandum3
2134 1086 2270 1135 nec
2300 1063 2401 1133 illi
2439 1066 2775 1134 commit·

651 1176 951 1248 tendum
997 1161 1173 1246 illud
1213 1176 1626 1272 negotium,
1675 1173 1801 1245 sed
1849 1170 2423 1270 imponendum³
2471 1188 2776 1271 putave-

649 1300 877 1357 runt:
931 1286 1058 1382 qui
1110 1286 1185 1355 in
1240 1286 1591 1356 concione
1642 1283 1876 1381 palam
1926 1281 2280 1369 dixerint,
2330 1281 2644 1378 linguam
2694 1306 2776 1352 se

652 1392 1023 1464 evellisse⁴
1075 1398 1173 1465 M.
1213 1397 1504 1480 Catoni,
1555 1418 1714 1490 quae
1762 1416 2045 1489 semper
2088 1408 2341 1465 contra
2387 1389 2779 1462 extraordi-

652 1506 882 1574 narias
935 1518 1325 1601 potestates
1375 1502 1601 1576 libera
1652 1501 1917 1574 fuisset.
1976 1504 2342 1589 Sentient,
2401 1515 2481 1571 ut
2520 1524 2777 1599 spere,

652 1611 853 1684 brevi
898 1628 1225 1712 tempore
1251 1668 1271 1701 ,
1319 1638 1612 1685 manere
1663 1611 2062 1685 libertatem
2101 1613 2327 1699 illam3
2373 1626 2587 1709 atque
2627 1611 2779 1681 hoc

653 1724 906 1811 etiam,
974 1727 1032 1794 si
1093 1723 1250 1796 fieri
1311 1725 1577 1821 poterit
1608 1776 1628 1809 ,
1693 1747 1844 1794 esse
1900 1723 2289 1816 majorem,
2356 1721 2554 1820 quod
2602 1746 2777 1804 cum

652 1832 1070 1905 consulibus
1128 1834 1265 1905 illis
1320 1836 1417 1903 M.
1468 1836 1686 1918 Cato,
1747 1834 1960 1905 etiam
2013 1858 2243 1930 quum
2305 1834 2454 1928 jam
2515 1831 2776 1928 despe-

650 1958 873 2015 rasset
931 1944 1201 2042 aliquid
1264 1947 1686 2015 auctoritate
1746 1966 1874 2013 sua
1923 1942 2176 2039 profici
2233 1967 2478 2042 posse,
2525 1957 2777 2013 tamen

651 2078 827 2126 voce
869 2056 1021 2152 ipsa
1070 2079 1151 2125 ac
1199 2052 1450 2124 dolore
1490 2053 1873 2150 pugnavit,
1914 2065 1985 2123 et
2019 2067 2185 2149 post
2221 2077 2463 2122 meum
2505 2051 2779 2123 disces-

651 2189 851 2253 sum,
898 2167 983 2235 iis
1040 2166 1371 2237 Pisonem
1423 2160 1705 2250 verbis,
1753 2164 1929 2234 flens
1965 2187 2206 2234 meum
2248 2176 2320 2232 et
2361 2160 2779 2259 reipublicae

652 2267 937 2362 casum,
978 2276 1290 2363 vexavit,
1326 2290 1408 2345 ut
1439 2274 1641 2345 illum
1676 2274 2044 2346 hominem
2075 2272 2634 2372 perditissimum
2660 2285 2781 2342 at·
2829 2258 2840 2265 ⁵

632 2402 796 2484 ‘que
839 2384 1544 2490 impudentissimum
1592 2410 1795 2485 paene
1845 2385 1993 2480 jam
2041 2385 2424 2483 provinciae
2473 2382 2782 2481 poenite-

647 2511 756 2570 ret
775 2493 826 2569 ⁵.
856 2500 1006 2568 Cur
1031 2497 1249 2593 igitur
1274 2496 1629 2594 rogationi
1656 2493 1989 2594 paruitss?
2014 2496 2238 2587 Quasi
2267 2519 2441 2567 vero
2473 2491 2590 2563 ille
2619 2516 2780 2562 non

647 2635 803 2698 legem
825 2634 958 2682 illam
982 2632 1043 2681 de
1059 2634 1225 2698 Cypro
1250 2617 1496 2699 publicata
1523 2632 1667 2681 vellet

649 2728 900 2771 accusare,
937 2712 1122 2761 socium
1162 2728 1217 2759 ac
1254 2711 1556 2759 defensorem
1581 2710 1666 2758 ha-

648 2792 782 2839 beret
821 2793 895 2838 M.
939 2791 1204 2848 Catonem,
1236 2797 1409 2853 utpote
1441 2788 1527 2851 qni
1561 2788 1668 2849 ejus

649 2870 834 2932 negotii
874 2869 1115 2932 particeps
1146 2867 1350 2915 suisset:
1382 2865 1523 2930 qnod
1552 2883 1666 2915 sane

651 2949 719 2996 ita
740 2947 960 3010 contigit.

723 3042 771 3075 a.
801 3025 962 3074 Virtus
983 3024 1187 3072 vaIeree.
1207 3025 1390 3072 Locum
1413 3024 1547 3071 hunc
1562 3039 1668 3072 cre-

652 3106 737 3155 das
754 3105 1023 3156 Claudiano
1044 3104 1110 3153 ob
1135 3104 1306 3151 oculos
1324 3104 1495 3165 fuisse,
1516 3119 1667 3167 quum

649 3185 711 3234 de
745 3184 997 3235 consulatu
1034 3183 1211 3233 Manlii
1242 3181 1492 3231 Theodori
1523 3198 1666 3231 cane·

647 3275 747 3312 ret:
770 3285 795 3305 α
811 3266 921 3326 Ipsa
934 3261 1130 3326 quidem
1150 3262 1304 3309 virtus
1322 3260 1532 3324 pretium
1549 3260 1663 3319 sibi,

646 3342 844 3404 solaque
860 3340 955 3387 late
976 3344 1200 3386 Fortnnoe
1218 3355 1385 3400 spcnra
1401 3339 1550 3400 nitet;
1574 3355 1661 3387 nec

644 3419 853 3467 fascibus
878 3417 991 3465 ullis
1012 3418 1227 3480 Erigitur
1250 3418 1521 3482 plausuque
1539 3419 1664 3481 petit

645 3497 903 3545 clarescere
921 3496 1082 3558 vulgi3
1109 3497 1193 3546 Nil
1216 3497 1324 3561 opis
1347 3507 1558 3545 extet-nn
1577 3514 1665 3546 cu-

643 3576 807 3641 piens,
835 3574 907 3623 nn
931 3573 1095 3638 indiga
1117 3573 1275 3622 laudis
1291 3609 1305 3633 ‚
1335 3575 1533 3622 Divitiis
1554 3577 1663 3624 ani..

643 3672 776 3704 mosa
790 3656 887 3703 suis
898 3689 911 3714 ,
924 3655 1218 3717 immotaque
1233 3653 1420 3701 cunctis
1437 3654 1662 3714 Casibus,

644 3751 671 3783 e
689 3734 813 3782 celsa
831 3733 1048 3782 mortalia
1067 3731 1271 3801 despicit
1287 3748 1398 3779 arce
1415 3755 1457 3780 υ.

712 3815 759 3862 3.
800 3813 1164 3877 Imponendum.
1208 3814 1269 3860 Et
1288 3812 1357 3860 rei
1375 3824 1425 3861 et
1446 3811 1656 3859 hominis

638 3907 777 3939 eausa
808 3891 904 3938 hoc
931 3890 1078 3939 verbo
1106 3907 1222 3939 usus
1251 3901 1358 3940 est:
1387 3901 1441 3940 ut
1469 3890 1564 3939 hoc
1589 3891 1656 3938 si-

1825 2642 1873 2691 4.
1920 2633 2160 2688 Evelle’sse.
2200 2634 2328 2697 Quia
2357 2634 2509 2693 Cato,
2545 2642 2779 2697 suscepto

1751 2722 1799 2760 et
1824 2711 2158 2761 administrato
2182 2714 2407 2776 negotio,
2438 2721 2610 2760 contra
2642 2710 2782 2775 leges

1752 2806 1780 2838 a
1812 2788 1996 2841 Ctodio
2026 2792 2081 2838 in
2122 2791 2384 2840 tribunatu
2405 2791 2523 2838 latas
2558 2807 2648 2854 pro
2685 2806 2780 2839 sua

1753 2872 1904 2920 veteri
1944 2872 2212 2919 constantia
2256 2887 2315 2919 ac
2365 2870 2585 2920 libertate
2630 2870 2780 2934 loqui

1748 2951 1846 3011 jam
1870 2965 1973 2997 non
2000 2960 2196 3014 posset:
2224 2949 2619 3014 qnandoquidem
2646 2952 2780 2998 inter

1753 3044 1832 3076 eas
1851 3027 1979 3092 leges
1997 3039 2120 3076 esset
2135 3044 2186 3076 ea
2198 3062 2213 3085 ,
2234 3028 2295 3076 de
2309 3029 2477 3093 Cypro
2494 3028 2739 3092 publicata
2757 3044 2775 3078 ε

1754 3124 1863 3171 qnae
1890 3109 1930 3155 si
1953 3107 2216 3166 tolleretur,
2239 3124 2295 3156 ea
2316 3107 2459 3155 simul
2474 3139 2488 3164 ‚
2514 3124 2623 3171 quae
2646 3109 2778 3156 Cato

1754 3188 1807 3235 in
1826 3187 1995 3252 Cypro
2022 3199 2254 3251 gesserat,
2284 3186 2392 3237 tolli
2418 3202 2611 3236 necesse
2633 3199 2736 3235 erat
2761 3203 2777 3237 :

1754 3282 1844 3314 nec
1869 3282 1981 3314 sane
2005 3282 2178 3330 parum
2209 3265 2378 3314 callide
2404 3266 2606 3315 Clodiu·
2633 3267 2776 3330 cogi-

1753 3346 1897 3401 tavitg
1943 3360 2054 3391 nam
2072 3381 2086 3407 ,
2124 3344 2260 3408 quod
2297 3345 2400 3392 fore
2450 3344 2639 3408 putavit
2656 3378 2672 3403 ,
2718 3345 2777 3392 id

1748 3423 1908 3486 ipsum
1932 3426 2119 3483 evenit3
2146 3435 2200 3471 ut
2227 3426 2350 3474 Cato
2368 3457 2385 3482 ,
2414 3440 2477 3472 ne
2494 3458 2510 3484 ,
2534 3440 2644 3487 qun
2669 3424 2777 3487 ipse

1750 3501 1801 3548 in
1819 3501 1988 3566 Cypro
2011 3512 2058 3549 et
2084 3503 2305 3567 Byzantii
2327 3503 2526 3566 egisset,
2554 3502 2776 3550 infirma-

1750 3592 1934 3637 rentur,
1949 3581 2113 3630 clodii
2135 3582 2427 3630 tribunatum
2450 3593 2619 3630 contra
2640 3582 2780 3630 Cice·

1750 3675 1916 3708 nonem
1941 3659 2250 3714 defenderet:
2276 3661 2336 3708 de
2357 3677 2456 3724 qno
2478 3661 2528 3706 in
2548 3661 2780 3709 oratione

1751 3737 1810 3785 de
1830 3739 2100 3786 Provinciis
2121 3739 2453 3788 consularibus
2466 3773 2480 3796 ‚
2504 3750 2555 3785 et
2574 3739 2782 3787 Plutar-

1747 3815 1869 3863 chus
1887 3817 1938 3863 in
1956 3818 2206 3866 Cicerone.

1817 3895 1864 3942 5.
1892 3896 2159 3944 Provincioe
2174 3896 2444 3960 poenieeret.
2471 3897 2624 3957 Cujus
2648 3914 2780 3946 mer-

638 3968 860 4033 gnifica,
879 3979 928 4017 et
949 3985 1048 4016 rem
1072 3971 1256 4018 Catone
1278 3971 1526 4033 indignam
1554 3987 1656 4019 esse
1743 3973 1860 4020 cede
1884 3990 1940 4021 ac
1965 3975 2189 4037 pactione
2216 3976 2447 4024 inductus
2465 4010 2480 4034 ‚
2513 3992 2626 4023 cnm
2653 3978 2773 4025 cto-

633 4049 928 4114 impositam‚
946 4059 993 4096 et
1009 4048 1282 4111 impositam
1298 4049 1480 4097 invito:
1505 4048 1641 4113 quod

626 4142 674 4178 et
695 4131 791 4180 Dio
813 4128 959 4178 tradit
976 4127 1103 4177 libro
1130 4129 1427 4178 xxxvm.

1747 4053 1830 4100 dio
1849 4052 1910 4099 de
1930 4068 2032 4099 mea
2048 4053 2263 4117 pernicie
2285 4065 2606 4102 consenserat.

1816 4132 1865 4180 6.
1887 4131 2094 4180 Pumice
2111 4133 2259 4195 Quod
2278 4134 2332 4182 in
2348 4136 2565 4198 Cyprum
2583 4135 2696 4184 ivit.
