2994 4778
723 428 859 498 308
1344 433 1440 499 M.
1491 433 1568 499 T.
1628 434 2190 505 CICERONIS

720 553 1068 647 temporis
1104 552 1348 647 magis.
1383 556 1535 648 Ego
1567 578 1717 624 non
1756 553 2011 651 hujus,
2045 559 2346 654 inquam
2370 614 2390 645 ‚
2426 583 2670 658 genere
2697 565 2781 659 ju-

716 661 881 732 dicii
913 660 1119 757 plura
1143 660 1412 731 dicam:
1440 678 1549 733 est
1582 664 1774 734 enim
1805 664 1956 736 haec
1985 665 2251 738 secuii⁶
2275 668 2474 742 labes
2505 673 2781 769 qua-dam

717 786 790 841 et
831 769 1142 855 macula,
1181 770 1422 840 virtuti
1452 771 1803 859 invidere,
1837 774 2021 845 velie
2049 776 2281 875 ipsum
2318 778 2569 852 florem
2600 782 2784 881 digni-

722 883 883 951 tatis
920 878 1326 975 infringere.
1366 883 1683 970 Etenim,
1714 885 1772 953 si
1813 889 1942 956 Cn.
1980 889 2365 985 Pompeius
2409 891 2659 964 abhinc
2690 918 2783 964 an·

716 1016 852 1062 nos
892 995 1327 1087 quingentos
1372 987 1661 1079 fuisset,
1706 995 1776 1063 is
1817 996 1947 1082 vir,
1982 1020 2023 1066 a
2065 1022 2216 1094 quo
2257 999 2549 1073 senatus
2585 1003 2785 1074 adole·

713 1100 1041 1173 scentulo
1070 1114 1287 1196 atque
1316 1103 1560 1197 equite
1598 1126 1898 1174 romano
1927 1129 2111 1202 saepe
2145 1115 2549 1181 communis
2571 1112 2782 1182 salutis

711 1213 1054 1283 auxilium
1099 1210 1523 1307 expetisset3
1564 1210 1768 1305 cujus
1811 1237 1924 1284 res
1970 1228 2180 1309 gestae
2228 1241 2482 1289 omnes
2528 1234 2780 1316 genteS‚

709 1344 875 1390 cum
918 1319 1303 1389 clarissima
1334 1318 1663 1406 victoria,
1700 1333 1891 1391 terra
1928 1326 2255 1421 marique
2284 1343 2778 1425 peragrassent3

709 1430 913 1524 cujus
945 1443 1089 1497 tres
1126 1427 1474 1522 triumphi
1505 1441 1721 1498 testes
1748 1446 1986 1502 essent
2004 1487 2024 1519 ‚
2056 1448 2294 1506 totum
2319 1438 2570 1510 orbem
2594 1456 2780 1512 terra·

707 1563 869 1611 rum
919 1551 1169 1607 nostro
1208 1536 1514 1631 imperio
1560 1539 1829 1624 teneri;
1868 1563 2086 1635 quem
2127 1547 2442 1642 populus
2479 1553 2781 1619 romanus

705 1644 1190 1744 singularibus
1216 1642 1621 1715 honoribus
1645 1646 2088 1721 decorasset:
2124 1657 2181 1723 si
2221 1680 2417 1729 nunc
2446 1660 2633 1755 apud
2660 1679 2779 1742 vos,

704 1757 776 1827 id
821 1753 1022 1853 quod
1076 1756 1135 1823 is
1178 1751 1494 1840 fecisset,
1541 1770 1790 1826 contra
1834 1758 2069 1831 foedus
2124 1760 2389 1835 factum
2437 1766 2779 1852 diceretur,

703 1866 864 1964 quis
902 1861 1238 1934 audiret?
1274 1885 1490 1932 nemo
1544 1861 1891 1959 profecto.
1937 1873 2135 1941 Mors
2184 1876 2376 1944 enim
2426 1901 2640 1973 quum
2672 1901 2779 1947 ex-

699 1975 1056 2047 stinxisset
1084 1970 1421 2041 invidiam
1440 2025 1458 2053 ‚
1488 1995 1602 2041 res
1630 1971 1785 2066 ejus
1819 1992 2030 2072 gestae
2058 1984 2474 2078 sempiterni
2503 1986 2781 2057 nominis

701 2085 927 2182 gioria
970 2083 1390 2151 niterentur.
1436 2080 1666 2174 Cujus
1695 2085 1948 2180 igitur⁷
1987 2089 2227 2161 audita
2271 2093 2490 2165 virtus
2523 2094 2777 2166 dubita-

701 2194 883 2264 tioni
910 2191 1150 2262 locum
1177 2214 1325 2259 non
1366 2187 1602 2276 daret,
1637 2190 1855 2288 hujus
1892 2221 2208 2294 praesens
2231 2256 2251 2290 ‚
2281 2219 2562 2301 experta
2580 2219 2775 2300 atque

702 2314 1110 2403 perspecta,
1155 2297 1720 2372 obtrectatorum
1756 2327 1935 2377 voce
1971 2307 2313 2381 laedetur?

795 2417 948 2484 VII.
988 2412 1332 2482 Omittam
1366 2411 1579 2507 igitur
1605 2424 1623 2456 ¹
1665 2417 2088 2513 Pompeium
2121 2421 2266 2516 jam
2306 2425 2624 2497 oratione
2646 2450 2781 2495 mea

695 2660 835 2725 qnasi
859 2660 929 2706 sie
954 2655 1190 2720 scriptum
1209 2655 1367 2704 foret:
1393 2655 1550 2705 Causa
1579 2655 1707 2706 dieta

692 2753 765 2788 est
801 2737 1021 2801 Pompeii
1061 2737 1211 2801 magis
1255 2750 1398 2798 quam
1439 2735 1616 2796 hujus:
1657 2737 1706 2785 in

694 2833 794 2883 qno
820 2831 912 2878 ego
937 2829 1107 2877 genere
1133 2811 1308 2872 iudicii
1336 2827 1437 2859 non
1464 2812 1605 2877 plura
1630 2813 1707 2861 di-

693 2913 816 2946 eom.
851 2893 1000 2941 Multi
1041 2891 1123 2939 alii
1159 2891 1323 2939 locum
1359 2891 1495 2939 illum
1517 2926 1531 2948 ‚
1565 2894 1708 2941 novis

690 2975 851 3026 verbis
871 2986 1064 3020 exarare
1079 2979 1408 3031 tentaverunt,
1429 2986 1555 3034 qnos
1581 2971 1709 3019 inter

690 3058 1051 3103 Hottomannus
1099 3050 1171 3096 sie
1217 3048 1381 3097 locum
1432 3053 1672 3099 recensuit
1695 3066 1708 3100 ε

692 3155 714 3176 ι
733 3137 919 3198 Atque,
938 3140 995 3178 nt
1018 3143 1111 3193 ego
1137 3128 1315 3186 sentio,
1332 3129 1520 3189 jndices
1532 3165 1546 3189 ,
1564 3146 1708 3178 eausa

692 3214 820 3260 dieta
847 3221 918 3260 est
957 3208 1190 3272 temporis
1229 3207 1373 3268 huius
1397 3210 1548 3274 magis
1571 3210 1702 3268 vitii,

688 3306 831 3353 quam
874 3286 1089 3336 hominis
1116 3300 1130 3335 :
1160 3302 1317 3349 neque
1358 3304 1451 3351 ego
1499 3288 1562 3336 de
1604 3298 1703 3337 tam

686 3368 856 3431 iniquo
889 3365 1062 3426 judieii
1100 3380 1273 3427 genere
1304 3366 1442 3429 plura
1471 3367 1629 3416 dicam
1649 3390 1694 3418 n.

686 3448 743 3492 In
765 3454 896 3491 tanta
921 3443 1180 3491 verborum
1194 3459 1253 3490 ac
1265 3459 1433 3491 sensus
1450 3448 1698 3509 varietate,

681 3540 831 3588 quum
861 3532 935 3569 tot
957 3522 1084 3569 inter
1105 3536 1156 3568 se
1183 3520 1325 3569 etiam
1345 3538 1473 3569 nune
1496 3521 1558 3569 de
1583 3522 1698 3572 loeo

680 3604 769 3650 viri
796 3610 1015 3665 pugnent
1030 3634 1046 3657 ,
1072 3613 1264 3645 sensum
1291 3598 1428 3645 illum
1453 3610 1503 3648 et
1526 3599 1697 3650 lectio·

678 3698 786 3730 nem
832 3678 958 3725 hanc
993 3675 1138 3723 nobis
1177 3677 1485 3740 seposuimus
1502 3713 1518 3737 ,
1557 3681 1694 3742 quod

677 3761 826 3824 magis
862 3772 973 3804 eum
1006 3754 1065 3801 iis
1099 3765 1149 3802 et
1190 3770 1300 3818 quae
1335 3770 1620 3820 sequuntur,
1643 3772 1692 3810 et

675 3856 784 3903 quae
830 3836 965 3901 prins
1009 3833 1138 3881 dicta
1181 3845 1330 3893 sunt,
1376 3852 1686 3902 congrueret.
1737 3834 1750 3846 ’

1868 2658 1924 2710 6.
1997 2664 2085 2711 Est
2130 2665 2260 2715 em'm
2315 2668 2421 2717 lioee
2466 2668 2648 2717 uadi,
2671 2667 2783 2715 Libri

1797 2751 1980 2790 veteres
2004 2742 2184 2793 habent
2206 2746 2304 2794 alio
2329 2747 2589 2797 verborum
2613 2748 2784 2805 ordine,

1796 2841 1822 2861 α
1853 2832 1924 2868 est
1964 2823 2092 2870 enim
2141 2824 2244 2873 haec
2289 2827 2437 2888 hujus
2475 2829 2637 2877 seculi
2673 2843 2785 2892 que·

1795 2898 1905 2946 dam
1928 2902 2111 2950 macula
2131 2914 2277 2967 atque
2303 2906 2482 2955 labesn.
2508 2910 2673 2957 Recte.

1868 2994 1915 3039 7.
1942 2979 2086 3044 Cujus
2110 2980 2271 3045 ibitur.
2296 2984 2496 3048 Semper
2519 2987 2572 3034 in
2590 2987 2784 3034 mon·

1763 3053 1778 3073 ⁸
1797 3057 1933 3105 tione
1966 3074 1996 3104 a
2020 3059 2215 3108 fortiori
2238 3076 2427 3127 pugnat
2444 3065 2614 3115 Cieero
2628 3102 2643 3123 ,
2667 3078 2711 3114 et
2726 3066 2784 3113 in

1793 3147 2093 3185 accusatores
2130 3142 2323 3198 statuit,
2358 3152 2414 3190 ut
2456 3144 2784 3209 'quoquomodo

1793 3231 1845 3262 se
1880 3226 2098 3280 vertant,
2121 3234 2276 3268 errare
2301 3238 2513 3288 semper,
2547 3238 2594 3274 et
2625 3222 2784 3289 populi

1791 3295 1979 3342 romani
2007 3297 2234 3361 patientia
2259 3300 2399 3349 abuti
2426 3304 2679 3352 videantur.

1857 3377 1972 3423 VII.
2028 3393 2072 3426 1.
2122 3379 2346 3427 omittam
2387 3381 2549 3447 igitar.
2592 3382 2784 3429 Necesse

1785 3464 1887 3500 eret
1906 3455 2103 3514 emtori,
2123 3468 2177 3504 ut
2204 3458 2425 3524 Pompeii
2452 3461 2612 3510 laudes
2628 3476 2791 3525 perpe-

1785 3540 1872 3577 tuo
1888 3534 2215 3583 Romanorum
2233 3538 2433 3587 auribus
2454 3541 2794 3605 obstreperent,

1783 3620 1838 3655 ut
1859 3613 2013 3672 majus
2037 3630 2227 3679 semper
2247 3617 2298 3664 iu
2317 3632 2622 3668 accusatores
2636 3620 2798 3668 odim

1781 3690 2132 3754 concitaretur3
2156 3696 2316 3757 itaque
2338 3709 2602 3761 postquem
2620 3700 2801 3746 animos

1779 3769 1993 3815 omnium
2032 3769 2108 3818 his
2146 3776 2552 3836 praesuntissimis
2583 3778 2798 3842 Pompe-17·

1779 3844 2003 3895 laudibus
2030 3851 2260 3913 perculit,
2287 3853 2538 3903 audientes
2561 3869 2736 3905 monet
2757 3872 2803 3903 se

671 3921 894 3965 Ceterum
945 3913 1151 3977 quisque
1200 3919 1391 3962 sensum
1447 3917 1590 3971 illum
1626 3922 1690 3969 ed
1773 3926 1871 3985 jam
1887 3926 1948 3974 de
1958 3930 2300 3993 Pompeionon
2314 3934 2523 3998 amplius
2536 3935 2801 3994 dicturum,

667 3998 861 4046 libitum
898 3992 1159 4055 intelliget3
1193 4010 1434 4059 namque,
1469 4000 1686 4062 utpium

665 4080 838 4127 desunt
859 4111 874 4133 ,
916 4089 1015 4131 non
1053 4073 1242 4123 admitti
1287 4093 1454 4127 seusus
1490 4093 1687 4143 potest,

664 4160 749 4223 qui
777 4155 1005 4205 omnibns
1030 4152 1229 4217 placeat.

1777 4014 1824 4048 et
1856 4004 1921 4052 ita
1951 4008 2108 4055 aerius
2141 4024 2319 4059 nomen
2351 4012 2477 4061 fund
2506 4014 2691 4063 animis
2715 4014 2802 4061 iin-

1776 4083 1969 4143 primit,
1989 4101 2130 4149 quam
2156 4089 2193 4133 si
2217 4088 2405 4137 diutina
2423 4094 2472 4139 in
2498 4092 2680 4141 iisdem
2703 4094 2802 4140 lan-

1773 4161 1919 4209 dibus
1944 4178 2228 4215 venaretur.
