2994 4778
647 396 744 482 46
1282 396 1376 463 Μ.
1426 397 1503 461 Τ.
1561 396 2122 465 CICERONIS

650 516 1165 614 rempublicam
1222 528 1469 586 tenere
1527 539 1922 611 possemus.
1978 516 2220 607 Quid?
2276 520 2337 588 si
2393 521 2466 588 in
2527 521 2766 616 prima

647 627 1145 711 contentione,
1176 624 1246 693 vi
1276 622 1649 693 tribunitia
1675 627 1942 709 victus,
1979 627 2052 694 in
2087 623 2242 696 foro
2263 677 2282 711 ,
2318 649 2480 696 cum
2510 627 2766 700 multis

644 734 857 805 bonis
905 734 1072 803 viris
1121 730 1590 803 concidissem
1611 784 1631 817 ,
1684 747 2009 805 senatum
2069 733 2436 821 consules,
2487 736 2752 826 credo,

645 854 1014 912 vocassent
1036 894 1055 927 ,
1092 864 1311 936 quem
1343 852 1580 909 totum
1619 838 1708 910 de
1739 845 2021 912 civitate
2056 839 2413 930 delerant;
2450 844 2540 914 ad
2565 869 2766 916 arma

646 956 1132 1035 vocassent¹¹,
1177 950 1303 1044 qui
1346 971 1438 1018 ne
1481 949 1744 1019 vestitu
1782 947 2074 1043 quidem
2118 947 2411 1027 defendi
2462 975 2761 1048 rempu-

639 1057 898 1128 blicam
935 1058 1229 1141 sissent;
1262 1079 1302 1125 a
1331 1054 1633 1126 tribuno
1662 1055 1894 1153 plebis
1920 1072 2085 1153 post
2117 1059 2488 1130 interitum
2521 1084 2761 1133 meum

643 1164 1116 1264 dissidissent,
1154 1166 1281 1258 qui
1319 1162 1645 1234 eamdem
1686 1163 1936 1234 horam
1975 1190 2147 1237 meae
2183 1171 2435 1263 pestiS,
2477 1182 2549 1240 et
2583 1193 2762 1241 suo—

641 1298 802 1345 rum
841 1273 1299 1369 praemiorum
1335 1296 1487 1343 esse
1526 1270 1940 1344 voluissent.

737 1386 889 1452 XX.
925 1384 1168 1450 Unum
1205 1383 1396 1451 enim
1430 1379 1607 1450 mihi
1637 1379 1948 1451 restabat
1980 1379 2194 1467 illud,
2231 1380 2430 1478 quod
2458 1380 2759 1455 forsitan

637 1514 788 1561 non
823 1513 1041 1560 nemo
1076 1491 1182 1560 vir
1210 1487 1448 1573 fortis»,
1487 1505 1561 1560 et
1591 1491 1771 1561 acris
1797 1491 2016 1561 animi
2045 1492 2427 1587 magnique
2457 1490 2755 1563 dixerit:

641 1599 1051 1685 restitisseS,
1089 1622 1603 1696 repugnasseS,
1643 1614 1946 1669 mortem
1986 1623 2311 1695 pugnans
2346 1601 2762 1697 oppetisses.

641 1712 752 1777 De
788 1730 935 1801 quo
976 1719 1084 1794 te,
1132 1720 1244 1792 te,
1295 1710 1632 1802 inquam,
1686 1708 1947 1804 patria,
1999 1722 2257 1795 testor,
2301 1723 2373 1780 et
2411 1733 2582 1795 vos,
2624 1733 2758 1806 pe·

636 1830 879 1903 nateS,
938 1815 1291 1911 patriique
1330 1815 1473 1900 dii,
1521 1840 1635 1885 me
1677 1832 2071 1888 vestrarum
2109 1817 2401 1888 sedum¹
2445 1816 2759 1912 templo-

638 1949 948 2021 rumque
986 1947 1232 2009 causa,
1270 1948 1386 1995 me
1429 1939 1727 2021 propter
1760 1924 2058 2026 salutem
2093 1950 2421 1996 meorum
2457 1928 2759 2012 civium,

637 2058 795 2129 quae
831 2033 1008 2105 mihi
1049 2057 1334 2131 semper
1368 2031 1506 2104 fuit
1542 2057 1704 2105 mea
1737 2035 1969 2106 carior
2001 2036 2185 2121 vita,
2222 2033 2755 2119 dimicationem

635 2141 1046 2238 caedemque
1101 2140 1387 2239 fugisse.
1444 2144 1730 2213 Etenim
1755 2195 1775 2231 ,
1824 2143 1883 2213 si
1925 2141 2140 2211 mihi²
2181 2144 2254 2212 in
2290 2142 2527 2239 aliqua
2570 2167 2780 2217 nave*

636 2274 803 2323 eum
843 2253 1020 2322 meis
1058 2250 1298 2322 amicis
1345 2251 1746 2348 naviganti,
1791 2251 1967 2339 hoc,
2000 2250 2313 2346 judices,
2351 2250 2753 2339 accidisset,

637 2375 718 2431 ut
751 2359 958 2429 multi
995 2382 1084 2430 ex
1130 2358 1375 2431 multis
1410 2359 1586 2431 locis
1637 2359 2007 2457 praedones
2051 2359 2390 2432 classibus
2428 2384 2580 2433 earn
2623 2386 2752 2432 na-

630 2493 793 2539 vem
836 2491 911 2538 se
946 2492 1417 2565 oppressuros
1456 2470 1980 2556 minitarentur,
2020 2470 2157 2539 nisi
2190 2494 2307 2540 me
2345 2494 2573 2540 unum
2612 2468 2748 2539 sibi

635 2577 1112 2664 dedidissent3
1146 2578 1205 2648 si
1235 2575 1308 2648 id
1342 2593 1662 2649 vectores
1699 2592 2079 2673 negarent,
2115 2602 2196 2648 ac
2226 2601 2504 2654 mecum
2537 2577 2750 2652 simul

634 2687 923 2757 interire
944 2741 963 2772 ,
993 2710 1209 2781 quam
1237 2710 1353 2757 me
1383 2685 1662 2757 tradere
1689 2685 2015 2757 hostibus
2046 2685 2377 2773 mallent3
2421 2686 2748 2779 jecissem

636 2819 748 2865 me
797 2797 947 2890 ipse
994 2797 1232 2889 potius
1286 2797 1361 2865 in
1403 2793 1885 2891 profundum,
1930 2810 2013 2866 ut
2052 2810 2330 2866 ceteros
2369 2818 2749 2865 conserva-

631 2925 787 2971 rem
812 2954 831 2986 ,
888 2924 1105 2997 quam
1166 2901 1324 2971 illos
1383 2895 1524 2973 mei
1581 2918 1720 2974 tam
1779 2902 2120 3000 cupidOS,
2179 2929 2330 2974 non
2388 2902 2607 2974 modo
2656 2901 2746 2974 ad
2825 2914 2834 2919 ’

637 3022 904 3080 certam
942 3023 1243 3079 mortem
1269 3064 1288 3096 ,
1329 3009 1453 3081 sed
1503 3012 1579 3081 in
1622 3035 1962 3108 magnum
2011 3013 2171 3082 vitae
2206 3011 2582 3083 discrimen
2620 3011 2746 3081 ad-

633 3117 989 3191 ducerem.
1048 3119 1295 3208 Quum
1346 3144 1532 3198 vero
1573 3121 1646 3192 in
1707 3119 1893 3191 hanc
1946 3116 2404 3215 reipublicae-²·
2458 3142 2744 3204 navem,

632 3296 924 3360 respublica,
953 3298 1159 3359 pessimo
1193 3299 1417 3363 mmplo
1444 3302 1499 3347 in
1522 3300 1644 3348 civi·
1734 3314 1917 3346 navem.
1944 3298 2054 3346 Nini
2077 3308 2188 3345 ante
2210 3299 2311 3358 jam
2342 3297 2402 3345 de
2432 3313 2554 3346 nave
2578 3298 2747 3346 uomi-

636 3384 783 3425 tntem
806 3373 1027 3425 inducto.
1732 3376 1903 3433 uiant,
1936 3376 2068 3424 haud
2103 3376 2219 3425 satin
2253 3375 2523 3428 verecunda
2554 3377 2745 3426 inlatio

709 3466 789 3498 ιι.
832 3451 920 3498 Ad
958 3466 1099 3499 amm
1136 3464 1410 3501 vocassent.
1453 3453 1539 3503 Al.
1576 3452 1650 3503 ad
1731 3453 2014 3503 videretur:
2043 3469 2147 3501 non
2181 3454 2310 3502 enim
2332 3467 2531 3519 repente
2559 3466 2609 3503 et
2632 3471 2745 3506 cun

634 3545 778 3577 ama
792 3540 1046 3580 vocarunt.
1066 3529 1197 3578 LV.
1223 3531 1278 3577 Ι..
1732 3533 1917 3596 impetu
1949 3533 2202 3598 irrumpit,
2243 3534 2330 3583 ned
2367 3536 2660 3599 pedetentim
2695 3550 2746 3588 et

704 3608 823 3655 XX.
868 3622 911 3652 ι.
955 3607 1035 3655 Sic
1074 3606 1309 3656 ruffi-cim.
1342 3605 1428 3658 Al.
1462 3605 1648 3658 malunt
1731 3611 1918 3676 placide
1942 3614 1996 3662 in
2015 3613 2281 3661 orationem
2309 3613 2746 3677 ingmdimrmu-

631 3685 833 3733 sedium.
855 3686 1020 3732 Recte.
1731 3689 1884 3754 phora
1897 3724 1913 3749 ,
1930 3693 2196 3755 praesertim
2219 3691 2304 3740 ubi
2322 3693 2486 3755 paullo
2509 3692 2746 3742 illustrior

707 3778 752 3812 a.
773 3761 825 3811 Si
844 3761 975 3812 mihi.
1010 3759 1332 3811 Pulcherrima
1353 3760 1407 3810 h.
1432 3761 1466 3810 l.
1491 3763 1646 3827 expli-
1730 3778 1827 3827 σοι,
1855 3785 1944 3818 nec
1971 3786 2100 3829 nno,
2126 3781 2212 3819 aut
2229 3771 2385 3820 altero
2405 3771 2552 3819 verbo
2579 3774 2745 3820 terni»

636 3854 771 3891 catur
787 3839 1070 3899 similitude.
1089 3851 1140 3888 et
1158 3856 1339 3894 summa
1362 3841 1575 3892 veritatis
1594 3846 1643 3891 vi
1728 3859 1871 3900 untur
1896 3862 1910 3895 ε
1947 3864 2094 3911 quare
2123 3864 2228 3898 nou
2261 3848 2572 3898 offenduntur
2600 3852 2744 3910 novi-

632 3919 695 3967 ad
718 3918 918 3966 verbum
947 3935 1058 3966 cum
1083 3919 1330 3970 Ciceronis
1357 3921 1640 3973 conditione
1728 3935 1823 3974 tate
1848 3940 1985 3974 nure·
2005 3937 2183 3975 nostra
2199 3958 2214 3983 ‚
2243 3944 2392 3992 quum
2419 3928 2472 3976 in
2495 3926 2623 3976 hanc
2650 3929 2741 3978 rei-

633 3997 873 4062 oongruit.
1724 4001 1931 4066 publicu
1965 4018 2135 4054 navem
2173 4005 2376 4058 andiunt
2405 4021 2419 4056 ε
2455 4005 2577 4055 nihil
2612 4008 2739 4060 enim

702 4078 756 4146 ᾖ.
792 4077 948 4140 Quum
978 4091 1099 4123 voro
1129 4073 1180 4124 ὺι
1212 4074 1341 4125 banc
1369 4078 1637 4141 mpuuicoe
1724 4079 1789 4127 ad
1807 4079 1913 4130 illas
1930 4081 2105 4134 accidit
2123 4082 2355 4136 insolam.
