2994 4778
727 413 1122 483 oRA‘rlo
1170 414 1280 482 IN
1330 391 1861 522 VATINIJJM.
2223 420 2360 508 145

241 528 611 627 legemque
646 527 904 620 ferreS,
938 532 1142 628 quod
1168 558 1259 605 eo
1285 532 1403 605 die
1437 536 1655 610 scires
1691 534 1783 609 de
1822 538 1992 610 caelo
2023 564 2178 613 esse
2213 568 2358 616 ser-

248 643 526 710 vatum?
568 645 663 710 Et
688 693 713 726 ,
751 642 1099 737 quoniam
1131 641 1251 713 hic
1292 644 1496 716 locus
1534 670 1725 717 unus
1763 660 1870 718 est
1888 643 1942 735 5,
1975 674 2192 745 quem
2224 654 2357 726 tibi

248 773 403 819 cum
439 753 718 820 Caesare
759 768 1219 822 communem
1259 776 1412 825 csse
1452 753 1684 841 dicas,
1738 757 2108 853 sejungam
2152 777 2221 833 te
2265 764 2358 838 ab

243 857 386 942 illo,
424 883 582 929 non
630 859 867 929 solum
905 858 1316 958 reipublicae
1354 886 1606 949 causa,
1653 888 1909 937 verum
1956 868 2169 939 etiam
2208 877 2357 944 Cae-

236 971 403 1038 saris
429 1017 454 1054 ,
517 993 617 1039 ne
654 992 801 1064 qua
838 992 927 1040 ex
971 985 1094 1043 tua
1135 996 1415 1043 summa
1461 973 1885 1069 indignitate
1929 974 2129 1048 labes
2175 981 2361 1056 illius

233 1075 562 1172 dignitati
614 1077 950 1175 adspersa
979 1079 1329 1152 videatur.
1382 1083 1701 1155 Primum
1736 1109 2015 1180 quoero,
2064 1113 2241 1160 num
2284 1107 2363 1164 tu

233 1191 512 1258 senatui
556 1212 849 1259 causam
895 1202 1094 1259 tuam
1147 1190 1551 1286 permittas,
1593 1191 1796 1288 quod
1835 1190 2055 1265 facit⁶
2094 1200 2367 1272 Caesar?

235 1294 538 1384 deinde,
572 1321 737 1394 quae
775 1298 867 1368 sit
902 1300 1288 1369 auctoritas
1324 1298 1513 1395 ejuS‚
1538 1304 1666 1396 qui
1702 1325 1777 1373 se
1814 1300 2104 1376 alterius
2135 1304 2365 1398 fact0,

234 1431 379 1476 non
417 1431 562 1477 suo
608 1405 994 1479 defendat?
1026 1404 1287 1480 deinde
1325 1408 1705 1508 (erumpet
1747 1412 1939 1481 enim
1974 1412 2366 1511 aliquando

233 1540 320 1586 ex
373 1541 493 1587 me
539 1540 716 1586 vera
763 1541 949 1605 vox,
1002 1531 1076 1587 et
1117 1516 1346 1587 dicam
1402 1522 1561 1590 sine
1608 1522 2101 1611 cunctatione,
2158 1526 2368 1622 quod

238 1624 556 1719 sentio),
600 1630 658 1697 si
685 1626 831 1721 jam
865 1625 1291 1698 violentior⁷
1327 1625 1564 1724 aliqua
1595 1628 1668 1697 in
1704 1652 1783 1699 re
1821 1633 2161 1705 C.·Caesar
2194 1635 2368 1706 fuis-

240 1749 374 1822 set,
422 1737 482 1806 si
517 1760 698 1807 eum
732 1733 1148 1832 magnitudo
1187 1737 1703 1824 contentioniS‚
1730 1736 2047 1815 studium
2086 1741 2365 1837 glories,

240 1860 584 1941 piaestans
611 1845 917 1930 animus,
934 1845 1288 1916 excellens
1306 1845 1642 1917 nobilitas
1662 1845 1905 1944 aliquo
1932 1849 2028 1919 im
2034 1850 2369 1948 pulisset3

245 1953 436 2049 quod
470 1954 550 2024 in
586 1952 711 2023 illo
742 1950 938 2025 viro⁸
972 1969 1047 2025 et
1082 1968 1238 2024 tum
1267 1952 1648 2025 ferendum
1690 1970 1914 2046 esset,
1943 1973 2016 2031 ct
2042 1963 2369 2035 maximis

243 2060 499 2150 rebus,
539 2084 726 2159 quas
763 2077 1011 2161 postea
1050 2065 1301 2159 gessit,
1348 2062 1931 2154 obliterandum3
1978 2068 2051 2140 id
2089 2084 2167 2140 tu
2203 2072 2369 2159 tibi,

246 2165 573 2258 furcifer,
609 2195 889 2260 sumes,
944 2185 1016 2242 et
1063 2173 1328 2243 Vatinii
1383 2171 1679 2244 latronis
1728 2198 1813 2245 ac
1863 2179 2184 2277 sacrilegi
2227 2207 2370 2255 vox

252 2280 613 2368 audietur,
673 2280 815 2352 hoc
848 2281 1315 2380 postulantis,
1359 2296 1444 2352 ut
1482 2281 1678 2354 idem
1714 2282 1855 2356 sibi
1894 2289 2369 2382 concedatur,

256 2389 442 2487 quod
474 2392 781 2463 Caesari?

349 2505 492 2573 VII.
527 2503 650 2574 Sic
685 2504 881 2574 enim
917 2530 1007 2577 ex
1044 2519 1114 2579 te
1146 2528 1415 2605 quaero,
1463 2502 1829 2580 Tribunus
1865 2507 2096 2607 plebis
2133 2511 2369 2586 fuisti:

253 2610 540 2709 sejunge
589 2626 664 2684 te
712 2637 754 2684 a
795 2617 1112 2687 consule.
1173 2617 1494 2715 Collegas
1544 2615 1861 2689 habuisti
1901 2620 2096 2690 viros
2148 2621 2373 2697 fortes

249 2744 506 2792 novem
529 2731 587 2791 ¹.
633 2727 741 2793 Ex
779 2721 893 2794 his
940 2739 1083 2796 tres
1127 2741 1372 2812 erant,
1409 2749 1596 2824 quos
1625 2740 1705 2797 tu
1739 2726 2065 2824 quotidie
2101 2730 2373 2807 sciebas

249 2852 527 2902 servare
563 2829 656 2902 de
686 2831 949 2921 caelo²;
981 2858 1169 2930 quos
1204 2834 1586 2924 irridebas,
1632 2860 1818 2933 quos
1859 2838 2180 2936 privatos
2219 2867 2374 2917 esse

245 3035 328 3084 sed
355 3030 648 3089 concilim,
675 3032 812 3096 quui
838 3042 1024 3097 partem
1048 3032 1225 3098 populi
1242 3047 1260 3084 2
1346 3031 1440 3082 bus
1468 3032 1533 3084 de
1557 3031 1713 3082 causis
1737 3035 1910 3096 faciat,
1935 3038 2035 3098 jam
2055 3039 2243 3091 dictum
2270 3054 2374 3104 αις

245 3114 485 3180 patricios
510 3111 636 3159 enim
663 3112 1033 3173 advocandijus
1050 3128 1153 3161 uou
1177 3108 1264 3160 hn-
1349 3124 1565 3161 ceterum
1614 3114 1755 3161 nullo
1807 3115 1958 3163 modo
2011 3118 2212 3167 Caesaiis
2258 3138 2374 3170 cum

243 3192 326 3243 bet
368 3191 599 3241 tribunus
623 3190 697 3256 pl.
721 3191 961 3257 populum
987 3201 1149 3239 nutem
1176 3191 1264 3238 nd·
1350 3190 1532 3238 Bibulo
1562 3189 1748 3254 collega
1788 3194 2129 3244 contentiones
2167 3212 2377 3262 possunt

245 3281 384 3321 voc-t
404 3305 424 3330 ,
470 3285 575 3318 nou
605 3272 907 3318 concilium:
939 3270 1052 3334 quia
1077 3270 1193 3318 licet
1217 3271 1264 3318 ei
1351 3268 1600 3325 excusor&
1648 3269 1844 3319 infamis
1888 3272 2020 3320 enim
2065 3276 2172 3338 ejus
2218 3277 2376 3328 suerat

247 3365 331 3414 pto
367 3359 569 3398 nummo
611 3349 821 3416 imperio
853 3349 1070 3413 Quirites
1094 3365 1264 3399 omues
1354 3348 1533 3413 agendi
1558 3348 1731 3406 ratioq·

248 3428 504 3478 advoc-re.
1114 3454 1122 3464 ·
1428 3428 1477 3476 8.
1512 3427 1658 3491 Quod
1679 3427 1729 3474 in
1755 3426 1840 3475 illo
1868 3428 1995 3478 vim.
2023 3431 2074 3479 Si
2099 3434 2219 3497 quid
2242 3437 2375 3484 euim

310 3510 359 3556 5.
393 3511 559 3556 Iocus
578 3524 706 3557 unas
740 3518 830 3557 est.
865 3509 1078 3571 Propter
1109 3516 1268 3570 gestas
1353 3504 1618 3554 violentius
1638 3508 1690 3554 iu
1708 3507 1967 3557 consulatu
1983 3510 2142 3559 Caesar
2161 3514 2377 3577 admisit,

251 3586 479 3637 Cantent
501 3589 632 3636 iuter
653 3600 702 3637 et
721 3586 952 3636 Bibulum
972 3584 1265 3638 inimicitias.
1352 3584 1451 3633 hoo
1492 3600 1570 3635 res
1615 3596 1761 3650 gesta
1803 3599 1972 3651 postea
2016 3605 2245 3641 excusare
2285 3595 2375 3642 de-

315 3669 367 3717 6.
400 3664 686 3731 Quodfact‘t
707 3665 890 3715 Coesar.
910 3665 1030 3714 Nou
1048 3680 1266 3714 recusare
1351 3663 1491 3713 beut-

258 3746 470 3793 oeCaar
488 3746 647 3807 dixit,
670 3745 932 3808 quominus
950 3759 1005 3792 ca
1030 3759 1141 3807 qum
1158 3760 1261 3808 ges-
1419 3744 1534 3792 vn.
1556 3758 1604 3793 1
1626 3742 1771 3792 Viros
1780 3741 1935 3806 [bt-ees
1946 3761 2131 3794 novem.
2143 3749 2378 3815 Quinque

258 3835 374 3870 εει-ιι
405 3825 458 3870 in
492 3823 754 3871 consulatu
794 3839 823 3870 a
868 3833 1037 3870 senatu
1078 3823 1264 3882 judica·
1350 3831 1540 3870 tantum
1564 3838 1591 3869 a
1620 3823 1864 3886 principio
1889 3823 2071 3872 tribuni
2096 3826 2169 3890 pl.
2187 3829 2379 3879 fuerant
2442 3825 2445 3826 ⁷

258 3913 442 3954 ratur}
477 3901 622 3965 qnod
659 3912 711 3949 et
751 3900 974 3964 Pompeii
997 3911 1049 3949 et
1073 3901 1263 3950 Pisonis
1351 3900 1633 3958 constituti,
1670 3899 1756 3947 sed
1797 3911 1995 3965 postea,
2021 3918 2270 3955 crescente
2301 3925 2378 3957 re-

251 3980 423 4043 opibu-
448 3982 601 4028 ἥττω
627 3980 821 4029 secent.
1350 3976 1579 4043 publicu,
1623 3976 1684 4024 ad
1728 3976 1896 4027 decem
1946 3996 2103 4046 mque
2146 4001 2375 4034 numeru·

321 4076 369 4119 7.
402 4059 691 4108 Violentior.
719 4062 794 4108 De
823 4059 983 4107 diviso
1013 4060 1262 4124 Campam
1350 4072 1520 4107 eorum
1546 4055 1638 4103 fuit
1666 4070 1952 4120 provectus.

250 4149 366 4201 egro
392 4137 635 4187 canaram
669 4149 825 4187 tentat
855 4153 1105 4191 excusare.
1140 4139 1263 4203 Qui·
1424 4151 1472 4185 α.
1505 4136 1703 4183 Servare
1735 4135 1798 4183 de
1828 4137 1969 4186 σοῖο.
2012 4137 2131 4187 Nou
2168 4155 2375 4206 augura

396 4228 484 4296 V.
536 4242 631 4290 eie.
655 4256 765 4301 pars
799 4239 1009 4289 tomacla.
2005 4245 2089 4291 10
