2994 4778
651 397 1038 467 ORATIO
1085 400 1285 470 PRO
1332 404 1412 471 L.
1448 405 1528 479 C.
1573 407 1936 479 BALBO.
2209 413 2352 489 303

224 516 498 589 nullius
545 514 986 590 obsessionis
1015 529 1072 608 ²,
1104 520 1374 593 nullius
1398 522 1666 620 praelii-'⁹
1705 544 2074 628 expertem
2102 533 2341 611 fuisse.

227 632 398 699 Haec
422 641 594 698 sunt
625 628 868 698 omnia
896 652 1124 724 quum
1157 629 1371 728 plena
1390 631 1657 722 laudis,
1684 649 1841 707 tum
1861 644 2152 737 propria
2177 651 2351 722 Cor-

230 735 452 807 nelii:
494 738 743 808 necin
784 736 894 807 his
932 735 1153 808 rebus
1203 740 1474 811 crimen
1523 757 1634 814 est
1673 745 1928 819 ullum.
1966 750 2108 822 Ubi
2148 756 2359 851 igitur
2425 799 2436 806 -

230 860 345 918 est
383 847 768 918 crimem?
818 844 1034 936 Quod
1083 872 1250 919 eum
1293 853 1680 950 Pompeius
1722 856 2005 930 civitate
2048 860 2359 939 donavit.

226 955 754 1054 Hujuscemodi
792 958 1110 1030 crimen?
1136 961 1433 1033 Minime
1465 987 1482 1031 τ
1523 963 1663 1033 nisi
1695 963 1931 1038 honos
1966 969 2361 1067 ignominia

224 1072 558 1169 putanda
601 1086 731 1144 est.
775 1073 999 1167 Cujus
1041 1074 1316 1169 igitur?
1354 1080 1458 1147 Re
1497 1100 1669 1149 vera
1711 1081 2036 1154 nullius:
2079 1091 2360 1162 actione

224 1188 701 1273 accusatoriS‚
741 1186 897 1281 ejus
923 1185 1174 1272 unius,
1203 1188 1331 1284 qui
1359 1187 1675 1261 donavit.
1722 1193 1868 1282 Qui
1904 1199 1963 1266 si
2007 1197 2361 1277 adductus

227 1296 458 1391 gratia
479 1350 500 1379 ‚
553 1296 793 1366 minus
825 1293 1173 1367 idoneum
1214 1294 1586 1370 hominem
1627 1306 1923 1397 praemio
1973 1306 2362 1403 affecisset3

227 1405 358 1502 qui
395 1404 679 1476 etiamsi
723 1406 957 1475 virum
1009 1402 1327 1494 bonum,
1363 1407 1488 1480 sed
1533 1435 1683 1483 non
1717 1413 1815 1485 ita
1857 1419 2236 1511 meritum3
2303 1428 2363 1496 si

224 1512 553 1610 denique
579 1513 848 1611 aliquid
869 1568 888 1601 ‚
927 1513 1125 1611 quod
1163 1540 1313 1587 non
1349 1533 1640 1610 contra,
1669 1548 1755 1595 ac
1785 1524 2066 1618 liceret,
2096 1529 2361 1607 factum

230 1617 633 1712 diceretur,
670 1621 797 1694 sed
841 1637 1129 1711 contra,
1169 1639 1389 1722 atque
1427 1646 1841 1727 oporteret:
1878 1652 2122 1711 tamen
2180 1661 2367 1718 esset

233 1733 474 1805 omnis
511 1731 867 1829 ejusmodi
898 1731 1368 1830 reprehensio
1403 1761 1444 1808 a
1483 1738 1693 1812 vobis
1714 1796 1735 1830 ‚
1779 1745 2094 1840 judices,
2144 1777 2365 1851 repu-

231 1841 521 1915 dianda.
552 1847 762 1915 Nunc
804 1867 979 1914 vero
1015 1841 1192 1939 quid
1224 1837 1588 1918 dicum-⁵?
1618 1852 1797 1948 quid
1826 1857 1925 1928 ait
1948 1866 2363 1936 accusator?

234 1955 515 2026 Fecisse
542 1955 962 2053 Pompeium
982 2007 1002 2040 ‚
1035 1952 1236 2049 quod
1265 1956 1331 2026 ei
1358 1954 1592 2032 facere
1623 1987 1794 2042 ‚non
1817 1964 2135 2041 licuerit?
2163 1974 2361 2070 quod

235 2065 528 2163 gravius
566 2076 710 2148 est,
750 2061 966 2159 quam
1017 2065 1077 2134 si
1119 2063 1192 2133 id
1234 2064 1506 2138 factum
1549 2068 1643 2142 ab
1688 2097 1778 2143 eo
1809 2074 2120 2169 diceret,
2161 2085 2363 2180 quod

233 2199 380 2247 non
405 2173 873 2272 oportuisset.
901 2176 1025 2246 Est
1044 2176 1237 2244 enim
1259 2174 1569 2272 aliquid,
1597 2181 1801 2277 quod
1829 2197 1979 2257 non
2008 2206 2363 2288 oporteat,

236 2284 516 2357 etiamsi
574 2283 741 2356 licet
772 2310 794 2373 3
840 2281 1201 2381 quidquid
1260 2309 1434 2357 vero
1495 2313 1649 2361 non
1706 2290 1907 2383 licet,
1964 2305 2157 2374 c'erte
2206 2329 2361 2376 non

238 2409 548 2494 oportet.
906 2470 909 2477 .

332 2507 454 2575 IV.
494 2504 630 2577 Hic
674 2526 809 2598 ego
845 2526 1044 2573 nunc
1076 2518 1379 2576 cuncter
1426 2508 1529 2579 sic
1573 2531 1788 2609 agere
1804 2567 1824 2600 ‚
1850 2514 2130 2611 judices
2146 2574 2167 2606 ‚
2205 2526 2359 2594 non

231 2638 384 2686 esse
408 2610 518 2684 fas
551 2609 884 2683 dubitare
903 2622 927 2654 ⁸
951 2665 972 2699 ,
1009 2612 1225 2708 quin,
1259 2615 1461 2711 quod
1490 2620 1624 2692 Cn.
1655 2625 2078 2721 Pompeium
2108 2627 2359 2704 fecisse

230 2737 516 2796 constet
539 2776 562 2810 ‚
596 2721 672 2793 id
710 2745 863 2792 non
895 2720 1133 2792 solum
1168 2721 1493 2799 decuisse
1516 2741 1568 2813 ²,
1605 2730 1732 2803 sed
1775 2736 1987 2806 etiam
2026 2736 2357 2814 debuisse

237 2831 640 2907 fateamur?
693 2830 889 2922 Quid
946 2832 1138 2901 enim
1199 2830 1399 2907 abest
1453 2835 1622 2913 huic
1674 2841 1992 2931 homini,
2040 2849 2242 2945 quod
2295 2856 2354 2924 si

232 2946 548 3029 adesset,
559 2945 723 3039 jure
751 2943 894 3018 hoc
920 2943 1144 3017 tribui
1169 2960 1243 3018 et
1258 2951 1559 3024 concedi
1584 2964 2050 3052 putaremus?
2073 2966 2356 3038 Ususne

226 3056 533 3130 rerum?
560 3057 686 3153 qui
710 3057 1032 3155 pueritiae
1058 3069 1345 3154 tempus
1370 3076 1776 3136 extremum
1799 3064 1854 3157 3,
1912 3072 2350 3171 principium

294 3281 348 3316 α.
375 3264 466 3315 ΔΙ.
489 3262 773 3313 obsidionis.
1340 3259 1461 3307 recti
1495 3276 1661 3311 amore
1686 3264 1991 3329 peccaveritg
2029 3284 2163 3320 nuno
2196 3284 2356 3324 antem

290 3347 345 3395 3.
364 3341 552 3393 Praelii.
575 3344 663 3393 MS
682 3341 908 3409 periculi.
1337 3355 1488 3405 quum
1514 3341 1673 3389 virum
1708 3342 1770 3392 de
1803 3346 1991 3410 populo
2022 3364 2147 3400 rom.
2168 3352 2356 3417 optime

294 3433 343 3480 4.
366 3425 467 3471 Ere
483 3422 703 3471 crimen?
724 3421 1122 3471 Luculentissima
1141 3438 1250 3470 ora-
1336 3419 1563 3469 meritum
1590 3420 1785 3471 civitate
1820 3422 2078 3476 donaverit
2094 3463 2109 3488 ,
2146 3429 2267 3494 quid
2291 3432 2353 3481 de

232 3503 360 3551 tione
395 3519 502 3551 rem
529 3513 697 3551 orator
730 3503 963 3568 exponit3
996 3514 1046 3551 et
1080 3503 1251 3567 paucis
1336 3501 1696 3551 accusatoribus
1714 3503 2283 3573 cogitandum‚quidnam
2300 3511 2354 3560 in

231 3582 386 3630 verbis
430 3583 615 3630 factum
644 3580 803 3630 oculis
823 3582 1115 3630 adstantium
1141 3582 1249 3631 sub-
1334 3596 1419 3630 eoa
1443 3591 1518 3630 est
1541 3583 1871 3634 statuendum.

227 3659 329 3720 jieit
345 3697 361 3720 ‚
386 3663 457 3710 ita
482 3671 675 3718 tamen,
706 3670 761 3708 ut
778 3659 1014 3725 probrum
1032 3677 1177 3710 omna
1197 3672 1250 3712 et
1404 3662 1496 3711 lv.
1525 3677 1572 3710 r.
1598 3660 1681 3712 ΔΙ.
1704 3662 1936 3713 dubitari.

231 3738 409 3788 invidia
437 3740 491 3787 in
514 3750 818 3788 accusatores
835 3739 1070 3790 recidant.
1405 3755 1457 3787 a.
1478 3740 1725 3790 nocuisse.
1754 3741 1973 3790 lambiu.
2007 3743 2175 3794 invitia
2212 3745 2352 3795 libris

298 3822 345 3867 5.
373 3819 514 3884 Quid
544 3818 740 3867 dicitur.
776 3821 826 3868 Si
868 3819 1130 3884 Pompeius
1171 3835 1248 3867 er-
1335 3819 1567 3868 omnibus
1593 3820 1801 3883 pessime
1827 3821 2011 3880 edidit,
2038 3822 2247 3875 licuisse.

229 3909 402 3955 auct,
423 3897 469 3945 si
518 3897 768 3946 homiuem
806 3898 966 3947 minua
1014 3898 1247 3946 idoneum
1406 3898 1457 3945 3.
1485 3894 1585 3960 Qui
1606 3896 1833 3959 puericia
1862 3908 2045 3963 tempus
2067 3912 2355 3954 nmmum.

226 3976 511 4042 reipublicae
531 3975 700 4024 studio
724 3986 888 4040 raptus
923 3976 1122 4025 civitate
1149 3975 1242 4026 do·
1334 3977 1482 4025 Anno
1505 3973 1664 4023 nutis
1686 3990 1823 4023 xxm
1853 3986 1951 4025 trea
1975 3976 2191 4042 legiones
2226 3997 2350 4030 con-

229 4065 385 4104 maaet
404 4090 422 4115 ‚
478 4053 744 4117 rejicienda
791 4065 915 4104 esset
968 4055 1245 4116 accusatio,
1334 4053 1529 4118 scripsit
1545 4086 1561 4114 ,
1588 4049 1777 4115 δίψιοι
1795 4054 2038 4103 exercitus
2054 4056 2205 4122 fudit,
2220 4076 2351 4107 exar-

231 4136 411 4201 quippe
457 4146 627 4187 tantus
662 4135 739 4182 vir
782 4133 934 4184 nituio
980 4136 1153 4200 patrio
1198 4147 1248 4185 et
1335 4135 1587 4196 citumque
1608 4129 1843 4181 victorem
1877 4134 1942 4183 ad
1968 4135 2150 4185 Sullam
2173 4136 2352 4200 pardu-
