2994 4778
599 414 740 487 236
1220 417 1316 484 M.
1361 417 1438 483 T.
1494 415 2081 486 CICERONIS

593 538 808 608 missi.
860 534 1173 607 Tandem
1213 536 1482 633 aliquid
1541 537 1978 621 invenimus,
2014 534 2215 634 quod
2267 538 2398 607 ista
2449 536 2712 608 mulier

551 647 682 717 'de
739 670 1036 716 suorum
1079 648 1702 743 propinquorum,
1759 643 2307 718 fortissimorum
2347 648 2713 734 virorum,

592 756 946 826 sententia
972 769 1187 851 atque
1209 756 1634 826 auctoritate
1651 753 1680 798 ³
1715 753 1962 828 secisse
1984 755 2264 827 dicatur
2280 762 2334 825 ⁴.
2363 754 2502 826 Sed
2532 759 2711 827 scire

592 866 845 962 cupio,
903 865 1079 962 quid
1135 864 1394 936 habeat
1442 867 1847 961 argumenti
1894 869 2023 937 ista
2074 869 2594 937 manumissio:
2635 868 2708 936 ἰη

590 999 735 1072 qua
767 991 894 1047 aut
926 977 1196 1047 crimen
1234 991 1340 1047 est
1375 977 1605 1048 Coelio
1628 977 2026 1073 quaesitum,
2056 991 2179 1047 aut
2207 979 2507 1075 quaestio
2537 973 2707 1047 sub-

591 1085 820 1157 levata
840 1082 893 1174 ⁵,
953 1102 1075 1157 aut
1133 1087 1520 1159 multarum
1573 1110 1818 1158 rerum
1875 1088 2174 1157 consciis
2249 1089 2471 1157 servis
2545 1109 2706 1156 cum

591 1196 846 1273 causa⁶
889 1201 1262 1297 praemium
1298 1199 1766 1297 persolutum.
1803 1201 1895 1268 At
1933 1195 2366 1295 propinquis
2416 1196 2702 1294 placuit.

591 1309 742 1376 Cur
767 1330 917 1376 non
947 1305 1258 1403 placeret
1280 1362 1299 1395 ‚
1336 1330 1566 1405 quum
1595 1330 1751 1378 rem
1788 1320 1944 1377 tute
1970 1306 2060 1377 ad
2093 1331 2217 1377 eos
2244 1330 2393 1377 non
2433 1305 2525 1375 ab
2553 1305 2707 1375 aliis

591 1415 720 1486 tibi
744 1417 1058 1506 allatam,
1092 1418 1216 1489 sed
1247 1443 1287 1489 a
1322 1433 1392 1489 te
1416 1418 1567 1515 ipsa
1592 1431 2065 1514 compertam,
2087 1413 2366 1486 deferre
2391 1413 2713 1484 diceres?

586 1527 718 1596 Hic
761 1529 973 1597 etiam
1024 1529 1388 1613 miramur,
1432 1532 1491 1597 si
1527 1524 1721 1597 illam
1766 1526 2329 1596 commentitiam
2366 1523 2708 1620 pyxidem

586 1632 1127 1709 obscoenissima
1154 1639 1244 1705 sit
1273 1634 1557 1707 fabula7
1592 1635 2084 1733 consequuta?
2113 1633 2294 1704 nihil
2323 1648 2465 1717 est,
2507 1634 2710 1730 quod

588 1747 663 1812 in
699 1744 1054 1838 ejusmodi
1092 1745 1460 1816 mulierem
1496 1770 1646 1817 non
1685 1745 1936 1816 cadere
1974 1742 2323 1813 videatur.
2346 1740 2612 1811 Audita
2642 1756 2713 1812 et

586 1852 1075 1948 percelebrata
1134 1854 1590 1926 sermonibus
1639 1878 1753 1925 res
1807 1868 1931 1924 est.
1993 1853 2364 1949 Percipitis
2414 1855 2711 1939 animiS,

580 1961 889 2055 judices»,
923 1964 1387 2059 jamdudum,
1423 1964 1600 2061 quid
1636 1963 1882 2048 velim,
1919 1963 2028 2033 vel
2060 1964 2339 2060 potius»,
2368 1961 2549 2058 quid
2578 1988 2709 2032 no·

586 2070 707 2140 lim
764 2073 1021 2145 dicere.
1079 2074 1298 2164 Quod
1349 2076 1623 2145 etiamsi
1673 2087 1782 2144 est
1824 2072 2128 2170 factum,
2170 2085 2362 2142 certe
2404 2095 2443 2142 a
2477 2072 2704 2142 Coeiio

583 2205 736 2250 non
785 2197 894 2253 est
945 2181 1212 2256 sactum
1255 2212 1271 2255 ε
1325 2183 1504 2281 quid
1553 2185 1743 2256 enim
1791 2182 2182 2255 attinebat?
2229 2196 2339 2253 est
2378 2183 2571 2252 enim
2606 2180 2699 2251 ab

585 2292 830 2391 aliquo
867 2293 1163 2368 fortasse
1199 2296 1691 2382 adolescente,
1731 2319 1882 2366 non
1919 2308 2065 2365 tam
2108 2292 2384 2363 insulso
2410 2346 2430 2379 ‚
2488 2316 2708 2388 quam

585 2429 733 2475 non
767 2408 1199 2478 verecundo.
1235 2411 1358 2477 Sin
1391 2422 1631 2478 autem
1665 2420 1775 2478 est
1807 2403 2095 2491 fictum,
2137 2427 2286 2473 non
2321 2401 2507 2473 illud
2543 2403 2704 2498 qui·

584 2512 749 2585 dem
790 2516 1170 2587 molestum
1193 2513 1250 2606 ⁸,
1293 2517 1417 2588 sed
1469 2533 1706 2588 tamen
1754 2529 1861 2586 est
1898 2539 2050 2585 non
2089 2512 2461 2584 inficetum
2500 2536 2705 2582 men-

582 2622 890 2697 dacium.
940 2628 1155 2718 Quod
1206 2625 1531 2725 profecto
1582 2641 1983 2721 numquam
2037 2623 2420 2694 hominum
2469 2645 2709 2692 sermo

578 2748 795 2831 atque
846 2739 1092 2834 opinio
1154 2736 1737 2834 comprobasset,
1797 2736 1934 2805 nisi
1988 2733 2271 2818 omnia,
2331 2756 2497 2827 quae
2543 2755 2704 2801 cum

578 2845 1028 2940 turpitudine
1064 2846 1300 2940 aliqua
1336 2846 1769 2931 dicerentur,
1800 2846 1876 2912 in
1905 2845 2111 2912 istam
2145 2839 2507 2937 quadrare
2542 2854 2708 2937 apte

578 2952 1013 3025 viderentur.

650 3205 698 3255 3.
727 3207 800 3253 De
809 3204 1216 3272 propinquorum.
1237 3233 1251 3249 .
1270 3196 1595 3247 auctoritate.
1681 3193 1919 3243 sublevari
1943 3214 1967 3235 u·
2021 3191 2280 3249 dicuntur,
2318 3205 2474 3255 quum
2506 3189 2708 3256 propul-

582 3287 705 3333 Cato
722 3286 980 3334 Censorius
1009 3279 1140 3346 apud
1162 3280 1371 3338 Livium,
1390 3276 1478 3325 lib.
1506 3277 1594 3333 lv,
1681 3285 1873 3331 untur,
1926 3272 1994 3320 ita
2029 3269 2236 3336 questio
2272 3285 2529 3317 nervorum
2564 3285 2712 3334 quam

581 3359 718 3410 Dec.-
744 3369 808 3417 4:
839 3385 864 3404 ιι
882 3362 1094 3422 Maiore·
1129 3357 1284 3405 nostri
1319 3354 1501 3404 nnllam
1532 3369 1595 3401 ne
1680 3351 1991 3400 manumissio
2032 3349 2315 3407 removerit,
2354 3349 2605 3397 sublevata
2635 3348 2716 3396 di-

587 3441 823 3505 privatam
867 3439 1062 3503 quidem
1092 3453 1189 3484 rem
1224 3450 1363 3498 agere
1397 3433 1597 3481 feminas
1683 3442 1853 3488 eatur,
1882 3444 2034 3493 quum
2061 3444 2163 3476 eum
2201 3426 2399 3492 quidem
2438 3429 2570 3476 nervi
2599 3444 2720 3494 per·

581 3520 686 3566 sine
711 3527 909 3564 auctore
935 3515 1218 3569 voluer-unu
1245 3513 1296 3558 in
1322 3525 1469 3557 manu
1493 3524 1596 3556 ense
1684 3507 1949 3557 timuerint.

579 3603 832 3663 parentum
850 3630 865 3654 ‚
908 3603 1097 3658 patrum
1114 3626 1129 3650 ,
1165 3587 1380 3636 virorum
1399 3622 1414 3645 ‚
1452 3596 1549 3633 etc.
1570 3608 1595 3628 a
1752 3590 1801 3636 6.
1830 3588 1945 3636 Cum
1968 3600 2133 3633 causa.
2157 3583 2215 3631 Id
2237 3595 2334 3647 eet,
2358 3583 2528 3649 specie
2551 3600 2729 3633 servo—

577 3675 750 3724 Cicero
771 3688 862 3738 pro
879 3672 1083 3719 Murena
1104 3683 1117 3717 τ
1140 3690 1166 3709 ιι
1182 3665 1411 3714 Mulieres
1428 3681 1595 3712 omnes
1681 3681 1788 3715 rum
1808 3662 2143 3713 remunerandi
2159 3660 2326 3710 fidem.

577 3764 778 3819 propter
812 3748 1136 3799 infirmitatem
1164 3744 1355 3793 consilii
1389 3744 1594 3805 majora
1754 3759 1803 3807 7.
1836 3741 2195 3792 Obscoenissbna
2211 3738 2483 3804 siefabula.
2508 3742 2735 3805 eogno-

576 3834 631 3881 in
650 3842 868 3879 tutorum
894 3835 1131 3894 potestate
1149 3840 1250 3874 esee
1272 3824 1531 3873 voluerunt
1550 3845 1593 3874 ιι.
1680 3837 1812 3872 κατ
1824 3837 1926 3869 nou
1947 3819 2104 3879 datur,
2122 3834 2231 3884 qua
2249 3817 2406 3866 fabula
2428 3820 2521 3866 ieta
2543 3819 2735 3881 fuerit,

650 3920 698 3968 4.
718 3911 938 3959 Dicatur.
964 3905 1041 3956 Al.
1057 3906 1304 3955 videatur.
1321 3905 1467 3964 Male,
1483 3919 1594 3952 nam
1681 3919 1855 3966 nempe
1871 3903 2045 3952 Cicero
2064 3899 2323 3947 verborum
2341 3898 2729 3963 turpitudinem

582 4005 693 4040 cum
712 4005 763 4038 re
783 4004 884 4038 nou
905 3986 1142 4051 congruit.
1684 3982 1876 4030 vitavit.

651 4069 699 4117 5.
735 4070 839 4117 Aut
864 4065 1067 4132 quaeste'o
1093 4065 1353 4113 sublevata.
1381 4062 1462 4112 Al.
1488 4062 1596 4109 sub-
1755 4062 1808 4110 8.
1843 4061 1922 4109 Sic
1962 4058 2136 4124 optimi
2174 4054 2320 4104 codd.
2360 4055 2492 4103 oum
2539 4059 2739 4106 mode-

575 4151 697 4201 Iaea.
711 4153 808 4199 Pro
822 4150 1027 4197 Murena
1040 4181 1055 4206 ,
1071 4125 1317 4210 «pericula
1330 4143 1583 4190 hominum
1685 4150 1833 4194 scum,
1858 4136 1992 4201 quod
2016 4136 2210 4184 Lallem.
2230 4136 2495 4184 revocavit.
2513 4137 2551 4184 J
2554 4136 2649 4185 .V.
2668 4140 2736 4186 Ι...
