2994 4778
645 479 1026 547 ORATIO
1074 480 1286 549 PRO
1338 473 1427 567 Q.
1478 480 1931 548 LIGARIO.
2208 477 2334 551 581

208 601 340 668 ciae
395 597 934 695 praefecissem.
973 603 1228 696 Itaque
1270 602 1355 688 Q.
1392 602 1751 696 LigariuS,
1800 626 2028 697 quum
2070 603 2193 673 diu
2231 629 2346 675 re-

212 732 480 780 cusans
516 709 691 780 nihil
734 707 1185 807 profecisset,
1238 711 1685 808 provinciam
1721 713 1997 809 accepit
2030 713 2299 783 invitus
2333 741 2350 782 z

215 823 336 890 cui
374 820 480 890 sic
532 817 819 917 praefuit
861 821 938 890 in
985 844 1195 916 pace,
1234 835 1317 891 ut
1354 834 1430 891 et
1466 819 1776 905 civibus,
1837 836 1909 892 et
1952 822 2160 892 sociis
2200 848 2353 920 gra-

219 929 491 1001 tissima
525 945 711 1003 esset
748 931 898 1026 ejus
934 933 1306 1028 integritas
1345 944 1418 1001 et
1451 928 1653 1002 fides,

314 1039 593 1111 Bellum
651 1039 895 1112 subito
945 1042 1239 1128 exarsit3
1277 1038 1515 1137 quod,
1555 1042 1682 1137 qui
1725 1054 1927 1111 erant
1968 1045 2038 1112 in
2080 1040 2311 1113 Africa
2337 1098 2355 1129 ‚

219 1164 390 1221 ante
429 1150 815 1223 audierunt
840 1156 1021 1248 geri,
1053 1177 1274 1247 quam
1303 1152 1554 1249 parari.
1587 1155 1754 1242 Quo
1783 1150 2062 1236 audim,
2093 1156 2354 1249 partim

220 1259 620 1357 cupiditate
649 1260 1175 1332 inconsiderata
1194 1316 1213 1348 ,
1237 1264 1496 1360 partim
1526 1285 1713 1332 caeco
1733 1260 2051 1356 quodam
2072 1264 2355 1346 timore,

220 1372 465 1468 primo
507 1370 790 1458 salutis,
846 1386 1011 1469 post
1053 1373 1267 1443 etiam
1313 1371 1529 1443 studii
1586 1373 1699 1441 sui
1750 1370 2172 1468 quaerebant
2228 1372 2354 1442 ali-

221 1505 450 1576 quem
471 1478 800 1552 ducem&
821 1507 838 1550 ε
859 1506 1091 1577 quum
1108 1482 1429 1578 Ligarius
1454 1480 1756 1552 domum
1785 1493 2151 1577 spectan3‚
2169 1496 2242 1552 et
2270 1478 2359 1550 ad

221 1613 399 1661 suos
438 1588 670 1661 redire
706 1595 1046 1688 cupiens,
1092 1591 1294 1661 nullo
1332 1615 1407 1661 se
1454 1592 1805 1689 implicari
1856 1591 2150 1686 negotio
2196 1614 2358 1689 pas·

222 1724 346 1771 sus
377 1715 504 1770 est.
535 1703 833 1771 Interim
862 1705 935 1771 P.
969 1703 1206 1772 Attius
1236 1705 1577 1787 vax-usu,
1605 1701 1735 1796 qui
1770 1713 2029 1796 praetor
2056 1697 2359 1771 Africam

223 1810 646 1883 obtinuerat
668 1865 688 1898 ‚
726 1813 1003 1883 Uticam
1043 1814 1239 1883 venit
1279 1841 1293 1883 z
1329 1811 1417 1882 ad
1453 1835 1619 1882 eum
1655 1814 1891 1881 statim
1923 1834 2358 1882 concursum

223 1934 356 1991 est.
399 1923 631 2017 Atque
663 1919 783 1991 ille
815 1946 967 1992 non
1007 1921 1352 1993 mediocri
1383 1920 1771 2019 cupiditate
1799 1923 2098 2017 arripuit
2135 1924 2363 2017 impe·

222 2033 419 2100 rium
439 2024 525 2115 ¹⁸,
561 2031 618 2101 si
652 2028 832 2101 illud
869 2034 1252 2130 imperium
1283 2056 1434 2102 esse
1462 2035 1741 2128 potuit,
1777 2030 1975 2127 quod
2011 2028 2098 2100 ad
2129 2032 2364 2127 priva-

224 2155 388 2211 tum
443 2139 757 2211 clamore
823 2140 1308 2212 multitudinis
1366 2141 1752 2238 imperitae,
1806 2137 2011 2208 nullo
2071 2136 2364 2236 publico

226 2252 531 2323 consilio
558 2262 622 2312 ¹⁹
687 2249 1165 2323 deferebatur.
1233 2256 1484 2348 Itaque
1546 2251 1904 2347 Ligarius,
1966 2251 2095 2343 qui
2148 2272 2365 2319 omne

227 2361 373 2433 tale
435 2362 807 2461 negotium
868 2379 1168 2461 cuperet
1233 2359 1593 2459 effugere,
1661 2356 1986 2458 paullum
2054 2357 2362 2430 adventu

226 2474 400 2544 Vari
432 2473 874 2569 conquievit.

328 2585 417 2651 ll.
455 2581 743 2667 Adhuc,
768 2585 846 2652 C.
872 2585 1125 2669 Caesar,
1154 2586 1245 2672 Q.
1275 2583 1603 2679 Ligarius
1630 2581 1830 2651 omni
1855 2579 2102 2676 culpa·
2140 2593 2359 2649 vacat.

227 2694 474 2763 Domo
504 2707 611 2764 est
647 2716 973 2790 egressus
1006 2718 1155 2764 non
1188 2692 1406 2764 modo
1444 2690 1728 2762 nullum
1765 2688 1851 2759 ad
1895 2687 2203 2774 bellum,
2240 2686 2365 2758 sed

231 2828 329 2874 ne
366 2800 457 2872 ad
496 2804 867 2872 minimam
915 2803 1206 2899 quidem
1251 2805 1735 2900 suspicionem
1776 2799 1993 2871 belli²
2034 2824 2050 2868 z
2094 2798 2367 2897 legatus

232 2915 310 2983 in
350 2936 527 3010 pace
564 2910 963 3010 profectus,
1002 2918 1076 2984 in
1114 2914 1480 3011 provincia
1514 2912 1957 3010 pacatissima
1984 2911 2080 2979 ita
2116 2933 2191 2980 se
2216 2932 2368 3004 ges·

312 3104 394 3154 15.
448 3102 769 3169 prefecisset.
810 3105 1135 3154 Prooonmle·
1151 3139 1167 3161 ,
1214 3105 1257 3152 εἰ

229 3195 496 3247 autequam
522 3183 707 3233 veniret
731 3199 901 3233 eorum
931 3200 1207 3244 successor,
1229 3200 1257 3231 e

1346 3103 1738 3153 administrandae
1755 3104 1933 3150 Africa
1955 3110 2241 3165 potestatem
2264 3100 2369 3146 vin·

1346 3184 1545 3232 die-vit.

229 3262 490 3328 provincie
512 3261 803 3312 decederent
819 3296 834 3321 ,
858 3275 1150 3327 quantun-em
1171 3273 1256 3311 ent

231 3358 389 3390 unum
414 3357 443 3389 e
469 3341 635 3405 legetis
657 3358 769 3390 cum
790 3342 996 3407 imperio
1019 3343 1260 3407 relinque·

231 3421 376 3469 bant.

314 3500 396 3549 ιδ.
425 3497 583 3548 &adii
619 3498 700 3547 sui
733 3500 1019 3563 qua-rebant
1044 3500 1260 3564 aliquem

232 3580 427 3627 ducem.
465 3578 523 3624 In
558 3579 844 3642 Pompeium
870 3578 1083 3635 seilicet,
1116 3579 1261 3642 qnia,

234 3659 374 3705 victo
414 3657 508 3705 Cn.
538 3657 787 3713 Domitio,
828 3672 903 3703 res
934 3658 1109 3705 Africae
1142 3658 1261 3706 olim

234 3747 593 3800 composuerat.

318 3832 396 3877 ν).
427 3820 488 3865 Ρ.
514 3816 671 3865 Ateius
690 3820 863 3867 Varus.
890 3815 1055 3864 Attius
1073 3818 1261 3874 Varus,

235 3909 346 3945 tnm
361 3895 596 3958 privatus,
606 3896 791 3943 amissis
803 3895 904 3943 onie
921 3894 984 3942 ad
998 3894 1259 3942 Auximum

238 3974 528 4029 cohortibus
548 4009 564 4031 ,
600 3974 712 4037 fuge
755 3975 808 4021 in
844 3974 1060 4023 Africam
1099 3976 1260 4030 venit,

238 4068 446 4117 eamque
466 4054 756 4119 occup-viu
788 4070 933 4117 qnam
958 4057 1128 4118 paucis
1152 4064 1264 4102 ante

241 4135 383 4184 annis
399 4143 582 4198 prator
598 4132 895 4181 obtinuerat.

325 4214 399 4261 18.
444 4210 663 4275 Arripuit
702 4211 968 4277 imperium.
1011 4212 1113 4260 Sibi
1141 4215 1265 4260 enim

1423 3277 1504 3323 ¹9·
1526 3259 1728 3308 Publice
1751 3258 1972 3307 consilio.
2004 3258 2219 3321 Ligerim
2240 3259 2368 3305 enim

1348 3338 1562 3387 Arde-m
1585 3354 1647 3386 ex
1668 3335 2087 3386 senatusconsulto
2110 3336 2368 3400 regendam

1345 3418 1604 3476 habuerat,
1632 3416 1718 3464 sed
1743 3416 1928 3464 tardius
1947 3416 2082 3464 venit
2097 3451 2112 3473 ‚
2137 3430 2247 3463 nem
2268 3418 2370 3464 Ve-

1346 3514 1430 3546 rus
1446 3514 1554 3545 eam
1571 3497 1663 3545 snb
1682 3496 1870 3544 ditione
1888 3494 2084 3543 tenebut
2101 3511 2202 3545 ene.

1420 3581 1483 3625 11.
1534 3594 1575 3626 1.
1617 3575 1770 3640 Culpa
1796 3584 1965 3622 exacue.
2001 3573 2139 3621 Nihil
2170 3575 2213 3622 ei
2252 3573 2372 3621 vitio
2467 3596 2472 3601 ²

1349 3657 1470 3704 verti
1496 3666 1686 3721 potest,
1713 3670 1864 3719 quum
1897 3663 1948 3701 et
1980 3654 2032 3700 in
2067 3654 2372 3717 provinciam

1349 3736 1482 3785 nulla
1522 3735 1636 3783 belli
1675 3734 1954 3797 suspicione
1997 3733 2140 3780 iverit
2156 3767 2169 3787 ‚
2203 3742 2254 3779 et
2294 3746 2371 3778 re·

1328 3813 1580 3881 ,manserit
1595 3814 1806 3870 invitum
1828 3821 1878 3859 et
1899 3825 2050 3875 quum
2071 3810 2172 3857 dux
2194 3825 2375 3873 qnaere·

1350 3904 1500 3950 retur,
1521 3892 1658 3939 nulio
1677 3903 1896 3939 setemen
1916 3889 2154 3953 implicari
2171 3891 2372 3953 negotio

1351 3974 1413 4019 uit
1435 3987 1619 4035 pessus.

1425 4067 1453 4097 ἰ
1465 4086 1475 4096 .
1491 4049 1573 4095 Sic
1585 4049 1792 4111 Quintil.
1808 4050 1898 4105 lv,
1914 4065 1965 4105 2,
1983 4062 1999 4093 ι
2018 4063 2076 4093 ω
2088 4064 2102 4105 ;
2116 4048 2202 4110 qni
2216 4057 2373 4095 temen

1354 4131 1526 4189 habet,
1561 4132 1648 4187 IV,
1678 4146 1704 4175 α
1728 4165 1743 4187 ,
1776 4131 1863 4186 5ι,
1892 4126 2006 4174 betti
2028 4126 2369 4193 suspicionem.

1356 4212 1385 4259 J
1393 4247 1403 4257 .
1421 4211 1487 4257 V.
1514 4210 1569 4256 1..
