2994 4778
253 499 680 522 mm
690 497 2380 523 mmmmmmmmmw

752 727 1854 834 ARGUMENTUM.

243 977 586 1036 Ptolemaeus
601 1017 618 1046 ‚
649 973 885 1052 AEgypti
911 992 1046 1045 rex,
1068 973 1171 1050 qui
1195 972 1431 1031 Auletes
1456 971 1647 1031 dietus
1673 985 1810 1045 est,
1832 992 2012 1051 regno
2034 972 2108 1031 ab
2131 975 2376 1035 Alexan-

318 1073 504 1131 drinis
522 1113 539 1144 ‚
583 1070 823 1128 nimiam
872 1081 1118 1148 propter
1160 1068 1491 1140 avaritiam,
1518 1068 1718 1146 pulsus
1748 1068 1956 1127 suerat.
2006 1069 2151 1143 Qui,
2195 1090 2375 1149 quum

317 1169 482 1227 exsul
515 1173 758 1226 Romam
786 1167 1063 1238 venisset,
1098 1166 1401 1244 AEgyptios
1432 1165 1685 1243 graviter
1711 1165 1868 1242 apud
1905 1179 2168 1225 senatum
2199 1187 2376 1227 accu-

314 1267 496 1337 savit,
537 1256 1018 1343 impetravitque,
1053 1276 1118 1321 ut
1149 1282 1183 1321 a
1216 1262 1453 1320 consule
1486 1267 1550 1320 P.
1578 1264 1829 1321 Lentulo
1857 1263 1917 1320 in
1944 1284 2185 1340 regnum
2212 1267 2376 1325 resti-

314 1375 601 1421 tueretur.
657 1360 831 1435 Quod
875 1360 978 1419 ubi
1016 1358 1427 1418 Alexandrinis
1467 1360 1824 1432 nuntiatum,
1871 1360 2092 1437 legatos
2131 1366 2374 1421 Romam

310 1458 633 1527 miserunt,
669 1458 771 1535 qui
805 1475 1066 1528 causam,
1094 1475 1203 1513 cur
1244 1456 1585 1514 Ptolemaeus
1633 1456 1823 1514 fuerat
1867 1457 2014 1514 solio
2065 1459 2368 1536 expulsus,

311 1565 720 1613 memorarent.
750 1558 873 1613 Hos
898 1571 1037 1611 vero
1066 1553 1411 1612 Ptolemaeus
1432 1552 1645 1630 partim
1664 1552 2094 1612 interficiendos
2116 1555 2345 1614 curavit
2360 1615 2376 1642 ‚

314 1652 527 1730 partim
556 1650 802 1730 pecunia
829 1649 1107 1727 corrupit.
1147 1654 1281 1721 Quo
1309 1648 1384 1707 de
1415 1649 1657 1707 crimine
1686 1668 1866 1726 quum
1895 1663 2192 1710 accusatus
2222 1650 2370 1709 fuis-

313 1761 428 1820 set,
472 1768 511 1807 a
554 1752 622 1807 C.
659 1746 900 1811 Rabirio
952 1752 1232 1805 Postumo
1277 1747 1581 1826 pecuniam
1640 1759 1934 1805 mutuatus
1970 1761 2083 1819 est,
2125 1768 2372 1825 quacum

306 1844 533 1921 judices
577 1845 839 1920 corrupit
863 1885 880 1914 ,
927 1860 1275 1920 poenamque
1322 1842 1431 1901 hac
1487 1842 1712 1900 ratione
1756 1843 1978 1921 effugit.
2055 1844 2372 1921 Aliquanto

314 1954 449 2019 post
489 1939 739 1998 consulti
779 1951 915 1997 sunt
960 1957 1160 1997 versus
1190 1936 1490 2025 Sibyllini,
1521 1937 1734 2015 quibus
1772 1939 1853 1997 ita
1890 1940 2168 2019 scriptum
2207 1954 2374 1999 erat:

312 2066 336 2091 ιι
356 2041 448 2097 Ne
494 2057 596 2095 rex
636 2037 871 2115 AEgypti
910 2055 1043 2095 cum
1075 2036 1446 2095 multitudine
1482 2035 1896 2097 reduceretur»
1926 2059 1940 2092 ε
1980 2036 2371 2117 abrogataque

309 2147 445 2192 sunt
471 2152 601 2210 quae
629 2132 702 2190 de
736 2151 871 2211 rege
902 2130 1314 2189 Alexandriam
1350 2130 1687 2191 reducendo
1729 2132 1959 2189 fuerant
1993 2130 2200 2192 edicta.
2232 2137 2373 2193 Pto-

311 2226 542 2290 lemaeus
572 2248 715 2288 vero
750 2227 824 2286 ad
852 2226 1194 2298 Gabinium,
1221 2229 1323 2304 qui
1346 2228 1576 2304 Syriam
1605 2246 1737 2285 cum
1769 2228 2028 2287 exercitu
2053 2228 2373 2308 imperator

315 2326 648 2399 obtinebat,
679 2324 960 2404 confugit,
984 2336 1044 2382 et
1074 2323 1274 2382 decem
1302 2325 1549 2392 millium
1577 2325 1924 2382 talentorum
1956 2326 2372 2404 pollicitatione

315 2411 556 2483 adduxit
571 2465 589 2494 ,
627 2435 691 2480 ut
714 2422 778 2479 in
806 2440 1047 2498 regnum
1071 2419 1395 2478 reduceret.
1438 2419 1698 2479 Aderant
1720 2419 1804 2478 ibi
1829 2423 2094 2481 nonnulli
2120 2424 2369 2501 equites,

311 2521 413 2599 qui
444 2539 641 2598 regem
678 2519 739 2576 in
777 2517 1021 2593 patriam
1054 2517 1397 2590 redeuntem
1427 2518 1770 2596 prosequuti
1808 2530 1946 2576 sunt
1973 2540 1988 2575 ε
2035 2539 2184 2596 quos
2219 2521 2370 2580 inter

311 2615 583 2676 Rabirius
627 2621 962 2684 Postumus;
1012 2626 1170 2671 ratus
1211 2613 1461 2681 scilicet,
1514 2632 1575 2672 se
1615 2611 1783 2672 brevi
1806 2657 1823 2686 ,
1879 2634 2014 2693 rege
2067 2616 2368 2684 restituto,

311 2710 734 2771 commodatam
767 2709 1073 2788 pecuniam
1107 2712 1512 2787 accepturum:
1543 2709 1634 2768 his
1649 2709 1989 2787 juvantibus
2015 2710 2367 2771 Alexandria

314 2828 417 2865 rex
459 2806 680 2885 potitus
723 2817 846 2876 est,
888 2817 946 2862 et
975 2802 1279 2862 Rabirium
1314 2804 1596 2863 dioeceten
1636 2806 1888 2877 creavit,
1933 2805 2239 2883 aerariique
2269 2828 2369 2866 cu-

312 2924 438 2962 ram
482 2903 784 2962 commisit.
824 2906 1020 2975 Quum
1069 2921 1210 2959 vero
1253 2901 1528 2960 Rabirius
1570 2902 1686 2960 hoc
1726 2922 1966 2961 munere
2002 2904 2367 2982 fungeretur,

317 3000 521 3078 pallio,
564 2998 726 3077 quod
778 3011 904 3056 erat
937 3015 1185 3076 graecum
1226 2998 1664 3067 vestimentum,
1715 3019 1851 3058 usus
1890 3013 2008 3072 est,
2045 3019 2166 3077 quo
2210 3001 2364 3061 sacto

316 3115 566 3154 romanae
593 3095 840 3154 civitatis
859 3094 969 3153 sibi
990 3096 1087 3172 jus
1112 3094 1418 3152 imminuit.
1443 3099 1588 3152 Mox
1615 3096 1923 3172 pecuniam
1952 3096 2026 3154 ad
2051 3095 2362 3155 Gabinium

314 3194 655 3252 solvendum
681 3193 1059 3252 necessariam
1083 3193 1299 3271 coegit,
1321 3204 1496 3270 atque
1519 3192 1693 3270 hujus
1713 3196 1973 3270 pecuniae
1996 3206 2219 3272 partem
2241 3195 2365 3273 ipse

313 3291 554 3369 accepit.
578 3289 858 3350 Gabinius
879 3309 1049 3361 vero,
1084 3289 1177 3348 his
1210 3288 1476 3348 omnibus
1503 3289 1780 3367 peractis,
1817 3294 2062 3348 Romam
2100 3309 2364 3352 reversus

311 3401 424 3460 est,
453 3386 652 3465 ibique
676 3387 802 3464 lege
822 3391 855 3445 J
859 3387 975 3444 ulia
994 3385 1447 3464 repetundarum
1471 3398 1798 3458 accusatus,
1827 3386 1996 3445 facile
2018 3387 2366 3447 condemna·

312 3496 402 3542 tus
429 3483 561 3541 suit.
591 3481 705 3543 Sed
748 3502 855 3540 nec
892 3481 1116 3560 praedes
1153 3481 1344 3554 dedit,
1385 3501 1574 3559 neque
1613 3502 1683 3540 ex
1723 3482 1903 3560 ipsius
1938 3480 2107 3542 bonis
2145 3499 2364 3544 tantum

310 3580 574 3658 pecuniae
614 3579 803 3656 potuit
838 3578 1066 3655 colligi,
1104 3592 1388 3656 quantum
1426 3599 1538 3657 pro
1573 3580 1672 3639 lite
1701 3580 1979 3639 aestimata
2006 3581 2233 3640 solvere
2258 3603 2366 3640 ne-

309 3696 468 3736 cesse
492 3687 633 3735 erat.
668 3680 871 3753 ltaque
897 3675 1156 3733 secundo
1190 3675 1332 3752 legis
1361 3676 1532 3734 Juliae
1566 3676 1758 3755 capite
1789 3691 2089 3736 accusatus
2124 3690 2211 3736 est
2245 3682 2363 3735 Ra-

311 3773 525 3832 birius:
551 3771 665 3830 hoc
686 3773 838 3830 enim
867 3771 1203 3842 cavebatur,
1236 3786 1301 3830 ut
1325 3772 1483 3849 quod
1521 3792 1555 3829 a
1596 3772 1980 3831 condemnato
2009 3772 2212 3831 haberi
2246 3793 2363 3831 non

311 3881 609 3947 potuerat,
638 3867 699 3926 id
740 3867 816 3927 ab
861 3888 932 3926 eo
971 3868 1328 3946 exigeretur,
1381 3866 1668 3956 affinem
1709 3881 2057 3945 pervenerat
2095 3871 2361 3947 pecunia.

314 3970 499 4025 Causa
525 3966 703 4044 igitur
722 3966 821 4024 illa
845 3978 1135 4043 tamquam
1168 3963 1553 4043 appendicula
1581 3962 1654 4021 ad
1682 3964 1917 4023 Gabinii
1945 3984 2174 4023 eausam
2203 3985 2364 4024 acce.

317 4061 418 4120 dit.
441 4066 591 4122 Nam
619 4064 668 4120 si
700 4060 960 4121 debitum
986 4061 1252 4121 solvisset
1273 4059 1587 4131 Gabinius,
1611 4061 1774 4120 nullo
1799 4059 1975 4119 modo
2003 4062 2062 4118 in
2084 4061 2364 4140 judicium

320 4171 553 4216 vocatus
578 4157 780 4216 fuisset
804 4156 1096 4216 Rabirius.
1121 4157 1373 4215 Plurima
1396 4173 1537 4214 vero
1564 4156 1941 4213 accusationis
1964 4155 2156 4233 capita
2178 4157 2361 4214 fuere:
