2994 4778
630 396 770 485 234
1271 399 1371 467 M.
1420 399 1500 466 T.
1546 396 2100 467 CICERONIS

722 523 1042 593 XXVIII.
1097 521 1360 610 Quaero
1400 520 1593 592 enim
1621 572 1641 603 ,
1698 543 1829 590 cur
1874 518 2227 588 Licinium
2269 515 2748 605 titubantem,

628 632 1070 701 haesitantem
1098 682 1117 717 ,
1171 628 1587 723 cedentem,
1626 626 1875 724 sugere
1931 641 2351 715 conantem,
2411 626 2746 697 muliera·

622 742 771 811 ria¹
822 763 1078 813 manus
1126 739 1260 809 ista
1300 736 1391 808 de
1427 736 1764 807 manibus
1797 737 2145 823 emiserit;
2187 759 2317 805 cur
2362 759 2516 804 non
2560 760 2748 805 com·

621 848 1181 948 prehenderint3
1226 870 1353 917 cur
1378 870 1531 916 non
1563 847 1788 943 ipsius
1814 842 2266 915 confessione
2286 896 2307 928 ,
2342 842 2746 913 multorum

621 959 885 1043 oculis,
930 955 1266 1028 facinoris
1311 954 1629 1053 denique
1661 979 1879 1041 voce,
1925 955 2104 1025 tanti
2152 952 2440 1025 sceleris
2473 957 2745 1024 crimen
2844 1010 2847 1013 .

619 1065 1151 1164 expresserint?
1203 1089 1294 1135 an
1350 1062 1739 1149 timebant,
1801 1088 1893 1135 ne
1954 1077 2067 1134 tot
2111 1086 2383 1149 unum,
2430 1062 2748 1133 valentes

619 1175 1057 1248 imbecillum
1085 1229 1105 1263 ,
1160 1173 1416 1249 alacres
1470 1174 1932 1272 perterritum
1986 1196 2324 1270 superare
2379 1196 2535 1242 non
2576 1196 2745 1269 pos-

616 1286 826 1356 sent?
2308 1348 2315 1359 ,

713 1393 1006 1467 Nullum
1036 1407 1541 1491 argumentum
1570 1393 1640 1463 in
1676 1417 1752 1464 re
1773 1446 1793 1479 ,
1821 1387 2020 1462 nulla
2048 1392 2361 1489 suspicio
2386 1392 2465 1460 in
2492 1413 2705 1461 causa
2724 1444 2744 1477 ,

565 1567 572 1571 ,
616 1502 861 1577 nullus
913 1505 1145 1575 exitus
1202 1504 1519 1574 criminis
1575 1505 1955 1598 reperitur.
2007 1507 2263 1597 Itaque
2311 1500 2465 1576 haec
2500 1524 2745 1586 causa,

619 1613 712 1685 ab
766 1614 1204 1710 argumentis
1229 1665 1248 1698 ‚
1288 1637 1330 1691 a
1379 1614 1829 1707 conjectura,
1889 1609 1981 1685 ah
2035 1612 2121 1680 iis
2173 1612 2430 1706 signis,
2474 1609 2745 1706 quibus

616 1726 876 1794 veritas
939 1722 1278 1792 illustrari
1336 1721 1557 1806 solet,
1624 1719 1712 1790 ad
1772 1733 1987 1796 testes
2045 1732 2194 1790 tota
2245 1718 2574 1789 traducta
2615 1732 2739 1789 est.

616 1833 818 1920 Quos
873 1830 1165 1929 quidem
1231 1854 1365 1928 ego
1420 1843 1675 1917 testes,
1731 1829 2042 1923 judices,
2098 1853 2251 1899 non
2310 1827 2535 1899 modo
2587 1829 2743 1899 sine

618 1940 769 2011 ullo
826 1945 1130 2029 timore,
1184 1941 1307 2012 sed
1361 1941 1577 2011 etiam
1635 1963 1802 2017 cum
1862 1937 2101 2034 aliqua
2151 1964 2278 2036 spe
2324 1938 2741 2011 delectatio-

615 2051 726 2119 nis
779 2065 1137 2148 exspecto.
1192 2049 1553 2145 Praegestit
1606 2048 1887 2117 animus
1925 2048 2069 2141 jam
2109 2048 2387 2133 videre,
2428 2052 2736 2144 primum

615 2157 846 2231 lautos
869 2163 1170 2255 juvenes
1189 2170 1244 2247 ²,
1275 2158 1589 2229 mulieris
1614 2153 1888 2228 beatae³
1918 2181 2000 2228 ac
2023 2155 2288 2229 nobilis
2322 2155 2734 2243 familiares;

618 2267 881 2341 deinde
919 2268 1140 2341 fortes
1176 2272 1399 2356 viros,
1452 2264 1544 2337 ab
1592 2267 2043 2363 imperatrice
2084 2268 2161 2336 in
2209 2265 2484 2336 insidiis
2522 2279 2738 2362 atque

616 2382 693 2449 in
734 2379 1063 2476 praesidio
1105 2378 1524 2451 balnearum
1564 2375 1878 2447 locatos:
1918 2400 2006 2446 ex
2041 2375 2308 2474 quibus
2336 2376 2739 2472 requiram,

614 2514 930 2585 quonam
978 2489 1196 2560 modo
1239 2488 1618 2571 latuerint,
1652 2500 1776 2562 aut
1805 2485 1977 2575 ubi;
2014 2484 2407 2558 alveusne4
2441 2485 2606 2573 ille,
2647 2510 2737 2564 an
2790 2515 2794 2517 ’

1715 2705 1898 2756 ergoet
1920 2696 2252 2760 probosesse,
2278 2693 2555 2760 quaesimul
2576 2710 2737 2742 ueces-

1717 2774 1842 2820 ssrio
1864 2775 2011 2822 ferme
2033 2774 2141 2823 fieri
2158 2774 2315 2822 solent
2331 2808 2347 2834 ,
2365 2771 2505 2821 volet
2524 2773 2735 2837 quidem.

614 2697 756 2746 etism
787 2697 840 2746 in
867 2698 1078 2747 theatris.
1113 2698 1279 2747 Aula·
1306 2712 1458 2760 quum
1484 2708 1628 2742 seem

614 2789 739 2825 esset
775 2788 937 2840 aperta
973 2777 1110 2824 humi
1141 2775 1395 2836 jacebant,
1433 2785 1481 2820 et
1518 2781 1629 2819 actu

613 2851 756 2902 finito
778 2855 1086 2902 tollebantur.
1114 2852 1304 2902 Phadr.
1331 2850 1426 2899 fab.
1459 2867 1513 2912 7,
1540 2850 1628 2899 lib.

614 2933 680 2989 V,
695 2931 755 2979 de
768 2933 987 2996 principe
1000 2931 1198 2980 tibicine
1215 2946 1228 2979 :
1243 2953 1269 2972 οι
1278 2930 1452 2979 Aulaeo
1464 2931 1630 2985 misso,

617 3010 860 3059 devolutis
890 3009 1152 3059 tonitribus
1182 3009 1266 3058 Dii
1296 3019 1408 3058 suut
1439 3008 1631 3073 loquuti

615 3106 750 3138 more
769 3089 1054 3139 transl-titio
1071 3110 1113 3135 n.

681 3171 924 3230 xxym.
975 3186 1019 3217 ι.
1060 3165 1373 3218 Mulier-aria.
1419 3165 1480 3214 Id
1524 3175 1596 3214 est
1612 3201 1629 3229 ,

614 3246 804 3295 feminis
824 3248 1006 3297 dedite.

595 3314 601 3324 ⁸
686 3339 736 3374 α.
763 3329 948 3374 Lamos
965 3327 1180 3391 juvenes.
1205 3327 1268 3373 Et
1294 3325 1454 3374 lautos
1476 3334 1527 3373 et
1548 3325 1632 3385 ju-

614 3418 760 3450 venes
785 3405 998 3468 appellat
1031 3415 1087 3451 ut
1110 3419 1282 3467 porum
1312 3403 1501 3466 pudicae
1527 3418 1630 3450 mu·

615 3480 746 3528 lieris
792 3480 1032 3529 describat
1074 3482 1374 3529 comitatum.
1424 3480 1633 3542 Pingues

615 3576 729 3608 saue
755 3570 805 3607 et
834 3559 980 3607 nitidi
1002 3569 1137 3606 cnut
1158 3559 1282 3606 bene
1310 3568 1473 3605 curata
1492 3569 1628 3616 cute,

615 3638 803 3702 quippe
844 3638 930 3701 qui
969 3637 1147 3685 mensis
1190 3634 1377 3684 Clodia
1416 3635 1630 3684 mulieris

613 3717 856 3781 opulenta
876 3718 1016 3777 juxte
1040 3727 1088 3763 et
1113 3714 1386 3763 luxuriosae'
1401 3715 1629 3763 comissa-

613 3796 832 3844 tionibus
849 3806 898 3843 et
914 3793 1154 3843 conviviis
1170 3795 1365 3843 assueti.
1512 3799 1520 3808 “

686 3876 736 3924 3.
782 3874 1003 3924 Mulieris
1045 3874 1217 3923 beaeoe.
1255 3873 1443 3921 Notum
1486 3883 1562 3921 est
1602 3888 1631 3922 ι

612 3954 795 4002 Groecis
827 3948 1010 4010 ὀλῧίὸυς
1037 3964 1086 4001 et
1112 3946 1398 4019 ιύὃαίμονας
1425 3951 1631 4010 divites,

614 4052 643 4083 a
671 4033 851 4082 Latinis
876 4033 1044 4081 beatos
1070 4031 1345 4090 nominari,
1373 4031 1461 4080 sed
1486 4047 1630 4094 quam

619 4114 740 4162 malo
759 4147 775 4173 ,
823 4113 959 4162 Plato
1004 4111 1343 4159 demonstrat:
1390 4132 1416 4153 ιι
1452 4110 1633 4159 Felices

1716 2852 1906 2900 Divites
1921 2864 2083 2901 sutem
2103 2852 2266 2911 valde,
2291 2852 2537 2914 simulque
2554 2851 2736 2916 probos

1716 2945 1818 2977 esse
1834 2964 1848 2989 ,
1875 2931 2189 2994 impossibile.
2214 2931 2341 2979 Dico
2357 2942 2525 2979 sutem
2545 2931 2732 2988 divites,

1716 3019 1773 3056 ut
1806 3009 1949 3057 multi
1993 3010 2269 3057 existimant
2283 3042 2298 3065 ,
2337 3020 2607 3058 amantes
2649 3026 2739 3057 eos

1718 3104 1820 3137 esse
1845 3088 2044 3145 divites,
2068 3089 2154 3152 qui
2181 3088 2325 3151 pauci
2347 3103 2375 3135 e
2399 3087 2571 3135 multis
2591 3104 2736 3153 pecu·

1718 3169 1821 3215 nias
1856 3168 2087 3230 plurimas
2119 3166 2372 3230 possident
2388 3201 2404 3225 ,
2439 3183 2562 3230 quas
2593 3168 2734 3215 etism

1719 3258 1883 3311 posset
1899 3246 2051 3294 malus
2068 3245 2275 3309 quilibet
2293 3245 2561 3309 possidere.
2588 3244 2743 3308 Quod

1718 3328 1760 3373 si
1777 3327 1845 3374 ita
1867 3335 1962 3383 est,
1982 3340 2243 3388 numquam
2263 3340 2355 3388 ego
2376 3323 2454 3371 bis
2471 3324 2746 3372 concedam

1719 3403 1916 3453 divitem
1939 3419 2101 3451 revers
2120 3420 2222 3451 esse
2245 3401 2461 3460 felicem,
2480 3404 2579 3451 nisi
2596 3404 2751 3452 etism

1717 3484 1876 3532 bonus
1905 3483 1999 3539 sit3
2025 3480 2132 3529 fleri
2170 3497 2286 3529 vero
2323 3496 2425 3528 uon
2458 3493 2656 3546 potest,
2684 3496 2757 3532 nt

1717 3562 1898 3610 divitiis
1924 3561 2097 3624 aliquis
2114 3570 2337 3624 praestet,
2353 3565 2403 3608 et
2431 3561 2680 3624 probitate
2700 3585 2760 3611 ι.

1716 3644 1791 3690 De
1814 3640 2051 3704 Legibus,
2077 3638 2164 3686 lib.
2183 3641 2249 3701 V,
2280 3650 2330 3686 et
2353 3639 2492 3688 alibi.
2519 3642 2600 3688 Sic
2626 3642 2764 3689 Ari·

1717 3718 1912 3768 stoteles
1937 3730 1986 3765 et
2012 3717 2130 3765 boni
2155 3718 2339 3781 quique
2362 3717 2654 3810 philosophi
2688 3722 2770 3770 de

1718 3797 1901 3845 divitiis
1918 3805 2222 3844 censuerunt.
2248 3796 2343 3844 Sed
2362 3796 2498 3861 vulgi
2526 3797 2773 3849 deliran-

1718 3878 1780 3924 tis
1801 3875 1970 3939 opinio
1988 3873 2131 3938 longe
2150 3884 2221 3926 est
2237 3874 2345 3922 alia.

1789 3962 1838 4010 4.
1860 3954 2118 4001 Alvemne.
2144 3953 2343 4002 Scilicet
2357 3954 2527 4002 alveus
2544 3954 2776 4007 balna-

1719 4050 1824 4080 rum
1841 4042 2071 4095 angustus
2087 4042 2135 4079 et
2149 4031 2403 4090 humidus,
2420 4049 2524 4096 quo
2545 4033 2779 4088 deseen-

1719 4113 1832 4162 dere
1858 4113 1980 4162 nudi
2011 4111 2265 4171 solebant,
2291 4128 2403 4160 eum
2438 4111 2777 4177 lepidisnme
