2994 4778
499 460 521 475 .
614 417 985 485 ORATIO
1034 418 1229 485 PRO
1278 420 1356 485 T.
1403 419 1482 486 A.
1534 418 1971 486 MILONE.
2210 404 2349 509 519⁸

227 538 411 607 civis
440 551 513 607 et
550 536 680 604 viri
707 534 925 606 fidem
973 560 1121 606 non
1162 518 1567 621 faciebam,
1612 551 1721 620 ut,
1757 561 1845 608 eo
1883 552 2192 621 tacente,
2235 563 2349 608 res

234 650 399 744 ipsa
432 647 867 743 loqueretur.
1094 716 1103 727 ,

336 761 555 827 XXV.
595 757 854 826 Omnia
883 752 1090 842 falsa,
1127 772 1342 854 atque
1373 756 1751 828 insidiose¹
1789 756 1954 828 ficta
1987 773 2351 853 comperta

231 880 431 937 sunt.
470 863 687 955 Quod
724 868 779 935 si
826 880 1065 937 tamen
1101 869 1448 937 metuitur
1471 868 1681 937 etiam
1722 891 1915 937 nunc
1956 867 2162 952 Milo,
2206 892 2350 936 non

233 976 384 1046 hoc
425 978 560 1069 jam
599 974 1024 1068 Clodianum
1076 980 1347 1048 crimen
1399 980 1767 1065 timemus,
1805 975 1929 1048 sed
1985 991 2174 1063 tuas,
2222 981 2348 1047 Cn.

234 1089 533 1182 Pompei
583 1085 697 1180 (te
732 1085 923 1155 enim
974 1084 1116 1179 jam
1162 1084 1493 1183 appello²
1547 1111 1627 1156 ea
1671 1111 1889 1172 voce,
1941 1101 2022 1156 ut
2075 1110 2191 1157 me
2237 1110 2358 1159 au-

235 1195 399 1265 dire
419 1192 447 1236 ³
478 1193 747 1291 possis)
782 1207 974 1279 tuaS,
1007 1208 1196 1279 tuaS,
1227 1195 1520 1291 inquam
1541 1248 1559 1276 ,
1590 1196 2031 1293 suspiciones
2055 1194 2358 1292 perhon-

238 1302 659 1376 rescimus⁴.
718 1305 789 1375 Si
852 1304 1195 1374 Milonem
1261 1306 1503 1392 times,
1557 1307 1612 1376 si
1665 1306 1859 1376 hunc
1901 1304 1991 1375 de
2044 1294 2164 1375 tu'a
2218 1307 2361 1376 vita

238 1414 514 1487 nefarie
570 1428 694 1485 aut
749 1437 944 1485 nunc
998 1417 1357 1510 cogitare,
1405 1431 1529 1486 aut
1585 1416 1912 1485 molitum
1974 1415 2362 1511 aliquando

241 1523 519 1620 aliquid
561 1537 804 1620 putas;
836 1526 893 1592 si
928 1523 1143 1593 ltaliae
1177 1523 1493 1595 delectus
1516 1578 1536 1612 ,
1563 1539 1644 1593 ut
1692 1525 2018 1596 nonnulli
2058 1527 2363 1620 conqui-

240 1637 504 1703 sitores
555 1621 705 1701 tui5
770 1630 1127 1716 dictitant,
1195 1634 1253 1702 si
1307 1633 1456 1704 haec
1515 1658 1708 1704 arma
1730 1631 1786 1720 ⁶,
1842 1635 1901 1705 si
1953 1635 2367 1730 Capitolinae

243 1740 618 1826 cohorteS,
663 1743 719 1809 si
766 1739 1123 1828 excubiae,
1174 1743 1231 1811 si
1261 1743 1552 1839 vigiliae,
1593 1745 1649 1812 si
1688 1741 1962 1815 delecta
1993 1746 2364 1839 juventus,

242 1874 413 1946 quae
442 1864 645 1919 tuum
675 1872 936 1946 corpus
961 1849 1407 1946 domumque
1435 1853 1780 1938 custodit,
1813 1868 2060 1923 contra
2085 1852 2370 1923 Milonis

242 1962 603 2057 impetum
631 1973 899 2029 armata
935 1973 1076 2044 est,
1112 1973 1327 2054 atque
1370 1960 1488 2032 illa
1524 1963 1765 2032 omnia
1800 1962 1874 2029 iri
1915 1960 2109 2031 hunc
2143 1986 2366 2031 unum

243 2070 617 2152 instituta,
660 2083 935 2166 parata,
993 2069 1267 2139 intenta
1316 2085 1529 2157 sunt3
1583 2094 1841 2165 magna
1886 2070 1959 2138 in
2001 2069 2142 2138 hoc
2178 2085 2374 2142 certe

248 2182 359 2281 vis
422 2176 975 2250 (tt-incredibilis
1025 2181 1342 2266 animus,
1376 2195 1459 2251 *et
1511 2204 1659 2251 non
1705 2184 1922 2249 unius
1974 2180 2145 2248 viri7
2188 2182 2374 2250 vires

246 2303 473 2384 atque
518 2311 693 2384 opes
743 2286 1175 2385 indicantur,
1220 2289 1278 2358 si
1324 2290 1620 2385 quidem
1667 2291 1739 2357 in
1791 2289 1989 2360 hunc
2035 2290 2260 2360 unum
2302 2304 2373 2360 et

248 2398 878 2497 praestantissimus
907 2398 1051 2469 dux
1071 2398 1374 2487 eleonis,
1403 2416 1476 2472 et
1502 2416 1656 2472 tota
1678 2399 2082 2497 respublica
2108 2416 2371 2504 armate

329 2577 356 2607 2
370 2577 389 2608 x
403 2596 418 2609 .
449 2560 611 2608 Fidem
626 2559 869 2624 faciebat.
894 2560 1009 2607 Non
1033 2557 1273 2607 efficiebat

249 2641 357 2688 vita
395 2638 598 2687 Milonis
635 2649 689 2686 ut
725 2639 900 2700 iniuste
927 2641 1139 2686 accusari
1168 2653 1275 2686 cre-

250 2721 469 2767 deretur.

329 2797 497 2846 XXV.
526 2812 546 2843 ι
562 2832 576 2845 .
598 2798 786 2844 Ernest.
807 2795 1009 2855 conjicit
1026 2794 1274 2844 invidiose.

250 2880 309 2928 J.
328 2879 391 2924 V.
419 2877 471 2923 1..
564 2881 567 2884 '

334 2971 380 3002 α.
407 2956 517 3001 Iam
543 2953 752 3018 appello.
786 2952 1043 3017 Pompeius
1067 2953 1193 3000 enim
1222 2953 1274 3001 in

252 3037 373 3084 soro
422 3046 587 3097 septus
645 3033 825 3081 delecta
880 3049 1024 3080 manu
1067 3033 1273 3081 militum

253 3113 561 3163 consederat.

333 3195 381 3239 3.
410 3190 626 3238 lambin.
653 3189 822 3237 meluit
844 3190 1111 3246 exaudire,
1138 3187 1276 3253 quod

253 3274 377 3322 Ern.
394 3269 833 3328 lsndsvit,Weisk.
855 3270 1049 3334 recepit.
1072 3271 1194 3319 J.V.
1217 3271 1274 3318 L.

332 3360 383 3408 4.
408 3350 708 3414 Suspiciones
724 3347 1140 3412 perhorrescimus.
1164 3347 1278 3395 Nou

255 3430 445 3479 caedem
466 3429 625 3477 Clodii
653 3428 877 3476 timemus
892 3461 906 3484 ,
945 3443 1054 3474 nam
1072 3427 1183 3486 jure
1208 3438 1279 3475 est

255 3520 534 3575 perpetratu
550 3523 566 3568 ς
585 3506 670 3555 sed
689 3519 794 3554 tuas
811 3505 1131 3570 suspiciones,
1148 3522 1276 3569 quae,

251 3588 497 3650 judicium
524 3585 953 3634 extraordinarium
981 3595 1033 3631 nt
1058 3583 1281 3632 decerne-

258 3684 337 3715 res
353 3701 369 3724 ,
396 3667 646 3730 impulere.
671 3666 876 3714 Primam
897 3665 1021 3711 hanc
1048 3665 1280 3712 orationis

258 3759 447 3811 partem
485 3745 738 3793 concludit
768 3745 940 3795 Cicero
976 3746 1279 3808 peroratione

256 3826 471 3890 quadam
490 3860 503 3884 ‚
527 3841 621 3888 qua
643 3825 873 3890 Pompeio
899 3823 1147 3886 probatur,
1172 3840 1279 3870 eum

256 3905 408 3952 citius
435 3903 710 3951 rumoribus
735 3902 941 3967 publicis
969 3901 1114 3948 fuisse
1143 3900 1282 3949 terri·

259 3997 386 4033 tum.
431 3984 547 4031 Non
584 3998 695 4030 sane
728 3983 986 4045 Pompeius
1021 3980 1111 4027 hac
1150 3981 1203 4026 in
1232 3996 1282 4027 re

263 4069 443 4113 {ortem
462 4080 519 4110 sc
531 4063 714 4124 justum
738 4078 786 4107 se
804 4071 1007 4125 gesserat
1026 4074 1042 4119 ;
1070 4057 1153 4107 sed
1173 4075 1281 4112 orae

266 4156 348 4193 tor
383 4142 685 4207 suspiciones
725 4140 900 4198 diluit,
939 4148 1011 4186 tot
1057 4150 1104 4185 et
1143 4135 1286 4185 tantis

1360 2563 1584 2610 amicitias
1624 2571 1670 2609 et
1710 2561 2048 2609 benivolentia·
2090 2562 2266 2625 signis,
2311 2560 2374 2608 ita

1361 2642 1586 2690 laudibus
1627 2641 2008 2710 vituperationes
2048 2641 2251 2697 condit,
2293 2650 2377 2696 ut,

1360 2737 1511 2785 quum
1528 2735 1717 2768 causam
1736 2735 1870 2766 susm
1888 2719 1987 2781 agit
1998 2753 2013 2773 ,
2027 2734 2217 2765 omnem
2238 2719 2379 2764 Pom·

1359 2802 1473 2864 peio
1519 2798 1756 2846 inscendi
1808 2798 2053 2845 materiam
2109 2796 2344 2859 subripiat
2364 2829 2378 2851 ,

1359 2889 1410 2925 et
1451 2893 1561 2924 eum
1599 2876 1812 2941 propriis
1854 2875 2124 2924 commodis
2166 2875 2258 2921 sibi
2299 2874 2379 2920 de-

1360 2956 1557 3004 vinciat.
1599 2956 1683 3002 Est
1719 2955 1856 3002 locus
1897 2953 1977 3001 ille
2020 2971 2079 3000 eo
2115 2953 2378 3000 mirabilius

1362 3035 1660 3097 compositus
1683 3045 1732 3081 et
1754 3032 2006 3080 ordinatus
2023 3067 2038 3091 ,
2057 3031 2191 3095 qnod
2215 3041 2379 3094 aperte

1361 3123 1552 3170 orator,
1592 3111 1726 3169 odis,
1775 3127 1884 3175 qnae
1929 3110 2215 3175 Pompeium
2257 3111 2382 3158 inter

1362 3202 1412 3238 et
1445 3192 1681 3240 Caesarem
1715 3205 1960 3250 exarsere,
1996 3188 2257 3253 pmvidet,
2285 3188 2380 3236 hoc

1365 3282 1581 3333 tempore
1617 3284 1716 3330 quo
1751 3269 1879 3316 inter
1910 3283 1963 3314 se
2001 3267 2380 3329 conjunctissimi

1367 3348 1672 3395 videbantur.

1441 3427 1491 3474 5.
1518 3423 1876 3490 conquisitores
1895 3423 1980 3471 eui.
2003 3424 2082 3471 Sic
2103 3423 2386 3472 dicebantur

1368 3507 1452 3569 qui
1486 3503 1771 3568 colligendis
1802 3502 2064 3562 militibus,
2097 3513 2144 3550 et
2174 3502 2382 3551 delectui

1367 3584 1593 3633 babendo
1615 3595 1747 3632 erant
1768 3581 2034 3647 pra-positi.

1440 3662 1488 3710 6.
1529 3665 1645 3710 Hoec
1671 3677 1829 3708 arma.
1871 3664 1911 3708 A
1938 3661 2173 3724 Pompeio
2201 3661 2251 3707 in
2274 3660 2386 3706 foro

1367 3742 1626 3790 collocata.
1655 3765 1727 3778 —-
1756 3735 2042 3804 Capitolium
2066 3737 2298 3786 cohortes.
2329 3739 2387 3800 In

1366 3837 1477 3867 arce
1517 3818 1790 3882 Capitolina
1828 3818 1889 3865 nd
1927 3818 2060 3865 urbis
2110 3814 2387 3878 praesidium

1369 3899 1638 3946 collocatas.

1444 3993 1491 4036 7.
1515 3977 1624 4022 Non
1644 3974 1782 4023 nevius
1799 3974 1911 4023 viri.
1930 3975 2107 4023 Animo
2127 3984 2213 4022 tuo
2229 3972 2390 4037 fingis,

1373 4072 1471 4103 non
1492 4066 1661 4102 contra
1681 4054 1912 4101 Milonem
1929 4071 2076 4101 unum
2090 4090 2106 4113 ,
2123 4053 2204 4099 sed
2219 4062 2388 4100 contra

1374 4133 1600 4183 menites
1617 4134 1718 4193 ejus
1743 4150 1837 4179 reis
1862 4149 1962 4180 esse
1981 4131 2263 4179 habendam.
