2994 4778
737 418 1119 487 ORATIO
1169 417 1370 485 PRO
1419 420 1493 485 P.
1546 418 1934 488 SEXTIO.
2255 420 2376 487 toi

286 536 656 609 clarissimo
684 535 944 635 [atque
965 537 1243 634 optimo
1274 534 1644 634 consule]‚
1665 551 1736 607 et
1761 536 2008 609 ordine
2037 541 2386 637 equestri,

288 646 462 738 cujus
485 644 614 716 ille
638 645 917 716 ordinis
949 669 1215 715 nomen
1240 646 1504 717 retinet
1521 699 1540 733 ‚
1559 662 1978 718 ornamenta
1998 659 2022 704 ⁷
2045 647 2389 736 confecit;

283 754 344 824 id
374 760 505 828 erit
540 756 948 854 populare?
987 761 1113 827 Est
1137 758 1327 827 enim
1358 757 1582 828 homo
1618 760 1753 829 iste
1786 758 2062 855 populo
2087 784 2389 831 romano

274 863 573 937 deditus.
599 864 802 938 Nihil
831 864 977 935 vidi
1002 868 1223 962 magis
1243 893 1261 954 3
1285 867 1447 962 qui,
1470 890 1698 961 quum
1727 866 1882 961 ejus
1918 864 2393 940 adolescentia

268 978 338 1045 in
372 976 839 1074 amplissimis
869 974 1270 1047 honoribus
1297 978 1557 1046 summi
1582 976 1752 1061 viri,
1784 981 1859 1047 L.
1889 974 2273 1073 Philippi⁸‚
2298 979 2396 1048 vi-

269 1085 459 1168 trici,
501 1084 771 1155 florere
803 1087 1199 1182 potuisset,
1235 1109 1467 1182 usque
1503 1110 1590 1156 eo
1631 1110 1784 1156 non
1820 1082 1956 1155 fuit
1994 1085 2397 1183 populariS,

271 1210 349 1265 ut
377 1194 587 1265 bona
603 1194 800 1264 solus
817 1208 1183 1265 comesset.
1208 1193 1486 1266 Deinde
1512 1219 1601 1264 ex
1627 1196 1912 1292 impuro
1947 1193 2400 1268 adolescente

274 1321 343 1377 et
396 1304 817 1402 petulante,
862 1318 1329 1401 posteaquam
1380 1329 1534 1376 rem
1576 1320 1949 1402 paternam
1996 1305 2087 1377 ab
2144 1305 2399 1378 idiota·

277 1423 493 1483 rum⁹
544 1413 808 1484 divitiis
858 1411 951 1483 ad
999 1411 1601 1510 philosophorum
1657 1413 1974 1509 regulam
2021 1413 2402 1511 perduxit,

279 1524 776 1596 Graeculum¹⁰
823 1545 900 1594 se
952 1536 1166 1619 atque
1209 1524 1521 1593 otiosum
1562 1527 1798 1619 putari
1839 1523 2100 1605 voluit,
2158 1525 2402 1597 studio

278 1634 650 1705 literarum
699 1657 775 1706 se
815 1631 1056 1705 subito
1099 1631 1398 1703 dedidit.
1442 1632 1638 1705 Nihil
1678 1657 1848 1704 saue
1893 1638 2075 1704 Attae
2103 1643 2156 1679 ¹¹
2193 1635 2402 1730 juva-

279 1743 473 1814 bant.
517 1746 944 1838 Anagnostae
966 1752 1052 1829 ¹²,
1089 1740 1310 1813 libelli
1344 1743 1555 1812 etiam
1596 1766 1731 1839 pro
1769 1744 1938 1812 vino
1969 1767 2157 1841 saepe
2193 1748 2405 1843 oppi-

282 1853 794 1950 gnerabantur.
835 1851 1173 1924 Manebat
1208 1850 1670 1922 insaturabile
1710 1851 2072 1924 abdomen
2095 1907 2115 1939 ‚
2186 1859 2407 1952 copiae

281 1960 743 2034 deficiebant.
790 1968 1043 2058 Itaque
1088 1985 1373 2057 semper
1411 1958 1830 2032 versabatur
1873 1963 1950 2032 in
1993 1987 2121 2060 spe
2164 1988 2406 2036 rerum

281 2099 683 2160 novarum3
742 2074 893 2144 otio
960 2087 1032 2143 et
1100 2071 1609 2169 tranquillitate
1666 2071 2077 2170 reipublicae
2151 2099 2405 2147 conse-

281 2182 650 2257 nescebat.
2366 2200 2371 2207 ·

378 2299 530 2366 LII.
583 2296 842 2392 Ecqua?
878 2292 1171 2365 seditio¹
1222 2316 1563 2389 umquam
1600 2291 1768 2374 fuit,
1807 2293 1881 2361 in
1916 2316 2061 2389 qua
2099 2318 2248 2363 non
2285 2293 2406 2365 ille

293 2405 665 2505 princeps?
722 2407 931 2501 ecqui
984 2404 1360 2475 seditiosus
1391 2458 1411 2490 ,
1454 2407 1572 2476 cui
1633 2403 1749 2474 ille
1800 2428 1949 2473 non
1988 2402 2410 2475 familiaris?

295 2540 531 2612 ecquae
579 2513 1005 2586 turbulenta
1048 2518 1343 2601 concio,
1381 2514 1586 2608 cujus
1620 2513 1739 2583 ille
1775 2537 1925 2582 non
1965 2516 2413 2584 concitator?

294 2626 407 2697 cui
430 2625 618 2697 bene
650 2624 827 2696 dixit
853 2647 1196 2719 umquam
1222 2622 1463 2694 bono?
1487 2624 1674 2693 bene
1692 2621 1908 2692 dixit?
1930 2622 2175 2710 immo,
2191 2646 2409 2719 quem

286 2820 395 2852 cum
422 2805 519 2853 Cn.
539 2802 750 2850 Lentulo
776 2801 979 2858 consul,
1000 2816 1110 2847 cum
1135 2799 1305 2848 eodem
1392 2800 1570 2864 quibus
1595 2799 1765 2847 Cicero
1790 2798 2113 2862 philosophos
2148 2798 2229 2846 hic
2251 2814 2410 2864 oppo-

288 2882 714 2939 eensorfuiuetin
734 2896 932 2928 censura
948 2881 1005 2929 C.
1021 2879 1308 2935 Antonium,
1392 2882 1502 2939 nit;
1533 2879 1668 2943 quod
1699 2879 1752 2925 hi
1786 2894 1812 2925 a
1852 2877 2071 2926 doctrina
2103 2878 2322 2926 instructi
2355 2897 2413 2928 sc

285 2964 371 3025 qni
404 2972 577 3025 postea
603 2961 906 3009 consulatum
933 2975 1043 3007 cnm
1073 2958 1308 3007 Cicerone
1396 2958 1649 3023 temperati
1688 2958 1981 3021 exquisitum
2018 2958 2266 3021 quoddam
2300 2959 2415 3008 vitm

288 3043 434 3102 gessit
459 3072 476 3097 ,
523 3052 690 3087 senatu
740 3042 907 3088 movit.
962 3038 1097 3086 Idem
1146 3037 1310 3084 deberi
1398 3054 1547 3101 genus
1572 3047 1792 3085 accurate
1812 3047 2018 3086 servant.

288 3117 526 3167 Goetoni
559 3133 780 3165 eoronam
818 3118 1021 3165 civicam
1054 3117 1108 3165 in
1143 3126 1311 3162 senatu
1474 3131 1552 3163 ιο.
1607 3114 1898 3162 Groeculum.
1947 3117 2227 3163 Graecarum
2258 3114 2418 3163 liten-

290 3197 451 3255 dixit,
478 3197 614 3261 quod
639 3200 737 3258 eju·
768 3214 915 3262 opera
941 3196 1160 3247 Catilinae
1188 3210 1312 3242 con·
1399 3210 1507 3241 rum
1530 3204 1578 3240 et
1605 3192 1718 3239 ideo
1742 3193 1952 3238 scientie
1971 3190 2263 3239 studiosum.
2362 3203 2366 3213 ¹

286 3277 473 3338 juratio
491 3276 725 3340 patefacta
743 3288 866 3324 esset
880 3310 896 3334 ,
921 3292 977 3323 sc
997 3290 1241 3339 oppressa.
1476 3286 1500 3318 1
1514 3287 1558 3319 ι.
1587 3270 1731 3317 V'srie
1758 3279 1969 3317 tentatus
1993 3269 2132 3318 locus
2149 3307 2165 3333 ,
2196 3279 2244 3319 et
2263 3269 2423 3321 adhue

362 3371 411 3416 7.
464 3357 766 3402 ornamenta
802 3352 1026 3418 confecit.
1073 3351 1315 3415 Quadi-in·
1403 3350 1694 3412 subjudice.
1721 3351 1769 3398 J.
1791 3352 1854 3398 V.
1879 3350 1933 3397 1..

294 3444 433 3497 gnta
459 3433 651 3481 scilieet
672 3431 819 3479 minis
841 3446 1151 3479 nummorum
1172 3445 1185 3477 ε
1214 3428 1320 3475 hec
1481 3446 1541 3479 ω
1572 3433 1892 3495 Anagnostoe.
1912 3430 2156 3478 Lectores.
2180 3430 2279 3478 Eos
2298 3427 2428 3477 euim

295 3515 420 3561 euim
447 3513 514 3561 ad
538 3525 809 3576 equestrem
837 3510 1115 3574 dignitatem
1143 3524 1320 3556 ormn-
1405 3526 1571 3559 servos
1589 3525 1746 3574 greco
1764 3509 1961 3557 nomine
1982 3520 2268 3572 anagnostes
2292 3510 2433 3557 dice·

298 3592 403 3640 dan
424 3592 697 3640 mensas-ia
721 3600 872 3638 erant.
1407 3590 1549 3648 bant,
1577 3604 1785 3653 quorum
1807 3604 1953 3654 opera
1980 3587 2034 3636 in
2057 3587 2274 3652 legendis
2290 3587 2431 3637 libris

364 3674 411 3720 8.
444 3674 502 3719 L.
522 3669 756 3734 Philippi.
779 3667 1004 3716 Hominis
1021 3664 1319 3729 eloquentis·
1405 3679 1671 3717 merentur.

305 3750 427 3812 sini,
452 3750 515 3797 de
543 3752 721 3814 quoin
746 3747 874 3796 libro
899 3747 959 3794 de
984 3746 1123 3793 elaris
1143 3748 1322 3793 Orato—
1476 3751 1585 3796 LII.
1610 3763 1657 3796 ι.
1673 3749 1851 3810 chuoe
1879 3743 2051 3792 seditio
2073 3742 2349 3809 eamq.su1‘e,
2381 3745 2432 3793 in

309 3829 452 3889 ribus,
471 3831 523 3876 in
544 3830 694 3877 tertio
708 3828 771 3875 de
790 3828 1019 3883 Oratore,
1036 3825 1087 3871 in
1105 3825 1323 3872 oratione
1409 3843 1509 3891 qua
1549 3843 1647 3874 non
1680 3826 1762 3873 me
1780 3824 2023 3888 princeps.
2065 3823 2272 3871 Necesse
2303 3825 2431 3871 enim

313 3923 396 3971 pto
413 3908 638 3972 Quintio.
1410 3915 1541 3963 erat,
1566 3916 1622 3952 ut
1646 3905 1857 3961 Gellius,
1876 3904 1961 3966 qui
1987 3902 2113 3949 bona
2137 3904 2296 3949 omnis
2319 3918 2434 3966 pes-

378 4002 425 4048 9.
452 3988 750 4036 Idiocarum.
778 3987 1046 4033 Hominum
1073 3984 1324 4048 imperito·
1411 3983 1742 4041 sumdederat‚
1774 3981 2037 4030 seditiones
2073 3983 2286 4038 foves-eu
2319 3996 2430 4027 mm

306 4081 434 4125 rum,
481 4067 572 4131 qui
604 4068 856 4131 vulgarem
900 4062 1184 4128 quamdam,
1222 4065 1326 4112 sine
1413 4062 1529 4111 inde
1560 4062 1680 4110 nihil
1718 4061 1852 4124 quod
1891 4062 2156 4117 amitteret,
2193 4070 2242 4106 et
2282 4057 2435 4118 :1111th⁴

307 4146 478 4206 nodo,
517 4146 722 4195 vivendi
760 4145 995 4193 tationem
1024 4154 1288 4206 sequuntur
1311 4159 1326 4192 ι
1413 4157 1523 4206 qua
1548 4141 1695 4190 furari
1712 4150 1903 4206 posset,
1926 4139 2150 4188 habebat.
