2994 4778
695 436 829 483 222
1330 415 1427 481 M.
1476 417 1553 481 Τ.
1606 419 2171 492 CICERONIS

690 554 842 605 esse
877 553 1026 602 non
1059 528 1327 603 debuit.
1362 531 1560 603 Vidit
1594 534 1736 607 hoc
1765 537 2024 611 Balbus
2054 569 2070 610 ε
2107 542 2401 614 celatam
2440 570 2597 619 esse
2632 550 2811 621 Clo·

686 638 873 738 diam
911 636 1121 725 dixit,
1169 652 1384 736 atque
1428 642 1526 712 ita
1566 645 1871 743 Coelium
1908 647 1997 719 ad
2045 651 2238 721 illam
2285 655 2690 744 attulisse9,
2735 684 2809 730 se

682 747 772 822 ad
816 762 1145 820 ornatum
1193 748 1528 820 ludorum
1576 776 1831 846 aurum
1881 782 2218 850 quaerere.
2269 763 2340 832 Si
2385 776 2525 833 tam
2584 765 2809 837 fami-

680 858 871 932 liaris
919 871 1068 929 erat
1112 857 1405 944 Clodiae,
1462 869 1679 955 quam
1734 876 1813 933 tu
1861 889 2013 937 esse
2053 870 2193 955 vis,
2239 894 2468 966 quum
2503 871 2597 944 de
2638 874 2805 947 libi·

679 966 849 1038 dine
884 969 1039 1062 ejus
1084 981 1225 1038 tam
1268 968 1492 1038 multa
1529 967 1740 1059 dicis,
1776 972 1951 1045 dixit
1992 977 2418 1073 prosecto¹⁰‚
2455 1007 2605 1078 quo
2643 986 2805 1056 vel·

679 1076 779 1150 let
813 1099 1092 1147 aurum.
1130 1076 1202 1145 Si
1241 1090 1381 1146 tam
1423 1075 1782 1154 familiaris
1815 1108 1968 1155 non
2002 1102 2192 1176 erat,
2230 1114 2385 1161 non
2419 1092 2641 1163 dedit.
2689 1099 2801 1166 Ita

678 1184 739 1254 si
778 1208 1030 1254 verum
1079 1182 1207 1254 tibi
1231 1192 1288 1227 ¹¹
1338 1186 1606 1259 Coelius
1651 1189 1870 1279 dixit,
1906 1218 1953 1264 o
1995 1197 2464 1271 immoderata
2501 1203 2801 1290 mulier,

678 1293 907 1366 sciens
944 1307 1026 1364 tu
1068 1315 1319 1365 aurum
1360 1295 1445 1365 ad
1487 1295 1759 1371 facinus
1799 1300 2090 1393 dedisti3
2126 1308 2186 1378 si
2231 1333 2379 1379 non
2418 1325 2526 1382 eat
2568 1337 2797 1386 ausus

675 1400 947 1486 dicere,
988 1427 1141 1473 non
1174 1402 1447 1475 dedisti.

770 1513 997 1582 XXII.
1059 1512 1254 1600 Quid
1309 1537 1443 1609 ego
1493 1528 1733 1589 nunc¹
1774 1528 2210 1617 argumentis
2251 1526 2419 1598 huic
2453 1531 2788 1617 crimini,

672 1646 832 1719 quae
892 1635 1061 1693 sunt
1116 1621 1697 1713 innumerabilia,
1745 1633 2110 1705 resistam?
2159 1639 2455 1707 Possum
2500 1639 2745 1711 dicere
2767 1695 2790 1726 ‚

672 1751 907 1800 mores
943 1733 1038 1800 Μ.
1078 1730 1321 1800 Coelii²
1364 1731 1770 1829 longissime
1805 1765 1846 1811 a
1885 1745 2060 1813 tanti
2091 1745 2377 1817 sceleris
2403 1751 2784 1821 atrocitate

674 1863 824 1912 esse
890 1836 1323 1932 disjunctos;
1374 1845 1666 1922 minime
1720 1873 1874 1920 esse
1929 1852 2370 1926 credendum
2391 1852 2445 1943 ³,
2497 1856 2783 1929 homini

673 1963 817 2020 tam
846 1949 1252 2045 ingeniose,
1287 1965 1582 2048 tamque
1613 1957 1952 2052 prudenti
1974 1987 2126 2033 non
2154 1969 2428 2037 venisse
2464 1968 2540 2037 in
2576 1994 2781 2040 men-

669 2127 837 2175 domus
853 2124 1104 2190 popularis
1120 2162 1135 2188 ,
1160 2124 1375 2176 ministra
1390 2146 1409 2184 ,·
1432 2140 1519 2178 tua
1537 2131 1674 2180 deni-

665 2221 758 2268 que
783 2203 1031 2268 liospimlis
1053 2204 1140 2252 illa
1168 2207 1345 2254 Venus.
1373 2208 1492 2255 Haec
1515 2210 1674 2257 omnia

666 2300 775 2332 cum
809 2282 993 2347 probro
1024 2282 1182 2342 dicta;
1216 2301 1329 2332 nam
1356 2289 1410 2335 in
1442 2288 1672 2348 muliere,

666 2378 806 2428 qnam
844 2361 981 2409 decet
1019 2377 1119 2411 esse
1155 2363 1417 2414 modestam
1454 2378 1504 2415 et
1539 2385 1669 2416 vere-

665 2440 894 2500 cundam,
913 2457 1044 2488 mens
1067 2441 1274 2489 liberalis
1296 2459 1394 2491 non
1420 2445 1666 2507 laudatum

666 2519 837 2568 domus
860 2535 976 2567 vero
1013 2520 1259 2583 popularis
1283 2533 1500 2586 apertum
1529 2525 1672 2572 babet

667 2596 873 2646 dedecus
884 2632 898 2655 ,
917 2607 967 2644 et
981 2597 1235 2663 hospitalis
1252 2602 1416 2648 Venus
1432 2617 1671 2650 summum

664 2688 734 2725 est
762 2676 1096 2742 turpitudinis.

735 2772 783 2819 9.
817 2754 904 2801 Ad
924 2755 1061 2802 illam
1093 2752 1320 2801 attulisse.
1348 2754 1405 2802 Id
1432 2765 1532 2816 est,
1559 2773 1670 2806 cau·

663 2850 761 2881 sam
777 2833 902 2880 hanc
919 2833 991 2880 illi
1014 2832 1191 2880 dixisse
1205 2864 1220 2889 ,
1245 2847 1332 2879 cur
1349 2849 1520 2880 anrum
1537 2852 1670 2898 φικ-

660 2922 871 2961 reret.—
884 2913 1098 2968 Aurum,
1137 2910 1347 2971 scilicet,
1395 2926 1672 2962 ornamenta

663 3004 824 3039 aurea.

736 3082 812 3115 10.
847 3064 988 3114 Dia-ie
1012 3064 1247 3132 profecto.
1284 3067 1412 3132 Quia
1442 3068 1670 3118 nimimm

662 3144 825 3194 amicis
864 3155 912 3193 et
960 3143 1269 3192 familiaribus
1298 3146 1457 3194 omnia
1489 3159 1668 3196 secreta

657 3235 705 3271 et
722 3224 931 3289 pectoris
948 3238 1116 3270 arcana
1136 3222 1439 3286 deteguntur.
1460 3225 1665 3275 Pulchre

659 3303 837 3350 Seneca
879 3302 1019 3364 epist.
1062 3302 1090 3348 3
1122 3316 1135 3349 τ
1178 3323 1203 3342 ιι
1227 3303 1303 3348 Tu
1345 3319 1460 3351 vero
1505 3306 1665 3353 omnia

657 3394 765 3425 cum
779 3377 933 3423 amico
955 3377 1179 3436 delibera,
1195 3378 1280 3425 sed
1300 3378 1359 3425 de
1375 3380 1483 3444 ipso
1503 3383 1664 3446 prius;

656 3466 766 3520 post
803 3454 1059 3501 amicitiam
1094 3454 1384 3502 credendum
1413 3469 1513 3514 est,
1552 3472 1664 3511 ante

655 3531 911 3581 amicitiam
925 3531 1263 3591 judicandum,
1286 3545 1379 3582 etc.
1393 3556 1417 3574 ι·

729 3626 747 3655 ι
763 3626 783 3654 ι
796 3645 808 3657 .
835 3611 910 3655 Ita
928 3609 974 3654 si
989 3625 1158 3655 verum
1175 3609 1273 3670 eibi,
1294 3622 1385 3661 etc.
1405 3614 1658 3677 Expositio

651 3700 746 3747 est,
787 3686 925 3751 quia,
960 3696 1011 3733 ut
1050 3687 1117 3735 ait
1151 3686 1441 3736 Cornificius
1467 3692 1530 3739 ad
1561 3695 1656 3740 He-

649 3764 896 3822 rennium,
932 3775 1088 3813 manet
1132 3765 1181 3811 in
1219 3766 1388 3814 eodem
1425 3768 1571 3829 loco,
1608 3784 1656 3822 et

650 3843 779 3892 aliud
806 3853 949 3909 atque
974 3843 1105 3893 alind
1133 3843 1288 3892 dicere
1316 3845 1522 3899 videtur.
1562 3851 1654 3898 Hic

649 3921 858 3971 eamdem
878 3922 1019 3986 plane
1046 3938 1142 3969 rem
1171 3922 1309 3982 dicit,
1333 3926 1416 3977 sed
1447 3943 1549 3977 non
1574 3945 1654 3977 eo·

648 4001 754 4049 dem
780 4001 943 4060 modo,
957 4002 1173 4064 quamvis
1196 4003 1361 4052 iisdem
1384 4023 1525 4072 paene
1546 4026 1653 4056 ver·

647 4080 744 4135 bis,
781 4078 864 4127 sed
903 4079 1187 4127 tractatione
1232 4084 1440 4131 variatur
1473 4086 1650 4134 oratio.

1761 2139 1989 2201 Superius
2014 2141 2142 2188 enim
2169 2142 2321 2191 Balbo
2348 2144 2645 2208 loquebatur,
2688 2144 2776 2193 hic

1759 2232 1847 2280 per
1886 2221 2212 2284 apostrophen
2252 2222 2314 2269 ad
2359 2223 2578 2271 Clodiam
2613 2226 2776 2287 ipsam

1759 2297 2091 2357 convertitur-3
2130 2299 2495 2350 immoderatam
2532 2301 2779 2365 appellat,

1757 2374 1892 2437 quod
1924 2374 2046 2423 adeo
2082 2379 2371 2442 cupiditates
2405 2397 2516 2429 suas
2546 2397 2656 2432 non
2685 2397 2779 2446 po·
2831 2371 2834 2374 Ι

1756 2455 1900 2500 tuerit
1939 2456 2205 2514 moderari,
2242 2469 2296 2505 ut
2320 2458 2411 2505 bac
2437 2463 2776 2520 accusatione,

1758 2533 1831 2578 vel
1858 2533 2061 2597 seipsam
2097 2535 2287 2583 sceleris
2313 2538 2560 2585 consciam
2590 2539 2769 2597 suisne,

1755 2611 1832 2657 vel
1851 2612 2020 2659 fabum
2044 2612 2253 2677 objicere
2271 2617 2451 2663 crimen
2470 2617 2720 2666 ostendat.

1825 2692 1994 2738 xxa.
2028 2708 2071 2739 1.
2101 2693 2234 2757 Quid
2259 2711 2345 2759 ego
2371 2710 2520 2743 nunc.
2551 2698 2672 2743 Haec
2701 2706 2773 2743 at

1753 2767 1900 2817 altera
1925 2786 2037 2833 pars
2059 2771 2314 2832 sectionis,
2345 2790 2436 2837 qua
2469 2785 2656 2821 nutam
2680 2772 2771 2821 sibi

1756 2858 2142 2910 argumentorum
2172 2849 2236 2897 ad
2261 2851 2646 2899 convincendam
2674 2853 2770 2899 cri-

1756 2924 1899 2970 minis
1927 2923 2107 2983 objecti
2140 2926 2389 2975 falsitatem
2428 2930 2621 2993 copiam
2654 2946 2770 2994 aup-

1757 3011 1939 3064 petere‚
1967 3001 2185 3066 adeoque
2217 3021 2267 3051 se
2301 3021 2454 3053 causae
2479 3022 2579 3053 ωε
2605 3004 2766 3055 coufi-

1757 3078 1869 3126 dere
1903 3079 2222 3141 demonstrat,
2256 3093 2311 3130 ut
2349 3101 2404 3132 ea
2438 3100 2537 3133 non
2574 3084 2765 3132 dubitet

1754 3157 1944 3207 silentio
1967 3162 2236 3222 prater-ire„

1824 3253 1876 3283 2.
1906 3238 2066 3285 Mores
2091 3242 2159 3287 M.
2190 3238 2334 3287 coezii.
2360 3241 2547 3288 Tullius
2573 3240 2620 3286 in
2650 3258 2765 3305 par·

1752 3313 2005 3366 titionibus
2037 3315 2163 3364 hanc
2197 3333 2444 3365 causarum
2477 3317 2764 3367 infirmatio-

1750 3408 1862 3438 nem
1902 3409 2001 3440 esse
2045 3394 2194 3454 dicit,
2237 3396 2278 3444 si
2326 3396 2608 3445 ostendatur
2653 3413 2764 3444 rens

1751 3481 1877 3517 «aut
1900 3486 2000 3517 non
2023 3472 2101 3519 hia
2136 3473 2354 3521 moribus
2375 3490 2476 3521 esse
2491 3509 2506 3531 ,
2546 3484 2628 3520 ant
2661 3490 2764 3526 nou

1748 3563 1802 3594 ea
1832 3549 1951 3605 vita,
1980 3562 2062 3597 aut
2098 3551 2256 3600 nullos
2281 3552 2431 3599 animi
2461 3563 2652 3609 motus,
2677 3562 2763 3599 aut

1748 3642 1847 3673 non
1898 3639 1994 3675 tam
2043 3630 2332 3695 impotentes
2376 3632 2519 3678 fuisse
2556 3652 2596 3678 ι.
2657 3632 2761 3676 Pro

1746 3703 1995 3754 Cluentio:
2025 3728 2047 3749 ι
2069 3709 2288 3769 Perinde,
2311 3720 2366 3756 nt
2393 3709 2562 3772 opinio
2590 3718 2666 3755 est
2702 3707 2760 3755 de

1742 3785 1974 3848 cujusque
2015 3786 2269 3847 moribus,
2315 3789 2379 3835 ita
2427 3786 2547 3850 quid
2592 3786 2657 3834 ab
2701 3801 2759 3833 eo

1741 3861 1944 3922 factum,
1970 3875 2018 3911 et
2044 3881 2143 3913 non
2168 3866 2346 3913 factum
2373 3866 2464 3927 sit,
2489 3863 2758 3912 existimari

1739 3950 1899 4007 potest
1923 3961 1970 3990 ι.

1812 4018 1858 4067 3.
1887 4018 2088 4067 Minime
2112 4037 2213 4069 esse
2236 4020 2539 4068 credendum.
2585 4018 2756 4067 Primo
2824 4082 2831 4088 ἡ

1740 4099 2056 4159 argumentari
2099 4116 2150 4148 se
2186 4115 2326 4162 posse
2368 4099 2492 4150 dixit
2533 4113 2561 4144 a
2607 4098 2753 4146 Coelii
