2994 4778
643 379 783 453 256
1279 379 1377 444 M.
1429 376 1505 443 T.
1560 374 2119 444 CICERONIS

643 502 901 576 ratoris
935 500 1012 569 iu
1046 519 1335 594 poenam
1366 495 1720 565 exercitus
1752 495 2191 591 expetitum²
2227 520 2382 568 esse
2412 497 2790 572 videatur.

641 620 879 709 Atque
914 607 1100 678 hanc
1134 604 1671 690 Macedoniam,
1711 602 2003 676 domitis
2039 607 2186 700 jam
2232 609 2564 703 gentibus
2601 609 2791 682 fini-

638 724 829 796 timis
850 775 871 807 ,
913 717 1389 812 barbariaque
1425 738 1837 811 compressa
1859 769 1879 802 ,
1923 730 2241 811 pacatam
2271 718 2494 816 ipsam
2528 744 2678 817 per
2707 746 2795 793 se

640 849 712 905 et
740 831 1097 930 quietam,
1126 825 1327 896 tenui
1355 823 1685 921 praesidio
1703 838 1965 920 ,atque
1993 830 2243 922 exigua
2269 852 2519 915 manu,
2552 831 2790 901 etiam

643 945 797 1014 sine
834 938 1181 1036 imperio,
1237 957 1369 1032 per
1411 932 1686 1031 legatos
1706 929 1759 1019 ³,
1806 936 2102 1005 nomine
2145 937 2304 1034 ipso
2356 938 2614 1035 populi
2661 965 2791 1010 ro-

643 1052 838 1124 mani
876 1046 1306 1119 tuebamur:
1349 1068 1512 1140 quae
1552 1067 1746 1113 nunc
1793 1043 2151 1114 consulari
2196 1046 2501 1143 imperio
2546 1062 2789 1145 atque

644 1163 962 1235 exercitu
994 1158 1090 1225 ita
1120 1166 1370 1224 vexata
1401 1166 1509 1223 est
1530 1205 1549 1237 ,
1591 1153 1705 1221 vix
1738 1166 1822 1222 ut
1853 1176 1927 1222 se
1965 1154 2189 1250 possit
2220 1154 2561 1226 diuturna
2591 1182 2784 1255 pace

641 1292 1008 1344 recreare:
1058 1289 1286 1362 quum
1331 1266 1644 1350 interea,
1688 1264 1851 1359 quis
1894 1278 2209 1334 vestrum
2258 1263 2401 1336 hoc
2443 1292 2593 1338 non
2635 1294 2785 1338 au-

645 1381 860 1467 divit,
922 1375 1086 1472 quis
1146 1375 1469 1469 ignorat,
1530 1370 1877 1442 Achaeos‘*
1953 1374 2320 1469 ingentem
2387 1380 2783 1473 pecuniam

644 1488 962 1591 pendere
1005 1488 1082 1554 L.
1117 1484 1356 1552 Pisoni
1389 1482 1820 1579 quotannis?
1871 1482 2164 1580 vectigal
2196 1507 2277 1555 ac
2314 1484 2779 1582 portorium⁵

646 1594 1310 1697 Dyrrhachinorum
1344 1606 1576 1661 totum
1611 1593 1688 1661 in
1732 1590 1945 1686 hujus
1982 1594 2197 1664 unius
2223 1610 2578 1690 quaestum
2619 1622 2780 1668 esse

644 1702 1123 1781 conversum?
1170 1700 1426 1772 urbem
1480 1706 2028 1798 Byzantiorum,
2070 1703 2275 1776 vobis
2327 1719 2548 1803 atque
2601 1707 2781 1779 huic

644 1817 948 1915 imperio
987 1811 1506 1895 fidelissimam,
1545 1811 1876 1884 hostilem
1924 1816 1999 1883 in
2041 1814 2338 1886 modum
2375 1842 2528 1888 esse
2562 1843 2780 1888 vexa-

646 1927 841 1998 tam?
878 1947 1027 2021 quo
1062 1921 1218 2007 ille,
1260 1936 1728 2017 posteaquam
1771 1923 1953 1994 nihil
1995 1926 2390 2024 exprimere
2424 1926 2518 1998 ab
2548 1952 2776 2024 egen-

645 2036 875 2121 tibus,
913 2031 1096 2103 nihil
1142 2029 1284 2101 ulla
1320 2036 1391 2100 vi
1423 2056 1464 2100 a
1503 2030 1827 2103 miseris⁶
1865 2048 2295 2131 extorquere
2339 2040 2610 2133 potuit,
2651 2063 2774 2109 co·

649 2146 894 2215 hortes
930 2142 1002 2211 in
1040 2139 1346 2210 hiberna
1380 2141 1610 2227 misit;
1649 2140 1761 2212 his
1794 2145 2217 2241 praeposuit,
2257 2171 2444 2242 quos
2489 2151 2773 2246 putavit

646 2254 800 2327 fore
845 2250 1417 2346 diligentissimos
1448 2251 1783 2322 satellites
1815 2252 2199 2340 scelerum,
2240 2258 2608 2327 ministros
2641 2282 2773 2329 cu·

645 2366 1027 2466 piditatum
1086 2384 1398 2432 suarum.
1456 2362 1731 2433 Omitto
1789 2362 2362 2457 jurisdictionem
2418 2369 2495 2438 in
2547 2367 2776 2441 libera

646 2477 926 2549 civitate
949 2483 974 2528 ⁷
1010 2487 1258 2543 contra
1288 2471 1476 2567 leges
1514 2488 1954 2570 senatusque
1986 2475 2360 2564 consulta3
2396 2478 2632 2551 caedes
2659 2505 2775 2550 re·

1751 2700 1983 2768 Philippo
2001 2705 2289 2756 abalienaret
2302 2742 2317 2766 ,
2343 2710 2396 2756 iu
2413 2709 2624 2757 solemni
2649 2710 2777 2759 festo

1753 2784 1903 2832 totius
1940 2785 2140 2833 Gracia!
2181 2787 2451 2836 libertatem
2491 2788 2774 2838 declarave-

716 2729 767 2760 α.
797 2708 956 2757 Scelus
980 2705 1303 2769 imperatoris.
1321 2740 1335 2754 .
1350 2704 1661 2769 .expetitum.

648 2789 877 2840 Gulielm.
923 2784 1275 2834 emendandum
1331 2784 1521 2831 censuit
1569 2801 1662 2833 ex.

638 2868 864 2935 pluvisse.
889 2868 948 2912 Iu
973 2864 1139 2911 Pitou.
1169 2879 1216 2911 c.
1249 2862 1315 2910 35
1337 2876 1351 2909 τ
1382 2884 1407 2903 α
1428 2864 1533 2910 Tua
1555 2880 1662 2912 sce·
1683 2893 1684 2896 =

642 2949 744 2997 Iera
760 2983 775 3010 ,
801 2945 868 2992 dii
894 2940 1211 3000 immortales,
1241 2942 1293 2987 in
1318 2951 1512 2988 nostroe
1533 2942 1661 2990 mili·

650 3040 723 3077 tes
748 3023 1064 3087 expiaverunt
1083 3041 1127 3069 n.

718 3107 767 3154 3.
786 3106 878 3151 Per
895 3101 1097 3164 legatos.
1109 3099 1276 3162 Legati
1294 3114 1558 3162 numquam
1576 3098 1666 3147 ha-

648 3186 855 3233 buerunt
880 3180 1164 3244 imperium,
1191 3195 1279 3226 nec
1306 3178 1358 3226 id
1387 3177 1503 3227 dare
1522 3189 1666 3243 pote-

644 3274 755 3310 rant
784 3260 953 3324 legatis
990 3258 1334 3323 proconsules,
1373 3260 1509 3322 qnod
1534 3258 1667 3307 solus

645 3339 859 3404 populus
878 3337 1024 3385 dabat
1040 3337 1144 3400 lege
1160 3339 1360 3386 curiata.

721 3426 768 3472 4.
797 3415 1003 3463 Achoeos
1019 3450 1035 3476 ,
1071 3425 1162 3461 etc.
1182 3416 1438 3477 Postquam
1460 3416 1666 3463 Achaici

648 3493 869 3543 soedernti
881 3493 933 3539 in
954 3498 1094 3539 causa
1112 3492 1454 3554 recuperanda!
1472 3491 1667 3542 liberta-

653 3576 715 3621 tis
745 3569 1050 3627 cecideruut,
1077 3583 1245 3615 omnes
1287 3584 1454 3631 graeeoe
1496 3587 1666 3636 respa.

645 3651 787 3699 blicae
809 3665 836 3696 e
866 3663 1068 3695 numero
1097 3645 1313 3710 gentium
1335 3646 1507 3697 deletae
1523 3663 1638 3699 sunt
1651 3668 1668 3713 ;

644 3729 729 3778 illa
761 3723 894 3791 regio
935 3739 1088 3788 usque
1126 3739 1187 3771 eo
1225 3724 1446 3789 depressa
1482 3738 1584 3786 est,
1612 3740 1669 3777 ut

648 3822 788 3855 sunm
827 3806 986 3868 ipsum
1033 3818 1213 3850 nomen
1251 3819 1541 3869 quamquam
1581 3808 1668 3855 im·

644 3883 849 3935 mortale
874 3881 1170 3948 perdiderit;
1190 3893 1238 3930 et
1262 3899 1425 3931 eversa
1448 3901 1478 3932 a
1507 3888 1662 3935 Mum-

643 3964 745 4012 mio
774 3960 1012 4010 Corintho
1039 3975 1121 4007 an.
1155 3961 1254 4007 608
1272 3994 1288 4020 ,
1323 3962 1378 4010 iu
1412 3979 1661 4015 romanam

642 4041 945 4109 provinciam
968 4038 1157 4086 redacta
1187 4038 1267 4089 sit.
1300 4041 1659 4110 Quinquaginta

647 4136 801 4169 anuos
839 4131 950 4168 ante
988 4118 1270 4180 Flaminino,
1300 4132 1355 4171 ut
1396 4124 1594 4174 Grecos
1632 4143 1660 4174 a

1749 2873 1851 2923 rat,
1877 2873 1924 2911 et
1949 2864 2050 2911 onis
2088 2865 2276 2930 legibus
2309 2867 2521 2930 propriis
2559 2867 2635 2914 uti
2671 2885 2780 2933 per·

1749 2941 1958 2991 miserat.

1824 3021 1872 3068 5.
1898 3020 2166 3070 Por-corium
2182 3056 2198 3082 ,
2220 3034 2293 3071 est
2312 3023 2447 3087 quod
2466 3023 2776 3089 pendebatur

1752 3114 1844 3162 pro
1865 3099 2127 3160 mercibus,
2156 3117 2266 3165 quae
2284 3102 2360 3150 vel
2382 3102 2772 3167 expet-ubemur

1753 3194 1815 3225 ex
1839 3195 1894 3226 ea
1927 3180 2156 3243 regione,
2185 3179 2268 3227 vel
2303 3182 2357 3228 iu
2396 3197 2501 3229 eun
2539 3182 2775 3247 importn-

1753 3258 1947 3307 bantur.

1826 3339 1878 3386 6.
1909 3337 2049 3386 ΝῖΙιιἸ
2065 3338 2168 3387 ulla
2187 3339 2250 3387 vi
2268 3356 2303 3387 a
2324 3338 2527 3389 mt'sen's.
2541 3340 2775 3389 Juvenal.

1756 3418 1856 3464 Sat.
1874 3418 1996 3464 vm
2027 3431 2041 3464 ε
2078 3439 2104 3459 ι
2124 3418 2403 3474 Curandum
2434 3420 2489 3466 in
2514 3421 2691 3484 primis
2715 3436 2777 3467 ne

1757 3511 1927 3559 magua
1944 3495 2120 3561 injuria
2141 3494 2227 3547 fiat
2247 3497 2475 3546 Fortibus
2506 3509 2557 3547 et
2587 3498 2776 3548 miseris

1765 3610 1807 3625 ..
1822 3575 2063 3640 .spoliatis
2084 3593 2213 3624 arma
2241 3589 2557 3642 supersunt».

1829 3671 1879 3715 7.
1905 3654 2286 3704 Jurisdiceionem
2313 3657 2365 3704 in
2390 3656 2541 3704 libera
2561 3654 2776 3706 εἰνίωιε.

1755 3732 1900 3780 Unde
1923 3734 2224 3799 intelligitur,
2251 3752 2314 3784 ex
2348 3736 2628 3784 civitatibus
2655 3753 2780 3800 quas

1753 3811 1966 3875 populus
1986 3829 2213 3861 romanus
2232 3815 2287 3862 iu
2316 3831 2452 3863 sunm
2479 3826 2780 3878 potestatem

1749 3890 2044 3955 redegerat,·
2061 3892 2179 3941 alias
2223 3894 2370 3942 sui-se
2411 3894 2461 3941 in
2503 3894 2778 3957 provincia

1750 3969 1952 4018 formam
1974 3971 2192 4021 redactas
2206 4007 2221 4032 ,
2243 3974 2296 4020 iu
2325 3972 2502 4037 quibus
2520 3973 2777 4036 magistra·

1749 4058 1827 4095 tus
1892 4050 2064 4114 populi
2125 4053 2316 4099 romani
2376 4049 2775 4112 jurisdictionem

1747 4129 2000 4179 exercebat
2017 4165 2032 4189 ,
2093 4131 2212 4179 alias
2261 4130 2439 4179 liberas
2462 4163 2478 4189 ,
2521 4145 2635 4193 qnae
2677 4131 2779 4179 suis
