2994 4778
596 381 726 453 126
1218 378 1314 446 M.
1364 377 1440 444 T.
1494 373 2064 445 CICERONIS

581 509 755 602 quia
788 503 975 574 bene
1011 513 1181 571 sunt
1207 497 1300 569 de
1338 499 1484 568 suis
1520 493 1923 567 civitatibus
1953 499 2223 583 meriti,
2255 509 2451 570 tanta
2491 499 2712 573 hodie

579 614 800 713 gloria
819 624 987 683 sunt
1005 665 1024 698 ,
1042 634 1192 680 non
1219 608 1294 677 in
1322 608 1592 677 Graecia
1616 605 1889 693 solum,
1924 605 2051 677 sed
2084 608 2298 678 etiam
2328 610 2525 706 apud
2556 636 2714 699 nos,

580 739 798 820 atque
833 723 908 792 in
943 721 1199 792 ceteris
1235 716 1482 804 terris,
1520 729 1604 787 ut
1639 740 1798 802 eoa,
1849 742 1892 787 a
1927 714 2197 813 quibus
2233 717 2334 788 illi
2382 724 2714 818 oppressi

577 847 788 920 sunt,
841 855 1057 902 nemo
1111 826 1510 912 nominet¹,
1559 824 1823 895 horum
1868 825 2341 897 calamitatem
2379 828 2713 901 domina-

580 946 762 1013 tioni
802 942 1087 1013 illorum
1140 959 1392 1007 omnes
1442 947 1913 1032 anteponant.
1952 936 2133 1026 Quis
2176 936 2714 1035 Carthaginien·

581 1055 769 1125 sium
804 1051 1031 1151 pluris
1076 1044 1214 1117 fuit
1265 1043 1703 1132 Hannibale,
1753 1044 2095 1136 consilio,
2137 1048 2444 1134 virtute,
2493 1046 2715 1119 rebus

582 1164 832 1262 gestis3
869 1160 993 1258 qui
1030 1180 1224 1228 unus
1268 1179 1437 1226 cum
1477 1168 1589 1225 tot
1638 1154 2238 1251 imperatoribus²
2279 1158 2546 1227 nostris
2584 1181 2716 1255 per

564 1262 694 1345 'tot
726 1294 958 1344 annos
983 1268 1075 1340 de
1105 1267 1412 1364 imperio
1443 1279 1516 1336 et
1548 1264 1640 1336 de
1669 1264 1896 1363 gloria
1922 1265 2354 1339 decertavit?
2375 1274 2588 1339 Hunc
2605 1271 2717 1340 sui

585 1392 778 1460 cives
817 1409 858 1457 e
898 1384 1183 1455 civitate
1223 1381 1594 1475 ejecerunt
1634 1405 1651 1448 ε
1706 1403 1842 1450 nos
1898 1382 2115 1451 etiam
2160 1381 2442 1454 hostem
2493 1382 2717 1454 literis

587 1496 849 1569 nostris
885 1507 964 1564 et·
987 1491 1332 1563 memoria
1368 1489 1697 1572 videmus
1729 1513 1882 1560 esse
1916 1489 2423 1563 celebratum3.

683 1608 969 1696 Quare‘*
1005 1605 1374 1674 imitemur
1406 1613 1696 1670 nostros
1721 1605 2008 1688 Brutos,
2035 1602 2373 1673 Camillos
2392 1657 2413 1691 ,
2433 1602 2712 1691 Ahalas,

585 1718 845 1790 Decios
867 1769 886 1803 ‚
920 1714 1214 1801 Curios,
1246 1709 1637 1794 Fabricios,
1663 1711 2051 1798 Maximos,
2087 1713 2492 1810 Scipiones,
2524 1717 2715 1784 Len-

584 1829 817 1912 tulos,
852 1822 1209 1907 AEmilios,
1258 1816 1821 1890 innumerabiles
1862 1818 2076 1907 alios,
2117 1824 2245 1917 qui
2287 1821 2477 1892 hanc
2524 1847 2713 1894 rem-

586 1937 948 2037 publicam
978 1930 1475 2004 stabiliverunt
1501 1953 1522 2014 ;
1548 1950 1736 2030 quos
1761 1926 2101 2023 equidem
2128 1930 2201 2000 in
2239 1929 2547 2001 deorum
2576 1933 2710 2001 im·

557 2078 561 2086 *
587 2045 998 2118 mortalium
1028 2054 1224 2110 coetu
1246 2062 1326 2110 ac
1348 2059 1656 2107 numero
1674 2059 1979 2134 repono.
2011 2041 2354 2110 Amemus
2381 2042 2714 2138 patriam,

586 2177 961 2255 pareamus
1002 2150 1318 2234 senatui,
1356 2145 1819 2217 consulamus
1853 2145 2111 2236 bonis;
2143 2164 2535 2248 praesentes
2564 2150 2717 2223 fru-

587 2281 745 2338 ctus
766 2262 1213 2360 negligamus
1234 2313 1253 2344 ,
1289 2257 1728 2355 postenitatis
1750 2256 1991 2353 gloriae
2009 2261 2402 2332 serviamus
2421 2287 2441 2350 3
2464 2262 2542 2333 id
2563 2286 2718 2334 esse

583 2377 939 2476 optimum
972 2385 1344 2470 putemus,
1392 2365 1593 2465 quod
1628 2369 1762 2438 erit
1796 2368 2304 2458 rectissimum;
2342 2396 2721 2469 speremus

582 2513 744 2585 quae
759 2484 1142 2570 volumus,
1168 2479 1293 2551 sed
1312 2477 1515 2575 quod
1544 2475 1913 2561 acciderit,
1948 2477 2719 2580 feramus3cogitemus

584 2597 903 2692 denique
924 2646 943 2680 ‚
979 2614 1245 2687 corpus
1275 2592 1595 2658 virorum
1621 2583 1918 2656 fortium
1942 2642 1960 2674 ,
1987 2612 2565 2690 magnorumque
2591 2593 2720 2665 ho-

586 2708 895 2788 minum,
934 2725 1087 2772 esse
1129 2695 1470 2781 mortale;
1518 2695 1737 2765 animi
1780 2720 1951 2767 vero
1989 2713 2269 2784 motus,
2316 2715 2390 2771 et
2431 2702 2719 2776 virtutis

587 2815 922 2911 gloriam,
962 2807 1470 2902 sempiternam
1511 2830 1527 2872 ε
1572 2827 1815 2900 neque
1850 2804 2034 2877 hanc
2069 2810 2491 2906 opinionem
2530 2815 2588 2882 si
2641 2815 2718 2882 in

594 2923 718 2994 illo
756 2917 1200 2990 sanctissimo
1235 2912 1545 2984 Hercule
1582 2914 2719 3016 consecratam⁵videmus‚cujus

660 3072 888 3123 vam.
938 3083 980 3117 1.
1028 3067 1183 3115 Nemo
1229 3064 1458 3114 nominet.
1503 3066 1608 3113 Nec
1767 3067 1816 3112 3.
1851 3069 1971 3114 Esse
2003 3070 2311 3119 celebratum.
2342 3072 2492 3134 Quod
2520 3072 2720 3137 quidem

588 3153 710 3203 illud
733 3151 860 3202 enim
884 3149 934 3195 in
955 3146 1177 3194 maximia
1199 3145 1398 3196 laudum
1415 3145 1610 3193 steni·
1695 3146 1819 3195 Plin.
1829 3155 2033 3202 testatur
2042 3150 2366 3198 Historiarum
2377 3152 2463 3201 ub.
2473 3155 2721 3213 xxxw,

589 3232 732 3282 stoeli
760 3229 932 3285 tuerit,
957 3225 1094 3290 quod
1119 3225 1360 3274 Aristides
1382 3240 1480 3289 opo
1507 3226 1610 3286 ejus
1695 3226 1757 3283 ὃς
1797 3225 1866 3272 do
1908 3225 2036 3273 euim
2076 3229 2312 3292 scriptum
2350 3241 2465 3278 est:
2511 3242 2560 3278 et
2594 3233 2722 3281 adeo

590 3317 643 3362 in
660 3310 883 3358 exsilium
909 3304 1053 3352 suerit
1078 3303 1349 3352 damnatus.
1690 3303 1954 3356 discrimen
1983 3320 2128 3353 omne
2154 3295 2396 3356 sublatum
2411 3343 2427 3367 ‚
2451 3320 2509 3359 nt
2527 3312 2723 3362 Hanni-

661 3406 713 3438 2.
750 3389 839 3433 Tot
866 3383 1249 3446 imperatoribus.
1286 3385 1341 3430 P.
1375 3380 1610 3429 Cornelio
1697 3383 1820 3432 bulis
1840 3385 1980 3431 etiam
1999 3395 2168 3434 sutum
2189 3387 2343 3435 tn'bus
2359 3389 2482 3437 locis
2500 3392 2730 3441 visantur

590 3465 845 3531 Scipione,
876 3460 1096 3508 Africani
1120 3459 1319 3520 majoris
1345 3469 1504 3521 patre,
1530 3459 1607 3506 Ti.
1695 3463 1748 3509 in
1774 3462 1925 3520 urbe,
1951 3465 2088 3524 cujus
2114 3465 2238 3514 intra
2263 3481 2434 3516 muros
2461 3470 2597 3519 soluo
2626 3472 2727 3521 ho—

584 3540 877 3608 &mpmmo
907 3542 1107 3600 Longo,
1139 3539 1199 3588 C.
1240 3536 1477 3585 Flaminio
1496 3573 1512 3600 ‚
1552 3538 1610 3587 C.
1696 3541 1844 3590 stium
1864 3542 2024 3591 emisit
2047 3543 2248 3593 hunum.

592 3620 857 3676 Centenio,
898 3617 958 3667 C.
994 3617 1224 3664 Terentio
1258 3619 1504 3674 Varrone,
1550 3617 1605 3666 L.
1770 3622 1817 3676 ά.
1864 3621 2043 3682 Quare.
2080 3623 2246 3684 Quum
2285 3633 2415 3672 tanta
2458 3624 2523 3674 ott
2567 3627 2726 3691 glou-h

596 3702 789 3753 AEmssio
831 3696 1029 3753 Paullo,
1068 3697 1131 3758 Q.
1172 3695 1320 3742 Fabio
1362 3696 1612 3754 Maximo,
1698 3696 1912 3746 hostium
1927 3699 2054 3764 apud
2075 3716 2315 3765 110⁸,un
2329 3703 2544 3752 facinon
2562 3705 2730 3768 edere,

587 3785 666 3832 Ti.
696 3775 984 3842 SempronIo
1009 3773 1231 3822 Graccho
1249 3810 1264 3836 ,
1292 3776 1367 3826 M.
1405 3774 1612 3823 Claudio
1697 3788 1820 3840 quot
1846 3777 2100 3826 oon-tibus
2120 3779 2430 3830 inclarescere
2456 3783 2696 3834 ἆὼοιιιυσ
2712 3824 2729 3850 ,

593 3858 827 3913 Marcello
841 3890 854 3914 ‚
910 3857 966 3903 Ρ.
1009 3853 1239 3918 Scipione
1256 3885 1272 3913 ,
1317 3855 1423 3916 eju·
1467 3852 1575 3902 filio
1595 3889 1610 3913 ‚
1697 3868 1756 3904 ut
1775 3873 1952 3905 nomen
1972 3873 2168 3921 quoque
2190 3871 2413 3909 nostrum
2435 3861 2499 3911 ad
2520 3865 2731 3918 {nl-ob-

589 3957 733 4007 φρει
748 3937 958 4002 primum
970 3932 1102 3998 apud
1114 3933 1424 3992 Rhodanum,
1435 3934 1609 3984 iterum
1697 3937 1929 3985 talitatem
1954 3939 2285 3985 consecretur!

592 4019 725 4088 apud
765 4014 946 4065 Pudu-
966 4047 981 4074 ‚
1024 4013 1170 4064 tertio
1213 4014 1346 4078 apud
1384 4013 1608 4063 Trebiam
1773 4012 1825 4063 5.
1851 4016 2055 4064 Hercule
2075 4029 2431 4068 wammam.
2461 4021 2731 4074 Herculem

593 4103 855 4164 fugaverat.
1178 4125 1183 4132 -
1698 4095 1767 4143 ait
1802 4094 1851 4140 in
1888 4093 2090 4142 deornm
2122 4095 2268 4143 fnisse
2302 4112 2509 4147 numero
2540 4100 2732 4149 adseri-
