2994 4778
690 410 1085 479 oaA'rlo
1134 413 1345 480 PRo
1394 413 1488 480 M.
1541 414 1930 483 coELlo.
2236 413 2371 510 189

257 553 532 601 causam
577 530 728 600 sive
772 529 1205 602 malorum²¹
1252 533 1611 620 omnium,
1650 533 1793 603 sive
1829 536 2068 631 potius
2102 558 2371 608 sermo·

171 728 176 733 .
263 663 429 711 num
465 638 709 711 fuisse.

354 755 531 820 vm.
581 749 1078 839 Quamobrem
1127 751 1282 838 illa,
1330 776 1489 848 quae
1545 775 1628 821 ex
1677 766 2171 823 accusatorum
2209 778 2370 824 ora-

261 860 449 930 tione
490 860 903 957 praemuniri
936 860 1080 954 jam
1121 876 1191 930 et
1226 859 1399 958 fingi
1433 859 1961 958 intelligebam,
2004 859 2226 934 fretus
2258 888 2375 935 ve-

254 983 394 1040 stra
457 968 851 1066 prudentia
876 1022 895 1056 ,
946 967 1224 1064 judices
1253 1023 1272 1057 ,
1345 994 1492 1040 non
1560 971 2009 1067 pertimesco,
2072 968 2376 1042 Aiebant

251 1080 487 1163 enim,
541 1075 699 1149 fore
754 1092 1008 1149 testem
1064 1093 1504 1167 senatorem,
1550 1080 1676 1175 qui
1716 1103 1789 1149 se
1834 1076 2220 1176 pontificiis
2254 1103 2377 1150 co-

249 1191 474 1258 mitiis
498 1198 521 1229 ¹
562 1187 924 1286 pulsatum
970 1213 1011 1259 a
1047 1187 1275 1258 Coelio
1307 1187 1598 1259 diceret.
1641 1193 1693 1257 A
1731 1212 1880 1284 quo
1925 1212 2278 1285 quaeram,
2322 1190 2380 1259 si

252 1296 653 1394 prodierit:
695 1298 1007 1394 primum
1051 1321 1180 1367 cur
1219 1298 1455 1367 statim
1502 1296 1681 1366 nihil
1729 1298 2041 1394 egerit2?
2084 1296 2381 1386 deinde,

195 1498 204 1503 .
253 1411 312 1477 si
346 1405 422 1476 id
461 1408 714 1503 queri,
752 1431 971 1503 quam
1016 1403 1277 1504 agere-³
1329 1407 1699 1495 maluerit,
1737 1432 1867 1479 cur
1907 1406 2304 1506 productus
2341 1433 2381 1478 a

253 1513 463 1586 vobis
513 1517 798 1613 potius,
845 1538 1061 1611 quam
1111 1518 1264 1613 ipse
1305 1541 1437 1614 per
1475 1516 1605 1587 se?
1639 1541 1769 1588 cur
1804 1532 2007 1588 tanto
2047 1534 2212 1617 post
2252 1541 2382 1616 po·

260 1627 441 1710 tiu5‚
480 1647 705 1720 quam
731 1628 1117 1712 continue,
1155 1625 1363 1720 queri
1401 1625 1778 1699 maluerit?
1805 1631 1877 1698 Si
1916 1627 2092 1697 mihi
2115 1627 2203 1698 ad
2233 1627 2383 1697 haec

261 1748 467 1805 acute
517 1749 916 1832 arguteque
946 1734 1438 1833 responderit3
1484 1749 1637 1806 tum
1674 1761 1986 1833 quaeram
2029 1735 2384 1835 denique,

262 1870 345 1914 ex
372 1870 528 1941 quo
566 1848 700 1916 iste
732 1843 979 1917 fonte‘*
1015 1860 1304 1916 senator
1343 1860 1649 1916 emanet.
1692 1850 1868 1918 Nam
1904 1849 1961 1916 si
2004 1848 2155 1945 ipse
2193 1850 2382 1918 orie-

265 1968 395 2042 tur,
433 1969 511 2026 et
551 1970 883 2026 nascetur
913 1981 1002 2027 ex
1036 1979 1188 2026 sese
1211 1953 1271 2042 ⁵3
1303 1953 1637 2037 fortasse,
1678 1970 1759 2026 ut
1786 1955 2026 2043 soleo,
2068 1981 2386 2027 commo·

264 2062 510 2135 vehor.
548 2066 671 2134 Sin
708 2080 946 2136 autem
967 2118 986 2152 ,
1020 2080 1102 2134 ut
1127 2064 1440 2151 rivulus,
1468 2064 1846 2135 arcessitus
1888 2080 1960 2135 et
2006 2065 2264 2138 ductus
2294 2066 2386 2137 ab

265 2174 410 2269 ipso
439 2175 676 2271 capite
703 2170 1216 2244 accusationis⁶
1252 2187 1531 2260 vestrae3
1567 2171 1883 2257 laetabor,
1926 2197 2151 2268 quum
2187 2165 2386 2246 tanta

271 2287 480 2379 gratia
498 2294 552 2371 ⁷,
620 2285 981 2380 tantisque
1047 2282 1311 2381 opibus
1379 2286 1735 2354 accusatio
1796 2297 2028 2354 vestra
2097 2286 2387 2372 nitatur,

276 2417 488 2466 unum
550 2409 962 2467 senatorem
1020 2395 1256 2465 solum
1321 2417 1513 2479 esse,
1576 2394 1706 2489 qui
1759 2391 1963 2463 vobis
2009 2395 2387 2490 gratificari

346 2572 423 2605 ax.
444 2559 650 2607 Causam
666 2558 764 2607 sive
781 2559 1019 2606 malorum
1042 2557 1281 2617 omnium,

1369 2555 1611 2604 adductus
1626 2591 1642 2617 ,
1674 2554 1738 2603 ad
1768 2555 2095 2603 testimouium
2130 2555 2390 2605 dicendum

271 2634 365 2683 dn
399 2639 557 2698 pocius
601 2653 644 2685 s.
670 2635 859 2702 fuisse.
896 2639 1083 2685 Ernest-
1125 2636 1282 2684 deleto
1369 2633 1587 2682 accedat.

264 2715 387 2769 sire,
423 2717 485 2763 ita
502 2716 668 2763 locum
694 2713 1089 2764 constituendum
1114 2724 1282 2778 putat,

266 2793 741 2842 -eanaammalorum
754 2793 1111 2852 omnium,sive
1122 2792 1285 2856 potius

261 2889 537 2920 monum
557 2873 770 2930 suinen,
798 2884 854 2921 ut
875 2872 938 2921 ad
959 2871 1111 2920 Attio.
1134 2872 1255 2920 v111
1264 2905 1281 2927 ‚

261 2953 292 2999 3
314 2966 330 3000 ε
360 2974 386 2993 ιι
404 2951 499 2999 hoo
521 2954 584 3002 ab
601 2953 723 3001 urbe
743 2951 980 3009 discessu,
1002 2949 1103 2997 sive
1123 2951 1288 3013 potin·

259 3031 541 3095 turpissima
567 3034 679 3096 suga
700 3054 742 3079 n.
770 3033 833 3079 Et
857 3044 1013 3093 saepe,
1040 3028 1125 3075 ubi
1144 3044 1288 3092 aupe-

256 3109 368 3157 riua
387 3110 580 3158 verbnm
594 3145 610 3169 ,
638 3123 880 3174 tamquam
900 3109 1089 3172 gravius
1103 3142 1118 3166 ‚
1143 3122 1286 3171 quam

257 3204 357 3251 pro
393 3204 476 3251 re,
506 3199 588 3236 aut
619 3190 805 3245 levina,
832 3186 1102 3252 posteriore
1132 3186 1287 3232 corri-

255 3268 414 3331 gitur.

325 3346 475 3394 vm.
508 3361 551 3394 ι.
576 3342 853 3411 Pontifici&
876 3340 1093 3391 comitiis.
1124 3342 1289 3389 Sacer-

257 3423 405 3473 dote·
421 3424 523 3487 lege
536 3423 752 3471 Domitia
766 3423 912 3471 creati
925 3432 1040 3470 sunt
1052 3437 1079 3468 a
1097 3419 1287 3484 populo

255 3502 468 3551 tributis
493 3502 731 3559 comitiis,
763 3512 906 3549 antee
936 3499 1222 3547 creabantur
1257 3514 1285 3546 a

257 3581 568 3644 collegi-s.—
599 3581 869 3628 Pulsatum.
902 3577 960 3627 ld
989 3589 1089 3639 eat,
1113 3577 1286 3625 verbe·

256 3671 441 3708 mum.

330 3754 381 3785 a.
435 3736 581 3785 Nihil
611 3736 800 3803 egerit?
841 3736 941 3786 cnr
982 3734 1189 3786 Coelium
1228 3734 1289 3782 de

260 3815 439 3878 iniuria
460 3832 562 3864 nou
579 3810 907 3863 accusaverit?

330 3897 385 3946 3.
447 3898 610 3959 Quam
659 3909 822 3959 agere.
866 3894 982 3942 Seil.
1027 3909 1171 3958 quam
1209 3894 1289 3953 iu·

255 3990 404 4024 enum
423 3974 623 4022 actione
641 3973 866 4037 experiri.

325 4056 383 4114 4.
432 4055 529 4102 Ea·
548 4068 643 4117 quo
659 4050 914 4117 istefimee.
942 4050 1001 4100 ld
1023 4061 1122 4110 eat,
1141 4065 1290 4098 suane

254 4142 444 4197 sponte
475 4163 498 4192 ,
537 4145 597 4180 au
640 4129 1018 4180 adversariorum
1061 4127 1290 4194 precibu·

1444 2713 1474 2760 5
1480 2749 1493 2760 .
1510 2711 1565 2759 Si
1576 2712 1676 2780 ipse
1688 2711 1889 2770 on'emr,
1903 2723 1953 2759 ee
1963 2724 2191 2760 nascetur
2202 2729 2269 2761 ex
2279 2730 2391 2763 sese.

1370 2788 1658 2854 metaphora
1681 2807 1743 2837 ex
1763 2790 1899 2839 fonte
1921 2801 2128 2855 sumpta.
2153 2791 2212 2839 Id
2234 2804 2330 2850 eet,
2350 2796 2392 2842 ei

1373 2881 1547 2935 sponte
1569 2869 1852 2928 accesserit,
1887 2880 1944 2918 ut
1974 2886 2108 2917 auam
2144 2870 2393 2920 dumtaxat

1372 2949 1600 3011 iniuriam
1636 2960 1966 3013 peraequatur.
2007 2948 2214 2998 Videtur
2247 2961 2296 2998 et
2328 2951 2391 2998 ad

1372 3029 1514 3077 istim
1562 3030 1795 3076 senatoris
1843 3029 2185 3077 obscuritatem
2233 3041 2281 3078 et
2331 3031 2392 3078 ad

1375 3108 1535 3171 ipsum
1572 3122 1753 3154 nomeu
1792 3117 2016 3164 cenaeus,
2055 3107 2203 3154 videl.
2245 3124 2311 3156 ea·
2345 3126 2429 3170 se.

1374 3196 1553 3244 naeus,
1578 3184 1818 3245 alludere3
1847 3183 1978 3232 unde
2009 3195 2058 3232 et
2083 3185 2281 3234 fortene
2310 3189 2394 3235 Ti-

1368 3263 1538 3318 herine
1563 3278 1705 3310 auum
1729 3262 1791 3310 de
1813 3264 1983 3311 Curtio
2002 3263 2169 3323 Ruso,
2195 3266 2279 3330 qui
2300 3268 2392 3315 hu-

1367 3342 1478 3390 mili
1499 3340 1615 3390 loco
1633 3353 1773 3402 uatus
1798 3353 2056 3406 proeturem
2073 3342 2278 3407 adeptus
2295 3357 2394 3405 eat,

1369 3422 1539 3482 jocum
1565 3421 1821 3484 acceperit.
1846 3423 2053 3484 -Quum
2076 3421 2209 3471 hisee
2233 3425 2396 3472 verbis

1372 3499 1596 3548 Tiberius
1621 3499 1833 3549 dedecus
1857 3500 2091 3549 natalium
2116 3501 2396 3562 velaviaeen

1374 3578 2393 3630 Curtiuellufuavideturmihiexeeuatuen.

1374 3656 1501 3705 Vide
1517 3656 1672 3704 Tacit.
1693 3657 1779 3707 lib.
1799 3659 1875 3705 11
1891 3657 2171 3707 Annalium.

1444 3738 1494 3785 6.
1515 3736 1595 3783 Ab
1615 3735 1717 3800 ipso
1734 3736 1898 3801 eapite
1917 3737 2260 3786 mundonis.
2280 3738 2396 3785 Scit.

1373 3829 1402 3861 a
1427 3812 1603 3863 Clodia
1621 3813 1699 3861 vel
1725 3816 1911 3878 pretio,
1936 3815 2016 3863 vel
2039 3816 2171 3880 turpi
2195 3832 2400 3864 cousue-

1374 3891 1546 3939 tudine
1569 3903 1844 3954 eon-uptus.

1448 3985 1496 4029 7.
1530 3971 1691 4017 Tama
1711 3969 1898 4034 gratia.
1926 3970 2112 4020 Clodia
2137 3989 2250 4020 cum
2271 3988 2400 4020 sum·

1376 4062 1461 4096 mo
1477 4048 1581 4110 eiua
1597 4047 1799 4112 probro.
1823 4075 1894 4086 —
1922 4050 2190 4114 Tanti-sque
2211 4049 2398 4113 opibus.
2466 4089 2481 4094 ἢ

1380 4126 1775 4192 Propinquorum
1796 4139 1847 4177 et
1867 4127 2134 4177 amieos-m
2156 4128 2275 4188 ejus.
