2994 4778
616 432 708 514 24
1247 433 1344 498 M.
1395 432 1473 498 T.
1529 430 2089 499 CICERONIS

609 553 939 623 tribunus
967 550 1195 648 plebis
1223 552 1751 621 nancisceretur
1771 547 1854 638 ¹³,
1888 548 2320 650 quidssdicam
2346 550 2678 622 consules
2695 553 2734 621 Ξ)

610 662 914 733 hoccine
949 675 1033 731 ut
1060 685 1194 757 ego
1231 660 1586 758 appellem
1625 663 1920 731 nomine
1958 683 2319 732 eversores
2351 659 2569 754 hujus
2599 663 2734 730 im-

611 772 841 869 perii?
882 770 1283 869 proditores
1334 784 1583 841 vestrae
1628 768 2030 865 dignitatis?
2074 769 2314 840 hostes
2354 768 2722 840 bonorum

613 880 994 952 omnium?
1052 882 1187 975 qui-
1243 877 1335 949 ad
1400 877 1784 949 delendum
1846 894 2168 950 senatum
2192 932 2212 964 ‚
2261 875 2719 975 affligendum

614 987 1019 1086 equestrem
1058 986 1384 1058 ordinem
1404 986 1489 1075 ¹⁴,
1524 986 2030 1084 exstinguenda
2059 989 2296 1057 omnia
2318 986 2481 1080 jur-a
2505 1000 2724 1083 atque

612 1100 932 1170 instituta
959 1097 1350 1192 majorum,
1385 1121 1459 1167 se
1494 1097 1631 1167 illis
1663 1094 1971 1170 fascibus
1999 1099 2395 1191 ceterisque
2426 1096 2721 1192 insigni·

608 1209 750 1280 bus
785 1208 1045 1280 summi
1084 1206 1386 1277 honoris
1420 1221 1637 1303 atque
1678 1207 1959 1303 imperii
2001 1219 2295 1279 ornatos
2339 1228 2489 1274 esse
2528 1203 2720 1275 arbi-

614 1315 1027 1387 trabantur?
1045 1318 1369 1406 Quorum
1390 1370 1410 1403 ‚
1441 1340 1569 1413 per
1594 1315 1765 1385 deos
1801 1313 2237 1384 immortales
2258 1367 2278 1400 ,
2305 1314 2361 1384 si
2392 1312 2719 1385 nondum

613 1424 879 1496 scelera
905 1425 1348 1521 vulneraque
1382 1426 1619 1494 inusta
1641 1423 2048 1522 reipublicae
2075 1423 2288 1511 vultis
2318 1421 2676 1494 recordari
2697 1479 2717 1511 ‚

605 1533 890 1604 vultum
953 1548 1170 1634 atque
1223 1536 1578 1605 incessum
1631 1534 1884 1604 animis
1937 1533 2377 1603 intueamini.
2421 1533 2720 1603 Facilius

605 1640 789 1712 facta
838 1666 1087 1713 eorum
1134 1657 1518 1713 occurrent
1561 1641 1925 1713 mentibus
1967 1644 2217 1735 vestris
2240 1694 2259 1728 ,
2305 1642 2361 1713 si
2401 1666 2524 1712 ora
2563 1644 2719 1740 ipsa

605 1750 830 1820 oculis
875 1752 1407 1847 proposuerim,
2017 1753 2038 1809 Α

702 1863 892 1929 VIII.
925 1858 1120 1930 Alter
1153 1863 1544 1957 unguentis
1566 1851 1940 1948 affluens¹‚
1969 1859 2462 1930 calamistrata²
2489 1884 2730 1949 coma„

606 1968 1006 2065 despiciens
1041 1970 1365 2040 conscios
1419 1985 1830 2066 stuprorum
1854 2023 1874 2056 ‚
1911 1994 1993 2040 ac
2035 1982 2310 2039 veteres
2348 1982 2717 2041 vexator-es

607 2077 905 2147 aetatulae
953 2102 1095 2148 suae
1111 2075 1164 2160 3,
1208 2077 1523 2175 puteali4
1564 2093 1637 2150 et
1677 2077 2188 2148 foeneratorum
2233 2077 2567 2174 gregibus
2603 2083 2746 2148 in»

603 2183 815 2254 flatus
866 2199 1083 2282 atque
1130 2189 1500 2283 perculsus
1524 2183 1573 2275 5,
1629 2187 1845 2274 olim,
1898 2212 1992 2259 ne
2044 2185 2337 2282 Scyllaeo
2386 2188 2512 2257 illo
2561 2190 2717 2260 aeris

1771 2432 1819 2464 2.
1864 2415 2209 2464 calamistrata
2244 2431 2402 2463 coma.
2434 2417 2507 2463 De
2544 2416 2715 2464 eodem

1699 2496 1751 2542 in
1773 2495 1937 2542 eadem
1978 2495 2229 2541 oratione:
2262 2514 2285 2535 α
2310 2495 2409 2542 Cur
2439 2494 2491 2539 in
2517 2494 2711 2555 lustris,

1700 2585 1749 2621 et
1800 2572 2177 2621 helluationibus
2215 2571 2361 2633 hujus
2401 2572 2709 2621 calamistrati

680 2416 765 2466 13.
801 2415 1183 2465 nanciscemur.
1218 2418 1328 2466 Fuit
1358 2419 1486 2466 enim
1513 2420 1618 2467 for·

604 2502 735 2541 tunoe
761 2494 1035 2557 cujusdam,
1068 2507 1124 2544 ut
1155 2496 1325 2550 eodem
1356 2514 1482 2546 anno
1513 2497 1613 2545 duo

600 2571 911 2635 perditissimi
943 2575 1162 2623 consules
1195 2586 1378 2634 essent,
1405 2591 1613 2639 quorum

603 2659 803 2714 uterque
829 2669 939 2701 cum
964 2654 1162 2711 tribuno
1187 2655 1256 2718 pl.
1286 2654 1463 2703 Clodio
1491 2670 1612 2702 cou-

600 2729 766 2778 sensit.

678 2814 762 2861 ¹4.
811 2808 1136 2875 Asflt'gendum
1179 2821 1437 2872 equom-em
1484 2810 1616 2857 ordi-

604 2898 729 2931 nent.
770 2884 963 2948 Spectat
999 2886 1062 2933 ad
1098 2887 1241 2940 illud.
1274 2888 1407 2951 quod
1445 2890 1501 2936 1..
1529 2891 1614 2935 La-

603 2962 775 3019 miam,
812 2964 1080 3028 principem
1120 2967 1353 3028 equestris
1393 2967 1609 3025 ordinis,

600 3055 696 3102 pro
715 3041 868 3089 salute
887 3043 1135 3090 Ciceronis
1152 3044 1379 3092 acerrime
1400 3060 1616 3109 pugnan—

600 3128 700 3165 tem
719 3154 736 3180 ‚
786 3119 1019 3169 Gabinius
1066 3123 1236 3172 consul
1278 3124 1332 3171 in
1378 3126 1615 3172 concione

598 3196 854 3260 relegavit,
877 3199 1124 3265 edixitque
1139 3212 1196 3250 ut
1212 3201 1273 3249 ab
1287 3202 1406 3250 urbe
1427 3203 1615 3252 abesset

600 3275 750 3322 millia
784 3293 1012 3340 passuum
1048 3280 1292 3330 ducenta:
1327 3282 1388 3329 de
1420 3298 1520 3344 quo
1558 3284 1611 3329 in

598 3353 817 3400 oratioue
851 3365 965 3417 post
997 3356 1205 3404 reditum
1242 3358 1295 3404 in
1333 3369 1530 3417 senatu,
1562 3369 1612 3407 et

600 3445 678 3493 ep.
706 3429 768 3476 ad
794 3432 910 3482 Div.
935 3433 1022 3483 lib.
1044 3437 1137 3483 XI.

665 3509 807 3557 vm.
840 3525 886 3559 ι.
919 3512 1184 3576 [languentis
1204 3512 1431 3579 affluens.
1461 3514 1610 3564 Gabi-

595 3587 729 3634 nium
747 3587 1009 3652 siguificat,
1032 3592 1120 3654 qui
1138 3592 1203 3640 ob
1220 3592 1469 3639 mollitiem
1490 3593 1610 3641 odo-

598 3665 714 3712 ratis
757 3667 1028 3731 liquoribus
1081 3670 1456 3733 perfundebatur
1487 3689 1502 3720 ε
1548 3672 1609 3720 de

599 3758 700 3805 quo
731 3754 780 3792 et
818 3746 870 3793 in
905 3749 1124 3796 oratione
1164 3759 1276 3814 post
1312 3749 1518 3798 reditum
1556 3752 1610 3799 in

594 3831 764 3869 senatu
784 3837 798 3871 τ
822 3846 848 3866 κ
864 3825 951 3872 Ille
968 3861 985 3887 ‚
1006 3828 1188 3891 inquit,
1204 3833 1461 3891 unguentis
1483 3828 1607 3877 obli-

594 3909 672 3946 tus
696 3900 845 3949 irrisit
869 3904 1138 3967 squalorem
1165 3919 1373 3956 vestrum
1396 3923 1452 3968 ⁸3
1480 3918 1530 3955 et
1552 3908 1606 3954 in

594 3979 812 4027 oratioue
864 3982 918 4029 in
963 3984 1188 4032 Pisonem
1228 3999 1241 4033 t
1290 4006 1315 4026 σι
1345 3988 1492 4033 Erant
1534 3986 1605 4033 illi

594 4058 776 4122 compti
801 4059 989 4122 capilli,
1016 4071 1066 4108 et
1088 4063 1328 4117 madentes
1348 4064 1605 4113 cincinno-

594 4149 699 4182 rum
722 4128 923 4188 fimbriae
943 4160 989 4189 ¹·-

1699 2652 1937 2700 saltatoris
1971 2662 2067 2704 tam
2101 2651 2275 2698 eximia
2310 2651 2465 2700 virtus
2500 2661 2600 2697 tam
2628 2651 2716 2699 diu

1700 2731 1901 2779 cessavit
1914 2733 1937 2778 Ρ
1957 2753 1988 2772 ι
2009 2742 2058 2779 et
2084 2741 2197 2794 post
2219 2729 2427 2777 reditum
2450 2729 2500 2775 iu
2521 2739 2688 2777 senatu
2704 2764 2719 2788 ,

1702 2808 1764 2856 de
1790 2810 1957 2857 eodem
1979 2824 1993 2859 ε
2014 2830 2040 2851 α
2055 2812 2426 2871 Unguentorum
2449 2807 2591 2865 odor,
2613 2808 2715 2855 viui

1700 2888 1937 2935 anhelitus
1954 2922 1969 2947 ‚
2033 2886 2168 2933 frons
2226 2886 2486 2943 calamistri
2548 2896 2713 2933 notata

1701 2965 1912 3029 vesu’giis
1930 2987 1955 3006 ιι
1981 2980 1995 3013 :
2027 2975 2099 3012 est
2115 2975 2272 3011 autam
2294 2963 2614 3012 calamistrum
2642 2974 2716 3012 te·

1699 3059 1795 3090 nne
1830 3044 2007 3090 ferrum
2022 3077 2037 3102 ,
2073 3059 2172 3107 quo
2206 3043 2257 3090 in
2293 3044 2452 3091 cinere
2478 3042 2713 3090 calefacto

1699 3124 1971 3186 crispantur
2021 3122 2182 3185 capilli
2203 3158 2218 3183 ‚
2269 3121 2400 3170 unde
2463 3120 2586 3169 fiunt
2640 3121 2713 3169 illi

1700 3211 1940 3266 tamquam
1963 3200 2160 3260 annuli,
2187 3202 2273 3263 qui
2298 3200 2512 3248 cincinni
2533 3215 2713 3247 vocan-

1699 3290 1816 3328 tur:
1847 3278 2155 3342 intorquebat
2193 3278 2340 3341 igitur
2377 3277 2472 3325 sihi
2508 3277 2712 3340 capillos

1699 3359 1967 3406 calamistro
1994 3357 2229 3404 Gabinius
2261 3357 2467 3417 consul,
2493 3356 2711 3416 mollior,

1699 3446 1842 3499 atque
1888 3435 2225 3492 effeminatior,
2264 3451 2410 3498 quam
2443 3439 2513 3482 'et
2556 3436 2711 3484 astatis

1694 3513 1849 3573 illius,
1876 3524 1924 3561 et
1950 3515 2079 3575 ejus,
2102 3530 2248 3578 quam
2275 3512 2569 3572 sustinebat,
2594 3529 2708 3578 per,

1694 3607 1826 3640 sonoe
1851 3592 2061 3656 dignitas
2083 3593 2282 3642 serebat.

1765 3671 1816 3718 3.
1862 3672 2097 3720 AEcamlae
2139 3686 2259 3719 sua.
2304 3669 2406 3736 Qui
2442 3668 2561 3715 olim
2604 3670 2708 3728 eius

1694 3748 1977 3813 pudicitiam
2010 3765 2099 3813 per
2125 3763 2363 3797 summum
2399 3746 2607 3794 dedecus
2629 3755 2707 3792 at·

1695 3828 1945 3875 triverant.
2023 3833 2024 3836 ’

1764 3916 1814 3963 4.
1854 3905 2063 3955 Puteoli.
2101 3906 2299 3953 Basilica
2336 3904 2428 3952 fuit
2462 3917 2489 3948 a
2523 3900 2709 3953 Libone

1693 3997 1935 4035 exstructa
1950 4020 1966 4044 ‚
2034 3986 2087 4032 in
2137 3999 2231 4048 qua
2281 3982 2498 4030 fenebres
2549 3997 2707 4031 cause

1691 4065 1975 4129 agebantur.

1765 4145 1812 4192 5.
1839 4144 2044 4210 Inflams
2069 4150 2215 4203 atque
2236 4140 2498 4204 perculsus.
2521 4141 2704 4186 Locum
