2994 4778
552 375 689 462 584
1192 376 1290 442 Μ.
1340 375 1414 442 Τ.
1471 370 2030 442 CICERONIS

646 496 860 584 Vide,
911 518 1190 592 quaese,
1230 483 1587 580 Tuber05,
1633 505 1755 578 ut,
1792 490 1921 586 qui
1959 488 2049 560 de
2083 511 2249 557 meo
2296 486 2485 558 facto
2529 497 2690 558 non

555 606 880 678 dubitem
907 604 1181 689 dicere,
1213 603 1303 674 de
1330 604 1615 700 Ligario
1655 625 1805 671 non
1844 597 2143 669 audeam
2170 595 2531 668 confiteri.
2563 602 2693 667 At-

552 742 698 816 que
753 716 904 786 haec
961 728 1348 811 propterea
1412 711 1503 784 de
1567 736 1682 782 me
1740 709 1919 795 dixi,
1987 723 2066 782 ut
2122 707 2294 777 mihi
2349 707 2688 791 Tubero,

554 852 783 926 quum
839 825 943 898 de,
974 849 1049 895 se
1096 824 1345 900 eadem
1393 821 1744 906 dicerem,
1794 821 2198 914 ignosceret
2259 817 2516 911 :cujus
2551 840 2691 911 ego

553 937 924 1010 industriae
974 934 1361 1031 gloriaeque
1405 930 1647 1016 faveo,
1684 929 1793 999 vel
1850 943 2152 1026 propter
2196 927 2690 1024 propinquam

554 1048 1094 1146 cognationem,
1127 1044 1238 1115 vel
1284 1043 1482 1140 quod
1526 1044 1678 1136 ejus
1715 1040 2006 1134 ingenio
2045 1037 2444 1133 studiisque
2486 1035 2689 1107 dele-

555 1174 746 1244 ctor,
776 1155 890 1228 vel
917 1153 1116 1252 quod
1155 1152 1440 1224 laudem
1469 1149 1941 1223 adolescentis
1970 1148 2368 1244 propinqui
2386 1144 2419 1190 ⁶
2454 1145 2693 1216 existi-

558 1291 679 1338 mo
723 1266 937 1336 etiam
975 1262 1066 1334 ad
1104 1287 1347 1333 meum
1385 1262 1702 1358 aliquem
1742 1257 2057 1329 fructum
2088 1255 2560 1326 redundare⁷.
2699 1271 2702 1276 ’

651 1375 791 1446 Sed
837 1374 981 1445 hoc
1025 1398 1309 1470 quaero,
1351 1374 1516 1468 quis
1558 1384 1767 1469 putet
1814 1393 1968 1439 esse
2013 1370 2328 1451 crimen,
2360 1365 2573 1436 fuisse
2609 1367 2689 1434 in

558 1482 787 1555 Africa
844 1482 1249 1580 Ligarium?
1296 1486 1578 1578 Nempe
1627 1484 1719 1564 is,
1776 1481 1905 1574 qui
1954 1491 2026 1547 et
2084 1479 2241 1573 ipse
2304 1483 2380 1545 in
2442 1474 2692 1547 eadem

562 1592 797 1667 Africa
832 1618 985 1665 esse
1021 1592 1284 1679 voluit,
1315 1607 1387 1663 et
1428 1589 1886 1688 prohibitum
1922 1613 1997 1657 se
2035 1612 2076 1657 a
2121 1587 2404 1683 Ligario
2448 1587 2700 1682 queri-

558 1719 712 1790 tur,
756 1718 827 1773 et
865 1716 1059 1774 certe
1102 1717 1354 1772 contra
1394 1704 1634 1798 ipsum
1675 1703 2028 1770 Caesarem
2073 1711 2180 1767 est
2222 1690 2696 1792 congressus⁸

560 1825 894 1883 armatus.
936 1809 1129 1900 Quid
1165 1813 1398 1897 enim,
1433 1809 1813 1894 Tubero9,
1846 1805 2228 1878 destrictus
2265 1804 2385 1876 ille
2419 1820 2588 1876 tuus
2620 1807 2702 1874 iu

563 1924 711 1994 acie
744 1920 1145 1993 Pharsalica
1179 1920 1456 2018 gladius
1485 1918 1794 2016 agebat?
1838 1917 2043 2011 cujus
2081 1915 2269 1986 latus
2294 1916 2416 1986 ille
2448 1940 2702 1988 mucro

565 2030 905 2131 petebat?
937 2034 1066 2129 qui
1109 2053 1361 2103 sensus
1397 2044 1551 2102 erat
1592 2052 1959 2099 armorum
1996 2025 2335 2096 tuorum?
2371 2050 2538 2122 quae
2579 2039 2708 2094 tua

566 2145 820 2215 mens?
871 2142 1107 2214 oculi?
1155 2140 1458 2212 manus?
1508 2137 1724 2210 ardor
1769 2135 2031 2207 animi?
2083 2132 2263 2231 quid
2317 2133 2712 2232 cupiebas?

567 2252 744 2350 quid
799 2248 1235 2349 optabasw?
1282 2251 1511 2323 Nimis
1561 2273 1786 2344 urgeo
1843 2274 1859 2316 ε
1920 2247 2365 2317 commoveri
2420 2242 2712 2315 videtur

568 2361 1027 2433 adolescens:
1072 2360 1163 2433 ad
1203 2387 1321 2433 me
1356 2349 1696 2433 revertar.
1739 2355 2003 2429 Iisdem
2039 2358 2115 2426 in
2143 2355 2362 2426 armis
2397 2352 2611 2426 suin.

572 2553 714 2592 sent.
733 2543 858 2605 Qua
873 2541 1046 2590 Cicero
1068 2542 1231 2589 omnia
1255 2552 1367 2606 post
1387 2520 1594 2588 reditum

573 2637 712 2670 suum
739 2621 966 2686 deposuit
985 2657 1002 2681 ‚
1038 2636 1199 2669 mense
1232 2620 1452 2680 octobri,
1480 2635 1593 2667 nnn.

577 2718 676 2762 707
698 2738 713 2759 ,
739 2712 915 2764 quarto
955 2700 1148 2751 demum
1176 2717 1308 2749 anno
1335 2711 1596 2765 postquam

577 2796 632 2829 ea
660 2790 927 2842 acceperat.

647 2852 693 2899 5.
737 2848 881 2905 Vide,
923 2865 1088 2911 quaeso
1104 2882 1119 2907 ,
1168 2849 1374 2898 Tubero.
1419 2850 1599 2897 Sensus

577 2941 679 2991 est,
710 2928 836 2975 Vide
856 2963 870 2986 ,
893 2926 1115 2985 'saber-o,
1138 2943 1201 2975 nn
1230 2929 1482 2977 verisimile
1508 2929 1596 2984 sit,

580 3018 681 3057 non
698 3006 876 3055 audere
900 3005 961 3053 de
980 3007 1172 3070 Ligario
1191 3006 1443 3068 confiteri,
1462 3006 1601 3070 quod

580 3088 640 3135 de
658 3103 736 3135 me
757 3086 913 3152 palam
932 3085 1090 3134 dicere
1108 3103 1211 3134 uon
1230 3086 1484 3135 dubitem?

646 3167 701 3213 6.
744 3165 1080 3215 Adolescenti}
1104 3165 1388 3231 propinqui.
1433 3167 1601 3228 Quum

580 3243 745 3291 eadem
771 3261 827 3292 ae
853 3261 945 3309 ego
969 3247 1030 3292 sit
1056 3257 1227 3308 gente,
1267 3245 1388 3293 mihi
1414 3243 1603 3307 aliquid

581 3339 607 3368 e
633 3322 787 3387 gloria
814 3324 919 3383 ejus
938 3324 1319 3372 redundaturum
1335 3335 1477 3388 puto.
1533 3382 1536 3385 Ἴ

655 3417 705 3461 7.
736 3402 1042 3449 Redundare.
1072 3405 1191 3450 Haec
1217 3404 1380 3451 omnia
1406 3401 1603 3449 Cicero·

579 3497 690 3528 nem
719 3480 1081 3543 quodammodo
1119 3482 1196 3528 ed·
1215 3483 1455 3546 asperiora
1491 3497 1601 3545 quae

581 3569 843 3624 sequentur
859 3559 1159 3624 producunt.
1180 3562 1304 3608 Nem
1329 3577 1480 3623 quum
1501 3562 1602 3607 Tu-

582 3637 813 3687 beronem
848 3638 925 3687 bis
949 3640 1175 3688 laudibus
1202 3639 1442 3697 celebrat,
1468 3638 1600 3686 indi·

580 3729 657 3765 cat
693 3720 896 3768 omnino
931 3736 981 3767 se
1017 3722 1145 3784 oequi
1188 3719 1351 3768 studio
1388 3719 1452 3768 ad
1491 3735 1603 3768 eum

579 3798 905 3846 accusandum
928 3799 1163 3862 protrahi.

652 3876 703 3922 8.
733 3877 1041 3941 congressus.
1066 3877 1146 3924 Ad
1170 3894 1382 3942 pugnam
1403 3878 1605 3927 Pharsa-

580 3953 720 4001 licum
734 3989 747 4007 ,
769 3954 849 4001 cui
865 3954 1083 4018 Ligarius
1100 3970 1201 4001 non
1222 3955 1459 4004 adsuerat:

652 4048 702 4095 9.
736 4033 832 4078 ‘rer
853 4032 1233 4094 Quiuu1.v111,
1258 4044 1315 4091 4,
1340 4050 1401 4094 27
1418 4050 1435 4096 ς
1454 4037 1600 4093 v111,

580 4111 612 4157 6
631 4146 643 4168 ‚
674 4127 765 4172 ¹²3
795 4111 895 4169 tx,
919 4125 946 4157 a
965 4145 977 4169 ‚
1006 4126 1053 4171 7,
1074 4109 1205 4160 bunc
1224 4111 1385 4160 locum
1407 4114 1476 4160 sic
1497 4113 1598 4162 lan-

1682 2536 1795 2594 det,
1832 2559 1858 2577 «ι
1879 2534 2015 2598 Quid
2043 2536 2171 2582 enim
2202 2545 2317 2582 tuus
2340 2535 2458 2594 ille,
2485 2535 2712 2595 Tubem,

1682 2614 1968 2672 destrictum,
1995 2624 2089 2663 etc.
2109 2635 2135 2655 ι·
2162 2617 2212 2662 J.
2233 2616 2301 2660 V.
2327 2614 2385 2661 1..

1757 2711 1838 2743 xo.
1877 2694 2014 2758 Quid
2033 2691 2276 2756 optabas?
2304 2691 2444 2740 Nihil
2475 2703 2551 2739 est
2586 2692 2713 2740 vivi-

1684 2774 1791 2822 dius
1806 2809 1820 2833 ,
1849 2772 1972 2820 nibil
1990 2772 2197 2819 mirabili
2218 2772 2368 2834 magis
2389 2781 2491 2818 arte
2512 2787 2712 2835 compo·

1682 2851 1829 2900 eitum
1866 2862 1915 2898 et
1950 2850 2228 2899 ordinatum
2262 2867 2409 2914 quam
2437 2850 2580 2898 locus
2612 2850 2712 2898 ille.

1683 2930 1762 2978 Ab
1799 2929 2028 2977 omuibus
2065 2932 2156 2977 suit
2197 2930 2500 2987 celebratus,
2539 2931 2626 2993 qui
2653 2929 2717 2977 de

1685 3011 1922 3059 Cicerone
1948 3009 2193 3057 dixerunt.
2217 3009 2314 3057 Sed
2333 3025 2446 3071 quae
2468 3011 2633 3057 omnia
2655 3009 2718 3055 de

1686 3105 1746 3137 eo
1774 3087 1964 3153 prolata
1990 3100 2104 3136 sunt
2119 3123 2132 3147 ,
2161 3088 2279 3135 mibi
2305 3088 2508 3151 quidem
2533 3088 2711 3136 abeona

1688 3166 1941 3214 videntur:
1972 3183 2083 3215 uam
2111 3167 2257 3215 verba
2290 3167 2372 3214 illa
2408 3167 2526 3215 entis
2556 3184 2642 3231 per
2664 3184 2713 3214 se

1688 3244 2114 3305 commendatum
2150 3256 2200 3293 et
2234 3261 2390 3309 quum
2419 3256 2708 3293 commenta-

1687 3328 1869 3372 riorum
1891 3324 2209 3373 fabricatores
2227 3324 2307 3371 bic
2325 3323 2594 3372 admouent
2608 3339 2709 3378 non,

1686 3404 1937 3451 Romanos
1961 3404 2181 3467 punctim
2213 3403 2355 3451 ferire
2390 3403 2563 3450 hostes
2595 3418 2712 3449 eon-

1687 3482 1913 3540 saevisse,
1936 3493 1986 3529 et
2003 3482 2092 3529 alia
2113 3482 2415 3546 hujusmodi,
2431 3497 2605 3529 nonne
2621 3482 2715 3528 vim

1688 3577 1881 3608 omnem
1919 3561 2114 3608 diluunt
2129 3598 2144 3623 ,
2190 3562 2266 3608 his
2304 3561 2444 3609 vanis
2480 3572 2534 3608 et
2560 3559 2716 3609 futili-

1689 3640 1780 3687 bus
1805 3642 2135 3703 argumentis?
2164 3640 2423 3704 Quidquid
2459 3651 2535 3692 est
2554 3675 2569 3697 ,
2595 3638 2715 3687 adeo

1688 3720 1780 3768 hac
1807 3720 2042 3767 orationi·
2078 3732 2216 3783 parte
2256 3721 2419 3768 Caesar
2457 3720 2551 3766 suit
2586 3734 2732 3766 σοον.

1689 3810 1880 3856 motus,
1907 3808 1963 3846 ut
1989 3798 2186 3846 libellos
2212 3815 2340 3863 quos
2362 3797 2557 3846 tenebat
2574 3831 2591 3857 ,
2617 3798 2719 3861 qui·

1689 3879 1879 3943 busque
1899 3879 2140 3943 Ligurium
2159 3879 2520 3928 condemn-bet
2538 3915 2554 3939 ,
2576 3892 2718 3924 mnu

1688 3958 1935 4014 emiserit,
1969 3958 2106 4022 quasi
2145 3975 2196 4005 se
2230 3959 2414 4007 vietum
2442 3958 2717 4021 eloquenti·

1689 4035 2017 4100 profiteretur.

1767 4132 1783 4162 ι
1802 4132 1842 4162 1.
1883 4115 2060 4163 Iisdem
2087 4116 2135 4162 in
2163 4113 2310 4163 armis
2331 4112 2428 4176 firi.
2468 4115 2616 4163 Multi
2640 4107 2712 4162 lo-
