2994 4778
600 384 741 459 366
1177 385 1272 450 Μ.
1326 385 1404 450 Τ.
1462 382 2049 454 CICERONIS

599 505 920 579 namenti
947 501 1416 602 expetebam?
1435 502 1825 576 Consulem
1849 516 2021 601 ego²
2043 519 2196 575 tum
2229 504 2696 602 requirebam
2712 562 2730 591 ‚

596 614 1010 700 consulem,
1045 616 1379 711 inquam,
1418 639 1568 684 non
1606 612 1810 684 illum
1846 613 2177 711 quidem,
2213 638 2433 710 quem
2474 617 2550 685 in
2591 615 2735 687 hoc

602 722 931 798 animali³
971 725 1291 794 invenire
1324 748 1477 793 non
1510 747 1822 820 possem,
1843 725 1974 820 qui
2015 739 2282 794 tantam
2314 727 2734 823 reipublicae

598 860 883 910 causam
939 836 1278 930 gravitate
1325 850 1398 904 et
1441 834 1741 904 consilio
1783 858 1916 904 suo
1960 848 2322 919 tueretur,
2378 835 2512 905 sed
2565 841 2729 934 qui,

598 962 961 1041 tamquam
1024 958 1323 1013 truncus
1386 958 1604 1038 atque
1658 944 1877 1039 stipes
1899 997 1918 1029 ‚
1995 945 2054 1014 si
2112 945 2417 1016 stetisset
2470 947 2730 1033 modo,

595 1069 836 1155 posset
865 1054 1212 1124 sustinere
1233 1066 1467 1122 tamen
1495 1052 1784 1123 titulum
1805 1052 2242 1124 consulatus,
2260 1057 2510 1145 Quum
2538 1059 2726 1127 enim

594 1179 778 1238 esset
839 1165 1076 1232 omnis
1134 1184 1344 1232 causa
1386 1161 1508 1231 illa
1556 1186 1716 1232 mea
1760 1163 2176 1234 consularis·
2211 1179 2285 1234 et
2334 1168 2725 1253 senatoria,

574 1258 861 1347 >auxilio
896 1273 1072 1343 mihi
1101 1298 1288 1371 opus
1321 1270 1556 1343 fuerat
1590 1286 1663 1343 et
1703 1271 2053 1359 consuliS‚
2073 1287 2145 1343 et
2170 1288 2464 1346 senatus
2494 1303 2508 1344 :
2535 1301 2722 1372 quo-

597 1394 760 1456 ruin
800 1384 1106 1454 alterum
1152 1385 1367 1454 etiam
1413 1381 1505 1452 ad
1542 1382 1934 1479 perniciem
1975 1406 2214 1453 meam
2252 1397 2402 1453 erat
2442 1408 2484 1453 a
2520 1383 2725 1457 vobis

593 1490 1011 1566 consulibus
1069 1516 1493 1563 conversum
1523 1517 1544 1577 ;
1604 1490 1909 1562 alterum
1966 1491 2380 1589 reipublicae
2435 1497 2724 1591 penitus

594 1618 946 1702 ereptum.
992 1606 1315 1673 Attamen
1338 1656 1357 1688 ‚
1404 1603 1463 1671 si
1500 1602 1880 1672 consilium
1919 1603 2238 1698 exquiris
2275 1627 2560 1691 meum,
2595 1632 2720 1677 ne·

588 1736 733 1810 que
774 1736 911 1809 ego
961 1715 1361 1794 cessissem,
1405 1725 1477 1781 et
1515 1735 1632 1781 me
1690 1711 1840 1807 ipsa
1900 1733 2034 1781 suo
2070 1711 2454 1808 complexu
2491 1718 2722 1809 patria

592 1825 979 1909 tenuisset,
1018 1823 1074 1894 si
1126 1822 1304 1893 mihi
1349 1844 1515 1891 cum
1557 1819 1683 1890 illo
1714 1817 2092 1891 bustuario
2137 1820 2528 1918 gladiatore
2550 1822 2609 1910 4,
2651 1840 2723 1894 et

596 1949 868 2020 tecum,
908 1947 981 2004 et
1026 1957 1190 2003 cum
1226 1931 1494 2028 collega
1533 1944 1664 2000 tuo
1695 1929 2212 2001 decertandum
2257 1929 2530 2003 fuisset.
2571 1935 2719 2004 Alia

594 2043 789 2114 enim
815 2030 1065 2113 causa⁵
1095 2040 1660 2139 praestantissimi
1685 2040 1845 2126 viri,
1878 2040 1962 2128 Q.
1997 2040 2292 2123 Metelli,
2315 2038 2712 2137 fuit:quem

596 2178 731 2251 ego
782 2155 1048 2238 civem,
1089 2177 1255 2222 meo
1284 2150 1559 2248 judicio
1587 2203 1608 2240 ‚
1648 2174 1813 2221 cum
1863 2149 2166 2220 deorum
2207 2152 2715 2223 immortalium

594 2260 804 2334 laude
856 2262 1265 2360 conjung03
1320 2265 1447 2359 qui
1495 2265 1576 2333 C.
1618 2259 1722 2330 illi
1755 2260 2018 2346 Mari0‚
2077 2259 2470 2333 fortissimo
2511 2264 2669 2333 viro
2699 2318 2718 2349 ‚

588 2386 660 2443 et
702 2368 1017 2458 consuli,
1050 2386 1123 2443 et
1156 2386 1437 2444 sextum
1470 2368 1784 2457 consuli,
1811 2384 1884 2442 et
1916 2368 2071 2465 ejus
2105 2371 2389 2443 invictis
2417 2372 2720 2471 legioni·

588 2479 765 2565 bu5‚
794 2504 886 2550 ne
905 2482 1119 2551 armis
1147 2479 1599 2576 confligeret,
1632 2478 2036 2551 cedendum
2062 2503 2210 2551 esse
2236 2480 2468 2552 duxit.
2501 2486 2720 2573 Quod

527 2681 530 2685 Δ
583 2592 762 2662 mihi
795 2590 1016 2688 igitur
1053 2606 1412 2662 certamen
1447 2603 1633 2659 esset
1671 2588 2138 2683 hujusmodi?
2174 2612 2341 2660 cum
2372 2596 2452 2663 C.
2488 2595 2721 2665 Mario

586 2702 853 2773 scilicet
873 2754 894 2787 ‚
924 2713 1049 2771 aut
1080 2723 1245 2771 cum
1280 2698 1526 2794 aliquo
1559 2698 1749 2794 pari,
1778 2722 1872 2768 an
1904 2721 2070 2768 cum
2098 2697 2323 2770 altero
2345 2755 2364 2786 ,
2401 2699 2720 2775 barbaro

589 2806 1183 2909 Epicureo⁶‚cum
1219 2808 1447 2880 altero
1467 2864 1486 2896 ‚
1516 2808 1833 2879 Catiliuae
1870 2808 2253 2880 laternario
2269 2811 2343 2879 7?
2373 2836 2562 2907 quos
2597 2838 2721 2885 ne·

660 3016 706 3050 a.
728 2999 983 3049 consulem
1009 3015 1114 3065 ego.
1152 2999 1286 3048 Miro
1318 3008 1607 3062 contemptu

588 3080 782 3128 Pisonis
800 3078 1139 3142 indignitatem
1157 3077 1466 3142 perstrinxit:
1494 3093 1606 3125 eum

590 3173 697 3206 non
721 3159 880 3207 solum
905 3169 1048 3223 negat
1064 3158 1216 3207 fuisse
1243 3160 1406 3206 animo
1425 3168 1473 3205 et
1501 3173 1608 3221 gra·

593 3237 740 3285 vitate
766 3238 1015 3285 consulem
1032 3272 1048 3297 ‚
1091 3237 1178 3285 sed
1225 3239 1348 3287 adeo
1405 3238 1605 3285 nomine

590 3315 804 3362 consulis
827 3315 1084 3379 indignum
1102 3317 1248 3364 fuisse
1273 3317 1395 3363 dicit
1409 3349 1425 3376 ,
1460 3326 1515 3363 ut
1543 3332 1604 3364 ne

586 3406 765 3438 nomen
790 3391 985 3454 quidem
1008 3403 1057 3440 et
1077 3393 1271 3440 titulum
1295 3396 1567 3443 sustineret.

662 3469 712 3516 3.
735 3468 978 3528 Isidorus,
1000 3471 1191 3534 Origin.
1214 3474 1262 3518 11
1282 3506 1297 3529 ‚
1339 3473 1398 3518 31
1417 3506 1432 3528 ‚
1457 3473 1605 3521 babet

586 3546 774 3594 maiali.
809 3549 1015 3595 Damnat
1048 3550 1371 3596 Hottomann.
1394 3550 1599 3598 Obm.

584 3627 708 3674 vm
726 3660 741 3682 ‚
772 3642 819 3686 ς.
843 3624 1058 3673 Probant
1084 3635 1242 3672 tamen
1268 3625 1424 3673 multi.

658 3713 710 3760 4.
749 3701 1003 3750 Bustucm‘o
1032 3702 1332 3767 gladiatore.
1365 3703 1603 3753 Existimo

589 3793 834 3830 oratorem
864 3780 927 3827 ad
953 3780 1195 3845 peculiare
1228 3782 1393 3831 Clodii
1413 3783 1600 3832 facinus

1693 2996 1950 3059 qnisquam
1989 2997 2254 3052 existimet,
2285 3012 2362 3045 me
2394 3000 2571 3062 Quinti
2613 3002 2714 3050 Me·

1695 3074 1798 3123 telli
1840 3074 2093 3123 Numidici
2132 3077 2314 3124 factum
2356 3078 2571 3127 voluisse
2605 3081 2713 3128 imi-

1696 3154 1788 3200 tari
1802 3188 1817 3212 ,
1845 3154 1930 3217 qni
1951 3156 2092 3217 quod
2114 3157 2167 3203 in
2191 3156 2311 3203 Luc.
2332 3157 2534 3222 Apuleii
2552 3162 2711 3207 Satur·

1695 3232 1801 3280 nini
1833 3232 1987 3296 legem
2014 3235 2247 3295 agrariam
2274 3240 2528 3287 annitente
2553 3240 2707 3286 Mario

1691 3313 1838 3361 latam
1874 3313 1935 3361 de
1962 3314 2092 3376 agris
2124 3316 2306 3364 viritim
2340 3317 2612 3366 dividendis
2630 3320 2708 3379 ju-

1691 3409 1794 3442 rare
1846 3393 2108 3452 noluisset,
2155 3394 2216 3442 de
2266 3385 2465 3446 civitate
2513 3398 2707 3460 maluit,

1691 3487 1836 3534 qnam
1855 3472 1917 3519 de
1939 3476 2173 3522 sententia
2195 3473 2517 3538 ‹limos-etQ&
2539 3487 2710 3542 sponte

1691 3552 1930 3599 concessit
1955 3586 1969 3610 ‚
1991 3569 2052 3600 ne
2070 3555 2113 3601 si
2136 3553 2294 3602 invito
2324 3555 2488 3603 Mario
2515 3557 2570 3604 in
2593 3556 2712 3604 urbe

1689 3643 1934 3677 remanere
1968 3633 2202 3680 voluisset
2215 3666 2231 3690 ,
2275 3649 2387 3681 cnm
2422 3637 2587 3683 Mario
2616 3637 2713 3684 for·

1691 3708 1874 3755 tissime
1917 3711 2208 3774 imperatore
2252 3715 2398 3760 armis
2445 3714 2715 3779 confligens

1689 3786 2037 3850 rempublicam
2075 3790 2128 3836 in
2158 3804 2301 3852 grave
2332 3792 2597 3840 diam-imezi
2624 3792 2710 3840 ad·

580 3859 794 3908 alludens
817 3874 831 3909 ε
855 3858 1143 3923 gladiatores
1170 3861 1300 3910 enim
1324 3863 1598 3913 bustuarios
1686 3863 1899 3915 duceret.

580 3938 644 3986 ad
656 3939 943 3987 seditionem
960 3940 1305 3999 concitaverat,
1320 3955 1375 3991 ut
1387 3942 1595 3992 reditum

582 4018 807 4067 Ciceroni
834 4017 1168 4083 praeluderet.

1754 3944 1804 3992 6.
1833 3943 2030 3992 ῙΑΙΙοιιι.
2057 3946 2284 4011 Epicuro.
2581 4003 2587 4006 ,

1755 4038 1802 4082 7.
1853 4022 2088 4073 Catilina·
2139 4025 2426 4077 laeemario.
2485 4032 2705 4078 Latema·

654 4098 699 4146 5.
728 4097 845 4147 Alia
874 4097 999 4146 enim
1036 4114 1208 4147 causa.
1232 4099 1348 4147 Non
1366 4111 1437 4148 est
1454 4100 1591 4164 quod
1679 4099 1803 4148 rium
1818 4104 2118 4168 vocat,quod
2130 4105 2193 4153 ad
2205 4106 2711 4169 explendaslibidines
