2994 4778
610 393 749 462 282
1261 394 1357 460 M.
1410 395 1488 460 T.
1545 393 2094 462 CICERONIS

547 570 553 576 .
611 537 780 584 men
824 525 1201 608 oporteret
1242 511 1333 583 ab
1393 511 1650 585 eodem
1698 514 1818 584 illa
1868 513 2155 599 omnia,
2215 535 2252 582 a
2311 535 2460 608 quo
2511 511 2777 608 profli-

609 635 772 720 gata
795 631 857 664 ¹²
891 637 1094 710 sunt,
1122 620 1383 693 confici
1411 622 1618 694 velle.
1650 627 1897 715 Quum
1921 646 2096 694 vero
2123 621 2242 692 ille
2261 646 2404 692 suae
2429 619 2776 717 gloriae¹³

606 730 1074 828 jampridem,
1115 731 1534 829 reipublicae
1580 732 1913 804 nondum
1958 730 2407 819 satisfecerit,
2443 747 2519 802 et
2557 732 2775 803 malit

612 858 855 913 tamen
896 842 1166 915 tardius
1193 843 1283 914 ad
1317 867 1616 914 suorum
1654 843 1989 915 laborum
2022 841 2297 913 fructus
2331 845 2723 939 pervenire
2748 897 2773 928 ,

614 976 833 1048 quam
898 976 1051 1022 non
1117 952 1406 1050 explere
1466 967 1885 1050 susceptum
1952 952 2368 1050 reipublicae
2430 976 2705 1023 munus
2745 979 2767 1021 ε

613 1087 750 1133 nec
804 1064 1350 1160 imperatorem,
1414 1065 1806 1149 incensum,
1842 1062 1932 1133 ad
1988 1061 2508 1160 rempublicam
2558 1061 2773 1133 bene

617 1171 1003 1269 gerendam
1024 1227 1043 1261 ,
1071 1197 1443 1262 revocare,
1473 1198 1608 1244 nec
1637 1188 1862 1243 totam
1890 1171 2144 1243 Gallici
2170 1171 2346 1243 belli
2372 1173 2768 1257 rationem,

617 1306 851 1380 prope
894 1283 1041 1377 jam
1090 1282 1512 1380 explicatam
1541 1285 1628 1369 ¹⁴¹⁴,
1681 1281 2106 1381 perturbare
2149 1297 2368 1380 atque
2405 1281 2769 1379 impedire

618 1391 992 1463 debemus,

716 1506 871 1573 XV.
941 1505 1128 1574 Nam
1184 1502 1319 1572 illae
1379 1505 1752 1574 sententiae
1813 1503 2136 1589 virorum
2197 1499 2765 1571 clarissimorum

621 1613 923 1684 minime
979 1609 1370 1710 probandae
1431 1627 1607 1683 sunt
1652 1640 1668 1681 ε
1731 1636 2049 1708 quorum
2105 1610 2288 1681 alter
2338 1610 2762 1681 ulteriorem

623 1722 925 1793 Galliam
987 1721 1310 1792 decernit
1379 1746 1547 1794 cum
1607 1723 1852 1819 Syria,
1900 1721 2081 1793 alter
2129 1722 2562 1793 citeriorem.
2614 1724 2766 1811 Qui

624 1832 1081 1918 ulteriorem3
1144 1836 1387 1904 omnia
1445 1833 1617 1920 illa,
1680 1833 1772 1904 de
1836 1832 2103 1930 quibus
2160 1832 2464 1903 disserui
2515 1830 2764 1928 paullo

623 1956 830 2029 ante,
866 1942 1282 2039 perturbat3
1336 1942 1550 2013 simul
1601 1943 1956 2030 ostendit,
2002 1967 2155 2013 eam
2197 1967 2272 2012 se
2310 1944 2614 2013 sciscere
2665 1940 2768 2011 le-

624 2078 787 2150 gem
806 2107 826 2137 ,
861 2077 1075 2150 quam
1099 2077 1252 2124 esse
1274 2053 1506 2149 legem
1536 2068 1749 2150 neget
1771 2065 1832 2140 ¹3
1861 2068 1969 2136 et,
1999 2078 2158 2149 quae
2182 2076 2346 2148 pars
2374 2052 2764 2147 provinciae

625 2167 750 2247 sit,
787 2166 903 2234 cui
954 2190 1101 2235 non
1156 2166 1381 2260 possit
1434 2162 2046 2250 intercedi„hanc
2098 2187 2173 2233 se
2215 2162 2551 2246 avellere;
2590 2184 2760 2256 quae

624 2270 1076 2344 defensorem
1120 2272 1452 2360 babeat2,
1496 2298 1645 2345 non
1685 2288 1977 2370 tangere
2015 2300 2031 2343 ε
2079 2272 2291 2342 simul
2338 2285 2411 2341 et
2448 2269 2626 2342 illud
2664 2269 2766 2341 fa·

624 2384 757 2466 cit,
803 2398 914 2469 ut,
961 2382 1159 2479 quod
1202 2382 1304 2453 illi
1345 2408 1399 2480 a·
1421 2383 1697 2482 populo
1726 2383 1974 2455 datum
2009 2384 2099 2454 sit
2125 2438 2144 2470 ,
2175 2381 2250 2452 id
2283 2377 2480 2453 non3
2514 2381 2767 2466 violet3

626 2494 825 2591 quod
877 2510 1168 2566 senatus
1223 2493 1537 2582 dederit,
1595 2495 1670 2565 id
1720 2511 2010 2566 senator
2064 2507 2405 2592 properet
2447 2493 2763 2564 auferre.

619 2605 818 2675 Alter
869 2604 1041 2676 belli
1099 2604 1349 2676 Gallici
1410 2608 1765 2676 rationem
1823 2605 2086 2692 habet;
2140 2603 2469 2702 fungitur
2518 2603 2766 2675 officio

697 2799 718 2829 ι
730 2798 777 2829 a.
798 2781 1085 2848 Pmffigata.
1099 2783 1297 2828 Tusc.V
1319 2796 1333 2828 ε
1353 2803 1377 2823 α
1388 2780 1645 2846 profligata

617 2865 717 2924 jam
741 2863 846 2910 haec
862 2896 877 2919 ,
897 2874 946 2910 et
970 2878 1114 2927 pene
1139 2861 1201 2909 ad
1221 2861 1406 2909 exitum
1434 2861 1645 2911 deducta

622 2943 830 3007 quaestio
853 2953 925 2989 est
946 2964 987 2989 υ.
1028 2926 1094 2988 Ιῐιν
1111 2939 1329 2989 eamdem
1356 2943 1645 2991 senteutiam

621 3023 794 3070 confer
812 3023 935 3078 xn,
958 3031 1020 3080 ¹4
1047 3022 1111 3068 ad
1138 3022 1249 3069 niv.

700 3103 779 3150 13.
815 3103 928 3149 Suoe
946 3101 1319 3168 gloria-..Hunc
1346 3102 1514 3151 locum
1542 3101 1645 3150 fuse

618 3192 667 3229 et
680 3183 838 3246 magni
844 3180 1149 3230 licentissime
1160 3181 1423 3230 verborum
1439 3181 1645 3229 decursu

620 3271 795 3308 tractat
828 3277 918 3325 pro
955 3261 1192 3310 Marcello
1229 3261 1315 3309 ubi
1345 3272 1395 3309 et
1431 3262 1646 3310 ostendit

622 3337 857 3385 Caesarem
885 3340 1052 3401 gloria!
1078 3339 1297 3388 nondum
1326 3341 1641 3397 satisfecisse,

619 3417 839 3478 quamvis
865 3419 1097 3465 confectis
1125 3435 1226 3465 non
1256 3419 1455 3468 Gallicis
1482 3421 1641 3467 solum

622 3493 791 3554 bellis,
831 3496 917 3542 sed
945 3496 1088 3543 etiam
1125 3496 1350 3543 civilibus
1376 3510 1389 3544 ε
1417 3497 1575 3560 «quid
1603 3497 1643 3544 si

625 3572 756 3619 istud
807 3589 869 3619 ne
919 3573 1086 3637 gloriae
1136 3573 1334 3636 quidem
1387 3585 1482 3620 tuae
1528 3577 1642 3623 satis

621 3664 719 3708 est,
748 3664 843 3700 etc.
867 3673 888 3693 ι

697 3739 775 3788 ¹4·
802 3730 1135 3796 Explicaeam.
1163 3733 1321 3794 Prope
1349 3732 1449 3792 jam
1477 3733 1638 3784 termi-

619 3822 780 3858 natam
807 3824 856 3860 et
880 3823 1273 3860 consummatam.
1300 3812 1452 3873 Cujus
1470 3829 1639 3862 sensus

618 3891 821 3952 plurima
862 3901 1125 3938 occurrunt
1165 3891 1403 3956 exempla.
1456 3892 1640 3941 Confer

621 3967 779 4028 Plaut.
807 3969 998 4017 Poenul.
1024 3972 1127 4025 111,
1161 3970 1211 4017 5.

690 4050 801 4097 XV.
848 4064 893 4097 1.
942 4051 1098 4112 Quam
1136 4065 1243 4097 esse
1284 4049 1441 4114 Iegem
1474 4062 1632 4114 neget.

617 4133 738 4194 Lege
767 4130 963 4178 Vatinia
985 4130 1143 4179 Gallia
1175 4129 1369 4177 citerior
1394 4131 1495 4177 sive
1524 4130 1632 4178 Cis-

1730 2784 1891 2847 alpina
1918 2800 2027 2848 quae
2057 2783 2314 2832 Rubicone
2341 2782 2497 2832 fluvio
2540 2793 2590 2829 et
2621 2782 2767 2848 Alpi·

1731 2862 1824 2911 bus
1853 2865 2133 2912 continetur
2169 2879 2266 2910 una
2310 2879 2419 2911 cum
2461 2862 2678 2926 Illyrico
2715 2865 2771 2910 iu

1732 2943 2116 3006 quinquennium
2141 2942 2319 2990 Caesari
2346 2941 2457 2990 data
2481 2942 2646 2990 suerat
2668 2957 2768 3005 po-

1730 3020 1835 3084 puli
1864 3022 2049 3068 romani
2079 3020 2353 3085 suffragiis,
2381 3022 2544 3067 invito
2572 3032 2769 3069 senatu.

1731 3100 2022 3148 Ulteriorem
2041 3111 2202 3148 autem
2217 3136 2230 3157 ,
2256 3103 2356 3147 sive
2371 3134 2389 3157 ,
2413 3110 2464 3146 ut
2490 3098 2762 3156 vocabant,

1731 3180 2096 3244 Transalpinam
2131 3197 2159 3226 a
2196 3191 2366 3227 senatu
2401 3178 2613 3225 habebat
2655 3178 2767 3241 lege

1733 3259 2035 3322 Sempronia.
2069 3258 2166 3320 Qui
2195 3259 2343 3322 igitur
2361 3257 2637 3305 ulteriorem
2657 3257 2766 3304 Cae-

1732 3339 1851 3386 saris
1866 3338 2132 3385 successori
2149 3335 2497 3385 decernendam
2513 3334 2763 3390 censebat,

1732 3418 1968 3466 rationem
1997 3417 2113 3464 belli
2141 3417 2480 3480 perturbabat,
2514 3425 2557 3463 et
2597 3414 2760 3478 legem

1732 3498 1973 3543 Vatiniam
1987 3529 2001 3554 ,
2021 3506 2190 3542 contra
2209 3507 2400 3544 senatus
2420 3494 2760 3543 auctoritatem

1729 3574 1877 3622 latam
1895 3610 1909 3632 ,
1962 3574 2233 3639 approbare
2293 3574 2552 3621 videbatur
2571 3609 2586 3631 ,
2641 3573 2763 3621 dum

1727 3653 1867 3700 illum
1899 3653 2152 3717 provincia
2180 3669 2204 3699 a
2234 3654 2424 3718 populo
2461 3653 2572 3700 data
2609 3654 2766 3716 potiri

1726 3732 2015 3796 patiebatur.
2054 3732 2279 3780 Ostendit
2318 3742 2527 3795 quatuor
2569 3731 2766 3779 incom-

1729 3812 1869 3860 moda
1887 3830 1949 3860 ex
1966 3812 2058 3859 bac
2077 3813 2315 3860 sententIa
2335 3814 2468 3859 oriri.

1799 3909 1846 3938 2.
1878 3893 1997 3954 Quae
2039 3890 2338 3958 defensorem
2385 3891 2599 3946 habeat,
2661 3907 2761 3937 non

1726 3983 1945 4035 tangere.
1990 3970 2049 4018 Id
2087 3984 2182 4030 est,
2220 3972 2298 4018 cui
2336 3971 2489 4034 possit
2531 3970 2762 4018 tribunus

1725 4050 2044 4097 intercedere.

1800 4132 1847 4177 3.
1881 4131 1948 4178 Id
1969 4147 2068 4177 non
2099 4129 2262 4177 violet.
2290 4129 2346 4176 Id
2370 4140 2469 4190 cst,
2492 4129 2755 4192 approbet.
