2994 4778
624 420 767 493 286
1278 424 1374 490 M.
1419 426 1496 492 T.
1551 426 2117 497 CICERONIS

612 547 795 616 luit:
837 542 1103 641 quibus
1156 567 1291 641 ego
1340 546 1398 615 si
1457 546 1695 617 minus
1744 546 2220 637 assentiebar,
2266 563 2505 621 tamen
2565 551 2791 625 illius

610 653 789 724 mihi
822 653 1173 749 judicium
1206 668 1483 749 gratum
1519 680 1671 727 esse
1700 656 2037 728 debebat.
2077 662 2196 729 Me
2238 659 2391 743 ille,
2428 675 2511 731 ut
2541 666 2791 761 quin-

607 761 1108 862 queviratum⁵
1162 765 1599 861 acciperem,
1648 768 1965 861 rogavit;
2029 790 2144 838 me
2197 772 2266 837 in
2321 768 2560 841 tribus
2625 771 2786 842 sibi

605 875 1202 969 conjunctissimis
1232 871 1783 946 consularibus⁶
1821 896 1974 947 esse
2011 878 2276 965 voluit3
2322 879 2505 949 mihi
2552 879 2780 978 lega-

606 991 878 1057 tionem
904 998 954 1071 ⁷,
998 1009 1216 1083 quarn
1250 983 1545 1070 vellem,
1600 1001 1876 1082 quanto
1925 1012 2087 1059 cum
2127 988 2407 1060 honore
2445 991 2728 1063 vellem
2757 1032 2780 1063 9

604 1096 889 1168 detulit.
932 1098 1109 1186 Quae
1148 1118 1283 1193 ego
1322 1096 1564 1164 omnia
1605 1120 1756 1165 non
1797 1097 2081 1193 ingrato
2121 1102 2364 1169 animo
2389 1152 2409 1185 ,
2448 1100 2576 1171 sed
2616 1099 2774 1172 ob-

603 1210 991 1279 stinatione
1025 1204 1334 1303 quadam
1364 1206 1737 1275 sententiae
1769 1205 2157 1303 repudiavi.
2189 1211 2426 1299 Quam
2465 1213 2773 1308 sapien-

600 1316 780 1405 terss,
831 1341 981 1387 non
1025 1317 1352 1412 disputo;
1403 1315 1648 1385 multis
1700 1316 1897 1386 euim
1949 1341 2100 1387 non
2151 1316 2529 1415 probab03
2575 1344 2771 1390 con-

600 1446 876 1504 stanter
928 1429 1263 1527 quidem,
1305 1443 1378 1499 et
1429 1426 1709 1499 fortiter
1746 1444 1982 1500 certe:
2024 1434 2148 1528 qui
2190 1457 2421 1530 quum
2466 1458 2588 1504 me
2630 1432 2770 1503 fir-

603 1542 935 1614 ‘missimis
984 1536 1248 1637 opibus
1308 1552 1560 1609 contra
1611 1537 1844 1609 scelus
1905 1541 2363 1612 inimicorum
2413 1546 2710 1615 munire
2741 1599 2763 1629 ,

606 1668 675 1723 et
720 1650 1106 1749 populares
1152 1651 1464 1746 impetus
1514 1635 1852 1745 populari
1902 1649 2277 1746 praesidioo
2321 1654 2763 1749 propulsare

601 1764 929 1861 possem,
978 1760 1304 1856 quamvis
1354 1759 1686 1854 excipere
1733 1756 2132 1846 fortunam,
2170 1761 2414 1832 subire
2447 1766 2591 1832 vim
2637 1781 2758 1834 at-

600 1897 744 1969 que
777 1870 1111 1964 injuriam
1136 1878 1199 1911 ¹⁰
1236 1868 1485 1953 malui,
1523 1890 1738 1964 quam
1775 1883 1901 1938 aut
1930 1895 1970 1939 a
1996 1874 2249 1940 vestris
2279 1874 2757 1945 sanctissimis

601 1981 968 2077 mentibus
1032 1977 1412 2063 dissidere,
1475 1991 1600 2046 aut
1653 1976 1744 2048 de
1804 2003 1970 2050 meo
2026 1992 2287 2051 statu¹¹
2346 1982 2743 2056 declinare.

602 2186 777 2234 consul
816 2184 1104 2248 publicanos
1146 2182 1285 2231 tertia
1320 2179 1625 2245 vectigalium

601 2275 738 2330 parte
791 2263 1053 2319 relevavit,
1093 2277 1237 2325 regua
1258 2295 1272 2318 ,
1313 2258 1626 2316 tetrarchias,

602 2344 834 2393 immanes
860 2341 1089 2407 pecunias
1121 2339 1286 2404 paucis
1320 2337 1481 2394 dedit,
1512 2341 1626 2387 Pto-

597 2426 820 2473 lemnum
866 2418 1175 2468 Alexandriae
1225 2433 1384 2481 rege-
1435 2418 1623 2465 socium

600 2499 899 2557 nominavit3
924 2498 1077 2561 legem
1112 2496 1222 2544 tulit
1249 2495 1309 2544 de
1333 2511 1451 2558 agro
1477 2495 1623 2543 Catu-

601 2596 732 2648 psno
752 2577 1046 2638 dividendo,
1064 2587 1111 2624 et
1129 2576 1220 2622 alia
1242 2574 1461 2637 quaedam
1482 2575 1619 2632 feeit,

601 2676 711 2726 quae
758 2659 946 2706 furioso
988 2656 1141 2719 magis
1185 2654 1385 2702 tribuno
1433 2653 1622 2718 plebis,

597 2753 747 2804 quam
785 2737 954 2801 petria
989 2733 1171 2783 amanti
1213 2732 1405 2780 consuli
1438 2748 1622 2780 conve·

602 2820 784 2868 uirent.
1154 2853 1155 2856 ,

671 2902 719 2949 5.
781 2893 1224 2961 Quinqueot'ratum.
1298 2890 1400 2938 Alii
1438 2904 1622 2955 propo-

597 2991 720 3029 nunt
761 2975 1139 3041 vigintiviratum
1181 2986 1241 3019 ex
1295 2971 1499 3036 epistola
1559 2969 1624 3017 sd

594 3060 750 3109 Attio.
781 3059 894 3114 lx,
940 3071 1034 3108 πο,
1074 3063 1119 3101 et
1147 3050 1361 3109 Velleio,
1412 3052 1489 3110 11,
1537 3052 1619 3104 45.

592 3143 738 3187 Forte
779 3134 953 3200 viginti
1005 3132 1078 3181 illi
1133 3141 1401 3187 curatores,
1444 3128 1622 3193 quibus

594 3199 814 3265 inundata
842 3225 942 3264 erat
974 3211 1251 3278 Campania!
1286 3225 1514 3274 agrorum
1545 3209 1622 3256 di·

593 3295 714 3344 risio
731 3330 745 3352 ‚
773 3296 823 3342 in
846 3305 1060 3359 quatuor
1085 3292 1286 3354 collegis
1319 3289 1617 3338 ‹lidum-bau-

592 3381 689 3431 tur,
716 3375 931 3437 quinque
957 3374 1073 3420 viris
1101 3372 1404 3434 composita3
1429 3381 1513 3417 aut
1538 3368 1618 3416 hic

592 3453 755 3501 forsan
782 3452 939 3514 agitur
965 3451 1024 3497 de
1051 3449 1146 3497 illis
1167 3448 1251 3510 qui
1279 3449 1461 3510 Capua·
1479 3447 1616 3495 eolo-

590 3532 719 3580 uiam
766 3529 1061 3575 constituere
1107 3523 1363 3572 debebant.
1418 3526 1616 3587 Legitur

590 3611 734 3659 etiam
753 3607 822 3654 'in
852 3605 995 3670 epist.
1035 3603 1098 3651 nd
1126 3602 1343 3651 Atticum
1366 3637 1381 3661 ‚
1418 3605 1494 3656 11,
1546 3620 1571 3665 7
1594 3618 1611 3652 e

589 3712 615 3732 α
636 3690 711 3738 Ex
735 3686 852 3751 ipsis
875 3684 1089 3747 quinque
1114 3681 1231 3728 viris
1253 3702 1296 3729 n.

661 3768 711 3815 6.
737 3761 1093 3815 consularibus.
1121 3763 1237 3808 Duo
1256 3758 1343 3808 ‘alii
1365 3761 1613 3821 consules,

584 3862 694 3895 cum
709 3845 893 3893 Gaesare
912 3841 1180 3901 conjuncti,
1197 3849 1330 3887 erant
1348 3837 1608 3906 Pompeius

584 3942 731 3991 gener
757 3925 885 3985 ejus,
912 3932 958 3970 et
988 3923 1212 3977 Crassus,
1239 3930 1296 3968 ut
1320 3920 1372 3968 in
1393 3922 1607 3987 epitome

583 4005 781 4054 Liviana
807 4002 1002 4066 legitur,
1029 4011 1076 4048 et
1103 3999 1234 4065 apud
1252 4000 1492 4049 Velleium
1515 4005 1607 4049 1²·-

585 4085 852 4141 tereulum,
893 4081 980 4129 lib.
1024 4084 1102 4141 11,
1150 4096 1258 4144 cap.
1299 4088 1381 4135 44.
1420 4082 1609 4130 Caeurs

585 4163 735 4227 igitur
755 4160 979 4222 consule,
1005 4161 1131 4208 iuter
1155 4175 1264 4208 eum
1282 4170 1331 4207 et
1346 4159 1441 4208 Cn.
1462 4162 1606 4207 Pom-

1710 2181 1875 2245 peium
1901 2192 1953 2229 et
1976 2185 2051 2231 M.
2078 2183 2326 2238 Crassum,
2358 2185 2478 2232 inita
2505 2188 2747 2250 potentia

1711 2262 1930 2308 societas.
1987 2262 2145 2310 Caesar
2186 2264 2274 2326 qui
2327 2264 2503 2311 ceteris
2547 2263 2751 2313 duobus

1710 2339 2043 2387 consularibus
2111 2352 2285 2389 auctor
2353 2343 2747 2407 conspirationis

1710 2420 1865 2468 suerat
1880 2457 1895 2477 ,
1915 2432 2121 2470 conatus
2140 2434 2214 2470 est
2227 2424 2518 2472 Ciceronem
2537 2427 2751 2474 tertium

1709 2501 2010 2548 consularem
2036 2501 2099 2549 sd
2127 2518 2263 2550 susm
2291 2503 2553 2551 tectionem
2581 2505 2750 2554 addu-

1709 2594 1834 2625 cere.

1783 2675 1833 2718 7.
1867 2656 1990 2705 Mihi
2012 2659 2322 2722 legationem.
2351 2661 2513 2721 Quam
2541 2662 2746 2711 Marem
2789 2667 2790 2674 ’

1707 2737 1969 2795 recusavit,
1987 2736 2114 2783 hane
2131 2738 2344 2799 Quintus
2360 2738 2508 2785 frater
2524 2742 2735 2804 aceepit.

1780 2816 1829 2862 8.
1862 2816 2018 2876 Quam
2043 2817 2306 2878 sapienter.
2335 2816 2511 2863 Multis
2539 2821 2607 2867 ait
2638 2837 2742 2868 uon

1707 2894 1966 2957 probatum
2008 2894 2067 2941 iri
2086 2929 2100 2952 ‚
2144 2911 2194 2941 se
2239 2894 2403 2942 fecisse
2456 2897 2737 2959 sapienter,

1707 2974 1819 3034 quia
1842 2973 2085 3035 plerique,
2109 2984 2163 3020 ut
2187 2972 2377 3020 dicetur
2398 2974 2451 3020 in
2471 2974 2706 3023 Pisonem
2723 3014 2739 3038 ,

1707 3062 1932 3113 oportere
1984 3060 2184 3114 putant,
2229 3073 2254 3092 ιι
2275 3052 2461 3099 eventis
2508 3063 2558 3100 et
2598 3054 2741 3101 factis

1707 3129 1951 3176 fortunam
2002 3131 2237 3192 cujusque
2291 3130 2554 3193 ponderari
2585 3152 2626 3178 ι.
2673 3134 2738 3179 Et

1705 3225 1798 3273 pro
1816 3209 2019 3258 Rabirio
2051 3210 2298 3267 Postumo,
2331 3225 2350 3258 ι
2383 3225 2397 3257 :
2440 3232 2464 3252 α
2491 3211 2599 3256 Hoe
2620 3210 2731 3274 ple-

1704 3305 1908 3351 rumque
1934 3288 2162 3346 facimus,
2204 3299 2260 3336 ut
2301 3290 2501 3336 consilia
2537 3291 2732 3337 eventis

1704 3368 2053 3433 ponderemus,
2097 3379 2147 3416 et
2179 3369 2261 3415 eui
2296 3367 2423 3416 bene
2455 3366 2571 3432 quid
2605 3385 2732 3431 pro·

1702 3449 1894 3496 cesserit
1917 3482 1930 3502 ,
1975 3447 2180 3494 multum
2232 3447 2370 3496 illum
2424 3447 2732 3512 providisse3

1700 3528 1780 3575 eui
1798 3542 1935 3574 secus
1952 3561 1966 3584 ,
1981 3526 2104 3573 nihil
2123 3526 2325 3575 sensisse
2345 3526 2563 3575 dicamus
2581 3549 2625 3576 ιι.

1774 3624 1824 3671 9.
1843 3605 2079 3668 populari
2087 3604 2340 3669 proesideb.
2361 3608 2566 3655 Castris
2583 3607 2740 3671 gratis

1700 3686 1889 3750 populo
1907 3686 2179 3750 gratissimi.

1778 3781 1855 3814 to.
1904 3766 2011 3811 Vim
2060 3777 2210 3827 aeque
2244 3762 2493 3828 injuriam.
2533 3765 2742 3814 Clodia-

1702 3861 1876 3892 norum
1895 3882 1909 3905 ,
1932 3855 1982 3892 et
2000 3860 2059 3891 ex
2080 3844 2202 3891 urbe
2222 3843 2356 3907 pelli.

1772 3937 1853 3973 11.
1887 3925 1959 3972 De
1984 3913 2248 3971 meo'statu
2276 3922 2549 3971 declinare.
2580 3924 2740 3972 Iabe-

1695 4004 1796 4051 rius
1820 4005 2078 4051 mimorum
2121 4003 2335 4067 scriptor
2364 4002 2496 4066 apud
2529 4004 2737 4051 Macro·

1695 4083 1831 4130 bium
1857 4083 1910 4129 in
1947 4082 2314 4130 Saturnalibus:
2344 4104 2370 4123 ιι
2388 4084 2548 4145 Quem
2594 4083 2733 4131 nulla

1694 4160 1912 4219 ambitio,
1926 4161 2056 4209 nulla
2076 4176 2305 4225 umquam
2321 4161 2533 4227 largitio.
2546 4162 2734 4210 Nullus
