2994 4778
272 504 417 522 m
424 504 861 525 ”mmmm
868 504 2266 528 §.Smmwmmmmmmmmmmssss
2272 506 2326 524 Ἀ
2332 506 2394 523 W

708 834 1773 939 ARGUMENTU
1818 836 1957 937 M.

265 1169 412 1222 Ann.
452 1170 528 1224 U.
560 1169 623 1223 C.
654 1164 790 1240 697,
825 1169 927 1223 Cn.
966 1166 1236 1223 Cornelio
1281 1167 1523 1223 Lentulo
1569 1163 1907 1223 Marcellino
1948 1177 2007 1220 et
2049 1167 2117 1221 L.
2165 1165 2387 1222 Marcio

342 1260 619 1339 Philippo
656 1280 802 1319 coss.
841 1281 1019 1339 quum
1063 1262 1188 1338 lege
1228 1262 1570 1339 Sempronia
1609 1261 1887 1319 sancitum
1936 1271 2119 1330 esset,
2169 1274 2234 1318 ut
2262 1273 2393 1318 ante

345 1357 581 1414 comitia
613 1357 935 1416 consularia
967 1372 1195 1416 senatus
1222 1356 1586 1428 decerneret,
1617 1358 1676 1414 in
1705 1376 1848 1434 quas
1885 1357 2213 1434 provincias
2248 1377 2392 1415 con-

345 1454 495 1512 sules
536 1452 818 1532 designati
849 1469 981 1532 post
1012 1456 1369 1513 consulatum
1413 1455 1804 1525 mitterentur,
1847 1466 2037 1511 actum
2079 1466 2164 1511 est
2208 1453 2265 1510 in
2299 1473 2393 1511 se·

348 1562 513 1618 natu,
549 1550 692 1628 quid
721 1549 794 1608 de
820 1551 1020 1609 Galliis
1045 1550 1299 1622 duabus,
1345 1552 1420 1610 de
1450 1551 1620 1628 Syria
1648 1564 1705 1608 et
1736 1549 2078 1608 Macedonia
2114 1549 2237 1606 fieri
2269 1550 2395 1627 pla-

353 1659 516 1705 ceret.
547 1646 762 1705 Gallias
776 1647 917 1705 duas
935 1666 1053 1705 uno
1072 1647 1314 1725 imperio
1342 1651 1528 1705 Caesar
1554 1645 1819 1725 regebat3
1844 1648 2070 1724 Syriam
2091 1644 2391 1714 Gabinin5‚

351 1742 751 1802 Macedoniam
779 1744 906 1801 Piso
934 1742 1249 1802 obtinebat.
1284 1741 1673 1801 Decernendae
1705 1756 1867 1800 erant
1893 1742 2206 1820 provinciae
2226 1741 2392 1813 duae;

348 1839 623 1900 Servilius
662 1839 836 1917 igitur
872 1852 1002 1898 ante
1047 1841 1379 1898 Ciceronem
1419 1839 1757 1897 sententiam
1800 1852 2030 1917 rogatus
2069 1838 2291 1914 Syriam
2334 1851 2393 1895 et

347 1935 750 1995 Macedoniam
786 1936 1210 2007 decernendas3
1260 1938 1357 1995 alii
1395 1949 1771 2007 censuerunt,
1807 1948 1868 1993 ut
1900 1936 2173 1994 alterutra
2207 1936 2395 1993 Gallia

350 2033 563 2091 Catari
587 2032 1008 2091 detraheretur.
1053 2033 1260 2091 Cicero
1294 2033 1634 2092 sententiam
1664 2045 1896 2109 rogatus
1927 2033 2176 2109 primum
2205 2053 2236 2089 e
2263 2037 2396 2089 Ma-

347 2128 593 2187 cedonia
617 2129 913 2202 Pisonem,
947 2149 1071 2207 cap.
1112 2139 1255 2201 1-43
1288 2128 1495 2188 deinde
1525 2150 1556 2187 e
1580 2129 1748 2205 Syria
1779 2116 2087 2186 Gabinium
2121 2148 2396 2186 revocan-

350 2226 485 2285 dum
536 2247 661 2286 esse
697 2227 893 2299 doc-et,
946 2247 1070 2306 cap.
1114 2228 1184 2300 53
1230 2227 1309 2285 ita
1352 2240 1418 2285 ut
1457 2227 1548 2284 hae
1587 2224 1900 2304 provinciae
1944 2245 2051 2303 per
2091 2227 2390 2284 instantem

357 2343 562 2382 annum
577 2324 866 2403 praetoriae
879 2325 1009 2398 sint,
1029 2344 1181 2383 anno
1194 2325 1458 2404 proxime
1476 2335 1751 2402 sequente
1765 2323 2109 2396 consulareS,
2122 2343 2248 2403 cap.
2265 2324 2322 2396 6,
2338 2344 2369 2396 7
2379 2364 2393 2378 .

362 2423 564 2480 Camari
609 2434 804 2480 autem
832 2422 1255 2481 succedendum
1294 2420 1554 2480 nondum
1598 2439 1719 2478 esse
1760 2433 1967 2477 censet.
2010 2424 2082 2478 Et
2122 2420 2394 2498 qnoniam

364 2516 559 2595 aliquis
621 2518 922 2576 familiaris
985 2532 1294 2596 negaverat
1343 2518 1678 2576 Ciceronem
1723 2516 2097 2575 inimiciorem
2144 2515 2394 2576 Gabinio

357 2611 566 2672 debere
588 2634 713 2672 esse
731 2634 902 2691 quam
925 2616 1165 2686 Caesari,
1188 2634 1415 2673 omnem
1436 2614 1589 2672 enim
1608 2614 1762 2670 illam
1785 2613 1970 2670 exsilii
1998 2622 2392 2689 tempestatem

354 2714 573 2769 Cmare
598 2711 915 2788 impulsore
943 2724 1115 2788 atque
1137 2711 1400 2789 adjutore
1419 2730 1542 2769 esse
1566 2710 1865 2768 excitatam
1880 2708 2113 2780 ,Cicero
2143 2709 2393 2785 primum

351 2807 628 2884 exemplis
667 2806 1103 2865 fortissimorum
1137 2822 1195 2866 et
1237 2807 1681 2865 clarissimorum
1715 2806 1973 2863 virorum
2011 2824 2073 2862 se
2113 2803 2395 2872 defendit,

352 2901 509 2979 quod
535 2903 853 2961 communis
879 2904 1073 2981 potius
1103 2905 1364 2962 utilitatis
1387 2905 1668 2962 rationem
1697 2902 1941 2976 habeat,
1973 2922 2145 2980 quam
2174 2902 2392 2962 doloris

356 2998 475 3069 sni,
505 3018 628 3077 cap.
652 3002 715 3070 8,
740 3019 814 3075 93
872 2997 1082 3057 deinde
1123 2999 1372 3057 ostendit
1408 3020 1468 3057 se
1509 3000 1568 3056 in
1605 3004 1827 3058 Caesare
1861 2998 2124 3057 ornando
2167 3012 2396 3058 senatus

358 3094 708 3153 voluntatem
747 3108 806 3152 et
844 3094 1177 3172 reipublicae
1218 3095 1516 3153 utilitatem
1575 3095 1764 3171 sequi,
1815 3114 1941 3171 cap.
1982 3114 2089 3162 io,
2124 3115 2216 3152 11.
2264 3100 2395 3155 Non

358 3202 545 3248 antem
573 3191 717 3249 utile
747 3210 869 3249 esse
907 3190 1272 3269 reipublicae,
1302 3190 1458 3250 hunc
1494 3191 1902 3268 imperatorem
1921 3233 1938 3260 ‚
1980 3191 2275 3249 incensum
2321 3193 2393 3250 ad

355 3286 770 3366 rempublicam
803 3287 951 3346 bene
981 3288 1290 3367 gerendam
1312 3331 1329 3359 ,
1377 3307 1682 3358 revocare3
1732 3299 1789 3345 et
1821 3299 1997 3345 totam
2028 3289 2231 3346 Gallici
2257 3288 2395 3348 belli

354 3385 666 3454 rationem,
725 3404 910 3464 prope
934 3383 1056 3462 jam
1106 3385 1479 3464 explicatam,
1508 3383 1850 3463 perturbare
1881 3397 2053 3462 atque
2084 3386 2395 3465 impedire,

355 3500 478 3560 cap.
515 3491 713 3550 12-14.
761 3481 894 3540 Illas
925 3493 1115 3540 autem
1148 3482 1455 3540 sententias
1493 3482 1743 3539 duorum
1786 3493 2118 3540 senatorum
2163 3483 2395 3542 minime

355 3576 684 3655 probandas
710 3597 858 3648 esse,
891 3596 1143 3655 quorum
1167 3579 1313 3636 alter
1334 3578 1671 3638 ulteriorem
1699 3579 1943 3638 Galliam
1973 3578 2244 3638 decernat
2265 3602 2397 3640 cum

356 3676 517 3753 Syria
540 3719 557 3747 ,
620 3675 767 3734 alter
812 3676 1170 3748 citeriorem,
1222 3695 1345 3753 cap.
1385 3677 1475 3738 15.
1510 3681 1712 3754 Neque
1748 3697 1888 3734 vero
1929 3678 2399 3737 committendum

358 3791 505 3846 esse,
549 3785 616 3830 nt
640 3771 793 3830 uuus
823 3773 915 3830 vir
951 3773 1137 3830 clarus
1168 3792 1233 3830 ac
1262 3787 1468 3850 potens
1503 3773 1725 3830 senatui
1752 3773 1884 3851 jure
1915 3774 2081 3831 irasci
2118 3793 2285 3851 posse
2311 3776 2400 3832 vi-

358 3867 572 3941 deatur,
601 3888 668 3927 ac
690 3881 1002 3947 propterea
1029 3868 1243 3927 Gallias
1271 3869 1481 3927 Caesari
1506 3868 1563 3925 in
1590 3867 1780 3926 medio
1816 3889 2008 3926 rerum
2030 3883 2319 3945 gestarum
2341 3885 2398 3928 ct

357 3966 732 4043 gerendarum
765 3986 936 4025 cursu
963 3986 1081 4025 non
1105 3965 1435 4024 adimendas
1457 4007 1476 4034 ‚
1501 3985 1626 4043 cap.
1660 3966 1749 4021 16.
1780 3964 2004 4024 Deinde
2024 3964 2283 4025 breviter
2303 3987 2400 4024 ex·

363 4061 564 4137 plicat,
609 4082 736 4139 quae
767 4060 880 4120 sibi
907 4062 1017 4141 ipsi
1045 4062 1119 4119 sit
1153 4061 1301 4119 ratio
1332 4074 1391 4119 et
1421 4080 1592 4119 causa
1619 4081 1750 4118 cum
1787 4064 2030 4119 Caesare.
2074 4061 2196 4119 Sibi
2226 4061 2400 4139 igitur

365 4175 486 4216 cum
512 4178 582 4217 eo
607 4157 930 4217 inimicitias
959 4159 1132 4217 fnisse
1159 4177 1500 4237 numquam;
1524 4157 1853 4236 opinionem
1876 4156 2096 4234 injuriae
2110 4157 2184 4214 ab
2208 4177 2277 4214 eo
2300 4178 2397 4215 ac-
