2994 4778
1228 404 1324 470 M.
1375 404 1449 470 T.
1512 398 2074 470 CICERONIS

595 547 763 592 vum
810 519 1134 594 audieras
1177 522 1510 593 consules
1553 519 1808 592 fuisse?
1845 546 1992 590 non
2039 520 2356 617 denique
2392 521 2628 591 modo
2661 537 2744 591 te

595 633 683 721 Q.
743 631 1014 704 Metelli
1083 633 1610 704 matrimonium
1695 634 2008 702 tenuisse
2088 631 2360 702 sciebas
2384 685 2402 716 ‚
2470 632 2741 701 claris-

594 743 753 815 simi
801 765 883 812 ac
932 738 1297 814 fortissimi
1344 743 1520 827 viri,
1581 743 1973 837 patriaeque
2032 744 2547 811 amantissimi?
2595 745 2739 836 qui

595 850 807 922 simul
834 875 915 923 ac
942 850 1201 947 pedem
1229 851 1474 920 limine
1509 850 1859 921 extulerat
1878 847 1965 934 ¹3,
1995 873 2245 920 omnes
2275 873 2503 946 prope
2531 853 2745 918 cives

598 964 893 1047 virtute,
922 960 1143 1055 gloria
1164 1012 1185 1044 ‚
1212 959 1558 1055 dignitate
1593 958 1976 1056 superabat
2003 987 2017 1028 :
2057 961 2175 1029 cui
2202 981 2430 1055 quum
2460 981 2548 1027 ex
2579 981 2740 1026 am-

601 1069 916 1166 plissimo
950 1094 1214 1166 genere
1258 1072 1331 1139 in
1374 1068 1709 1140 familiam
1736 1072 1794 1134 ¹4
1828 1067 2284 1138 clarissimam
2322 1068 2741 1165 nupsisses,

598 1204 729 1252 cur
764 1178 891 1249 tibi
941 1179 1212 1251 Coelius
1264 1195 1404 1250 tam
1449 1180 1884 1273 conjunctus
1931 1176 2110 1247 fuit?
2160 1176 2573 1274 Cognatus?
2617 1175 2739 1247 af-

582 1286 761 1358 finis
787 1285 894 1357 ¹⁵?
930 1289 1059 1359 viri
1092 1290 1196 1357 tui
1232 1287 1592 1358 familiaris
1618 1283 1722 1356 ¹⁶?
1755 1286 1928 1356 nihil
1959 1284 2222 1356 horum
2249 1315 2265 1356 ε
2295 1285 2472 1385 quid
2504 1289 2742 1381 igitur

601 1395 776 1481 fuit,
822 1397 957 1468 nisi
999 1397 1321 1493 quaedam
1363 1400 1725 1467 temeritas
1760 1420 1839 1465 ac
1878 1394 2150 1465 libido?
2199 1399 2459 1465 Nonne
2514 1411 2623 1480 te,
2672 1398 2736 1463 si

599 1520 858 1580 nostrie
886 1508 1229 1603 imagines
1257 1506 1492 1578 viriles
1529 1530 1681 1576 non
1716 1504 2299 1590 commovebant,
2334 1531 2427 1576 ne
2461 1528 2731 1602 proge—

599 1618 755 1688 nies
806 1615 1101 1712 quidem
1137 1641 1334 1698 mea,
1377 1619 1466 1706 Q.
1510 1615 1627 1684 illa
1669 1615 1958 1685 Claudia
1984 1624 2072 1702 ¹⁷,
2114 1615 2440 1686 aemulam
2476 1616 2736 1684 dome—

604 1729 791 1797 sticae
829 1725 1060 1798 laudis
1096 1727 1168 1795 in
1211 1725 1435 1822 gloria
1481 1723 1811 1794 muliebri
1851 1748 2003 1795 esse
2041 1723 2532 1795 admonebat?
2572 1748 2731 1792 non

601 1839 799 1931 virgo
855 1834 975 1906 illa
1025 1835 1323 1905 Vestalis
1376 1831 1781 1919 Claudia¹⁸‚
1833 1859 1993 1930 quae
2036 1849 2311 1931 patrem
2349 1815 2730 1931 complexa

598 426 732 471 202

599 2013 785 2061 Catone
827 2013 1033 2072 MeJ'ore.
1079 2038 1149 2050 ο·-
1190 2014 1419 2059 Amemus.
1473 2008 1616 2057 Publ.
1707 2011 1877 2071 scribit
1919 2029 1946 2059 a
1988 1993 2262 2066 contrario,
2302 2020 2389 2060 set.
2416 2010 2451 2056 6
2483 2023 2498 2058 τ
2537 2033 2564 2051 ι
2589 2009 2735 2059 Vivit

601 2090 833 2140 Claudius
856 2090 1077 2144 Pulcher.
1100 2091 1232 2140 cneci
1258 2101 1410 2153 pater,
1445 2087 1618 2136 consul
1710 2103 1948 2154 tamquam
1970 2092 2126 2138 vicina
2150 2091 2330 2148 mariti,
2355 2091 2465 2136 Hoc
2483 2089 2590 2135 solo
2611 2104 2732 2152 pro-

603 2185 714 2218 cum
744 2169 893 2216 Lucio
917 2171 950 2216 J
953 2170 1089 2218 unio.
1119 2170 1333 2216 Breviter
1358 2167 1620 2216 Suetonius
1711 2170 1821 2232 pior
1836 2169 1972 2232 quod
1989 2169 2171 2217 amicos
2191 2170 2415 2231 conjugis
2438 2167 2542 2214 odit
2561 2189 2602 2214 ο.

605 2249 657 2294 in
673 2246 783 2294 Tib.
804 2262 913 2310 cap.
942 2263 986 2304 1,
1014 2247 1073 2294 de
1095 2248 1239 2307 hujus
1257 2246 1446 2293 familie
1465 2245 1622 2308 splen·
1788 2265 1870 2308 ¹7·
1903 2250 1958 2309 Q.
1981 2249 2067 2295 illa
2095 2248 2318 2296 Claudia.
2341 2248 2414 2293 De
2435 2249 2574 2308 cujus
2591 2244 2735 2292 casti·
2807 2283 2812 2288 .

607 2325 724 2372 dore
758 2338 773 2372 ε
831 2346 853 2367 ι
886 2325 1258 2388 Duodetrigiuta
1316 2324 1621 2379 consulatus,
1713 2337 1809 2374 tute
1837 2327 1906 2372 eie
1931 2328 1984 2373 in
2011 2329 2229 2374 oratione
2265 2326 2325 2374 de
2359 2329 2572 2388 Harusp.
2602 2339 2736 2387 resp.

608 2406 866 2453 dictaturas
891 2405 1131 2467 quinque,
1158 2420 1379 2452 censuras
1405 2415 1589 2466 septem
1608 2434 1621 2458 ,

608 2483 878 2547 triumphos
897 2496 983 2530 sex
997 2515 1012 2540 ‚
1039 2482 1157 2530 dues
1179 2484 1428 2530 ovationes
1448 2482 1623 2544 adepte

612 2574 737 2611 eet».

687 2643 767 2691 13.
790 2640 887 2705 Qut'
907 2641 1051 2689 siena!
1072 2657 1135 2688 ae
1151 2640 1326 2705 pedem
1349 2638 1513 2687 limine
1533 2653 1623 2684 ex-

614 2722 800 2768 tulerat.
822 2720 881 2767 ld
908 2731 1005 2778 est,
1026 2721 1110 2782 qui
1130 2720 1288 2766 statim
1307 2730 1453 2780 atque
1478 2716 1628 2764 domo

614 2799 678 2847 nd
720 2800 877 2846 sorum
898 2832 912 2855 ‚
958 2799 1138 2846 curiam
1165 2831 1179 2855 ‚
1240 2796 1311 2844 vel
1353 2795 1630 2860 provincias

614 2879 851 2933 exiverat,
872 2886 968 2923 etc.

691 2961 771 3009 14.
798 2956 855 3001 111
870 2952 1148 3019 familiam.
1169 2989 1182 3002 .
1206 2992 1217 3001 .
1252 2952 1500 3018 nupsisses.
1528 2953 1634 3000 Nu-

617 3035 731 3082 bere
763 3034 817 3080 in
840 3033 1066 3081 familiam
1101 3032 1407 3088 dicebantur,
1445 3047 1555 3095 quae
1582 3033 1633 3077 iu

618 3129 810 3160 menum
857 3112 1214 3160 conveniebant
1233 3146 1248 3170 ‚
1299 3123 1347 3159 et
1399 3111 1501 3157 sive
1550 3125 1638 3174 per

620 3192 971 3256 coemptionem
992 3227 1005 3247 ,
1038 3192 1140 3237 sive
1170 3206 1256 3253 per
1293 3189 1639 3236 confarreatio-

620 3286 732 3318 nem
750 3270 1109 3318 matrimonium
1132 3280 1496 3328 contraxerant,
1520 3283 1638 3331 quo-

622 3348 777 3404 nism,
799 3356 857 3393 ut
881 3349 949 3393 eit
976 3346 1187 3403 Gellius,
1220 3369 1245 3387 α
1264 3347 1379 3392 Nou
1407 3347 1458 3391 in
1482 3346 1644 3391 metri·

625 3425 839 3474 monium
898 3435 1084 3471 tantum
1104 3460 1118 3484 ,
1169 3424 1253 3470 sed
1312 3425 1363 3470 in
1415 3422 1642 3469 familiam

627 3520 823 3569 quoque
873 3505 1031 3552 meriti
1053 3538 1067 3562 ,
1114 3513 1162 3549 et
1214 3504 1265 3549 in
1318 3502 1395 3547 sui
1440 3502 1644 3548 haeredit·

626 3586 787 3633 locum
814 3584 1021 3631 venisset
1040 3607 1086 3630 a.

702 3662 778 3710 15.
808 3661 1086 3725 Cognatas?
1102 3656 1268 3723 affinis
1280 3662 1307 3702 .'
1329 3658 1444 3704 Hoec
1463 3672 1644 3705 summe

628 3757 738 3790 cum
764 3742 835 3794 vi,
862 3755 1052 3803 presse,
1081 3737 1372 3799 couciseque
1399 3735 1645 3783 dicuntur.

703 3821 784 3868 ιδ.
815 3817 919 3865 Vin·
939 3814 1333 3879 enisamae'etaris?
1360 3814 1651 3863 Plutarchus

630 3900 681 3948 iu
700 3897 953 3961 precepti·
971 3895 1336 3959 conjugalibus:
1360 3917 1384 3936 α
1399 3890 1652 3942 Mulierem'

630 3992 731 4026 non
754 3986 948 4039 oportet
967 3976 1181 4039 privatos
1202 3976 1384 4022 amieos
1407 3972 1500 4021 sibi
1521 3990 1653 4021 com·

632 4070 829 4123 perere,
862 4054 947 4100 sed
973 4052 1127 4099 mariti
1169 4053 1478 4099 familiaribus
1510 4053 1578 4098 uti
1604 4074 1652 4103 a.

615 4136 778 4186 ‘Unde
806 4133 1052 4183 Juvenslis
1082 4131 1252 4180 melem
1281 4131 1537 4193 conjugem
1566 4130 1652 4177 de·

1717 2429 1740 2451 ιι
1770 2410 1909 2455 Sacra
1938 2409 2026 2456 ista
2054 2410 2255 2468 majores
2282 2409 2436 2454 nostri
2464 2406 2650 2452 adscita
2680 2421 2740 2451 ex

1715 2485 1921 2550 Phrygia
1968 2489 2136 2534 Romae
2178 2486 2542 2551 collocaverunt
2568 2498 2582 2530 ε
2629 2498 2741 2545 quae

1715 2567 1790 2614 vir
1817 2567 1858 2613 is
1882 2567 2066 2629 accepit
2088 2600 2102 2622 ‚
2132 2564 2216 2628 qui
2250 2575 2322 2610 est
2346 2563 2563 2626 optimus
2590 2579 2617 2607 a
2645 2575 2740 2624 po-

1716 2646 1835 2710 pulo
1881 2661 2083 2693 romano
2122 2643 2365 2704 judicatus
2383 2676 2397 2697 ‚
2438 2642 2492 2687 P.
2542 2641 2741 2703 Scipi03

1719 2725 1891 2773 femina
1907 2737 2063 2772 autem
2080 2758 2094 2781 ,
2109 2739 2218 2786 quae
2234 2730 2560 2768 matronarum
2583 2717 2746 2764 castis·

1719 2804 1832 2850 sima
1857 2803 2142 2867 putabatur,
2170 2800 2349 2863 Quinta
2371 2797 2574 2845 Claudia
2591 2820 2630 2844 u.
2660 2797 2744 2843 Li-

1723 2882 1827 2928 vius
1877 2881 2127 2929 historiam
2174 2888 2336 2926 narrat
2381 2876 2469 2923 lib.
2521 2876 2702 2923 XXlX
2731 2912 2746 2933 ‚

1722 2975 1864 3024 quam
1890 2969 1937 3005 et
1957 2944 2220 3005 s'uetonins
2237 2955 2426 3017 attingit
2446 2955 2498 3000 in
2516 2954 2744 3000 Tiberio.

1799 3039 1879 3085 18.
1908 3035 2008 3083 Illa
2032 3035 2238 3084 Vestalis
2257 3032 2476 3081 Claudia.
2499 3032 2748 3079 Tribunus

1724 3134 1825 3165 non
1868 3132 2012 3163 ausus
2050 3125 2122 3161 est
2167 3124 2379 3177 petrem,
2426 3126 2570 3175 quem
2614 3126 2747 3156 eom-

1726 3198 1923 3261 plexum
1944 3192 2138 3242 tenebat
2154 3193 2386 3248 Vestalis,
2416 3192 2476 3238 de
2500 3206 2642 3238 curru
2659 3190 2752 3236 de-

1729 3274 1921 3321 turbare
1933 3307 1945 3329 ‚
1959 3282 2163 3335 propter
2178 3269 2419 3332 religionis
2432 3279 2478 3315 et
2493 3264 2750 3313 sacerdotii

1729 3352 2059 3399 reverentiam.
2096 3375 2167 3385 -—
2204 3346 2405 3394 Dibuno
2439 3344 2600 3408 plebis.
2641 3344 2755 3390 Tri·

1730 3431 1849 3478 Buni
1867 3429 2024 3493 plebis
2046 3439 2148 3475 erat
2170 3425 2441 3488 triumphos
2466 3422 2756 3486 prohibere,

1733 3520 1788 3557 ut
1812 3509 1967 3572 liquet
1985 3509 2036 3554 in
2055 3506 2161 3554 Liv.
2181 3504 2453 3551 xxxvm
2469 3537 2482 3556 ‚
2513 3512 2635 3549 orat.
2658 3501 2757 3548 Cn.

1735 3588 1904 3634 Manlii
1943 3600 1955 3635 :
1998 3608 2020 3627 u
2044 3584 2238 3632 Nullius
2282 3581 2503 3644 equidem
2555 3579 2763 3626 invideo

1734 3667 1943 3726 honori,
1967 3675 2128 3729 patres
2153 3662 2415 3725 conscripti
2437 3675 2452 3721 ;
2484 3676 2570 3706 vos
2595 3656 2760 3706 tribu-

1737 3759 1827 3791 nos
1876 3742 2032 3807 plebis
2081 3758 2238 3806 nuper
2287 3741 2416 3788 viros
2468 3740 2618 3786 fortes
2645 3771 2678 3799 »⁷
2709 3753 2762 3783 ac

1738 3835 1961 3870 strenuos
1984 3822 2301 3886 impedientes
2327 3821 2391 3880 Q.
2422 3818 2551 3864 Fabii
2576 3817 2764 3864 Labeo·

1739 3902 1814 3948 nis
1833 3900 2130 3963 triumphum
2142 3898 2423 3944 auctoritate
2440 3905 2593 3941 vestra
2614 3896 2770 3941 deter-

1742 3981 1902 4027 ruistis
1915 4002 1955 4025 ιο.
1973 3980 2033 4027 Et
2053 3979 2103 4025 iu
2123 3977 2368 4042 principio
2387 3974 2500 4020 libri
2513 3973 2765 4020 XXXIX.

1742 4061 1814 4108 M.
1843 4058 2057 4105 Aburius
2092 4055 2314 4103 tribunus
2354 4053 2511 4117 plebis
2546 4062 2770 4098 narratur

1746 4136 1991 4200 triumpho
2017 4137 2090 4185 M.
2119 4133 2275 4181 Fulvii
2305 4132 2563 4180 obstitisse.
