2994 4778
587 397 727 494 390
1231 396 1329 463 Μ.
1379 395 1457 461 Τ.
1511 393 2082 463 CICERONIS·

585 542 733 617 que
751 571 772 605 ‚
811 514 1013 614 quod
1038 529 1205 587 ante
1230 538 1347 585 me
1372 514 1688 600 nemini,
1717 514 2024 612 pecunia
2049 511 2344 610 publica
2365 509 2733 583 aedifican-

587 627 751 698 dam
784 623 1085 696 domum
1120 634 1625 695 censum-unte.

681 735 921 807 Habes
953 733 1266 805 reditum
1293 757 1561 827 meum.
1608 730 1884 803 Confer
1908 756 2105 803 nunc
2129 732 2439 803 vicissim
2467 744 2691 801 tuum
2708 787 2729 819 ,

587 843 1215 944 quandoquidem,
1258 843 1521 914 amisso
1569 844 1919 931 exercitu,
1960 841 2141 913 nihil
2182 840 2549 912 incolume
2587 840 2732 911 do-

589 979 829 1044 mum,
871 968 1127 1051 praeter
1177 978 1258 1024 os
1308 952 1569 1024 illud10
1621 953 2005 1051 pristinum
2047 968 2297 1039 tuum,
2352 950 2674 1022 retulisti
2710 979 2730 1020 ε

589 1066 717 1165 qui
767 1064 1116 1163 primum,
1165 1088 1310 1161 qua
1358 1064 1643 1135 veneris
1690 1086 1856 1135 cum
1906 1063 2235 1135 laureatis
2268 1063 2415 1132 tuis
2447 1061 2733 1160 lictori-⁴

588 1176 827 1264 bus¹¹,
881 1175 1047 1271 quis
1099 1175 1277 1245 scit?
1319 1197 1505 1270 quos
1553 1188 1710 1245 tum
1758 1172 2189 1257 Maeandros,
2244 1171 2426 1243 dum
2468 1196 2734 1242 omnes

591 1283 1015 1358 solitudines
1045 1285 1532 1381 persequeris,
1570 1308 1732 1381 quae
1768 1282 2187 1355 diverticula
2227 1281 2735 1377 flexionesque

591 1394 953 1493 quaesisti?
991 1391 1207 1483 Quod
1247 1407 1318 1464 te
1355 1394 1831 1490 municipium
1862 1392 2083 1464 vidit?
2118 1394 2282 1489 quis
2311 1393 2590 1461 amicus
2618 1394 2734 1459 in·

590 1503 886 1575 vitavit?
936 1506 1101 1600 quis
1153 1501 1417 1600 hospes
1469 1493 1833 1601 adspexit?
1881 1507 2140 1574 Nonne
2191 1499 2327 1572 tibi
2376 1525 2528 1570 nox
2578 1514 2735 1570 erat

594 1637 733 1711 pro
780 1611 949 1684 die?
1000 1637 1154 1683 non
1196 1610 1512 1682 solitudo
1550 1637 1684 1711 pro
1730 1610 2188 1710 frequentia?
2223 1633 2555 1708 caupona
2594 1634 2737 1707 pro

597 1722 913 1821 oppido?
957 1748 1106 1793 non
1153 1739 1237 1794 ut
1272 1723 1509 1795 redire
1545 1748 1631 1794 ex
1670 1722 2092 1796 Macedonia
2126 1719 2391 1792 nobilis
2426 1723 2739 1818 impera-

674 1925 726 1973 9.
773 1908 1083 1959 censuerunt.
1109 1913 1228 1959 Haec
1255 1911 1429 1960 Cicero
1461 1920 1620 1957 orato·
1707 1924 1830 1974 qne,
1854 1906 2450 1973 etpecnniamexaenrio.
2468 1906 2738 1955 Videamus

601 1988 678 2037 rio
709 2001 875 2048 more,
910 2005 1014 2038 non
1050 1989 1276 2050 historia,
1306 1990 1504 2038 videtur
1532 2004 1625 2054 po·
1710 2000 1896 2045 tamen,
1927 2002 2042 2033 num
2072 1986 2186 2033 ideo
2226 1987 2400 2036 Cicero
2433 1985 2562 2033 dicat
2601 1986 2700 2033 sibi
2722 2021 2738 2045 ,

602 2069 791 2118 suine:
821 2085 932 2117 nam
959 2069 1125 2118 maltis
1152 2070 1376 2119 aetatibns
1401 2080 1515 2116 ante
1539 2068 1625 2118 Ci-
1711 2068 1846 2131 qnod
1888 2077 2029 2114 antee
2073 2065 2232 2124 nulli,
2279 2065 2479 2112 domum
2523 2065 2736 2129 pecnnia
2776 2106 2791 2115 .

607 2164 833 2197 cen-onem
853 2149 979 2197 nulli
999 2150 1054 2197 id
1075 2149 1332 2212 contigisse
1350 2165 1517 2197 verum
1539 2156 1627 2194 est.

605 2226 804 2274 Nemini
823 2244 939 2275 vero
959 2244 1188 2292 umquam
1205 2238 1344 2275 antea
1365 2225 1630 2283 videamus,

603 2320 671 2352 ne
682 2319 854 2367 perum
865 2315 1007 2353 cante
1020 2304 1263 2372 ‹lieemuss¹
1273 2306 1487 2370 antiquis
1499 2306 1634 2367 enim·

604 2382 906 2448 temporibus
952 2385 1175 2449 pluribus
1218 2386 1351 2435 idem
1399 2386 1626 2450 contigit.

605 2461 804 2511 Valerio
832 2464 1083 2524 Maximo,
1110 2475 1165 2513 nt
1189 2467 1360 2513 Antias
1395 2465 1597 2514 tradidit
1615 2500 1632 2526 ,

605 2542 735 2590 inter
781 2542 903 2590 alios
954 2542 1168 2591 honores
1215 2545 1387 2592 domus
1433 2560 1630 2608 quoque

607 2620 804 2685 publice
826 2619 1060 2669 edificata
1080 2634 1152 2671 est
1177 2624 1228 2669 in
1256 2623 1462 2678 Palatim
1494 2623 1633 2683 cujus

612 2700 803 2757 exitus,
829 2716 930 2763 qno
960 2703 1111 2764 magis
1145 2700 1346 2763 insignis
1383 2712 1537 2754 esset,
1580 2701 1633 2747 in

611 2777 865 2842 publicum
881 2794 1046 2825 versus
1064 2778 1402 2836 declinaretur,
1417 2778 1516 2825 hoc
1535 2789 1607 2825 est
1618 2812 1632 2837 ‚

613 2867 749 2904 extra
775 2856 1020 2919 privatum
1045 2857 1329 2919 aperiretur.
1360 2857 1632 2903 'Varronem

612 2945 773 2984 eutem
807 2933 1021 2991 tradere,
1049 2937 1121 2982 M.
1149 2934 1344 2982 Valerio
1363 2968 1377 2993 ,
1406 2936 1522 2997 quia
1547 2951 1635 2981 οω-

615 3015 726 3078 pius
746 3014 952 3073 vicent,
980 3014 1109 3061 oedes
1132 3015 1185 3060 in
1208 3013 1387 3060 Palatio
1405 3012 1635 3072 tributas,

616 3093 674 3140 1..
712 3093 935 3157 Higinius
970 3092 1094 3140 dicit
1131 3092 1183 3140 in
1208 3091 1336 3140 libro
1376 3094 1536 3156 priore
1576 3093 1637 3141 de

619 3169 734 3217 viris
781 3170 948 3230 clm-3⁵3
995 3171 1051 3219 Ρ.
1095 3171 1290 3219 Valerio
1325 3171 1493 3219 Volesi
1534 3170 1637 3220 filio

622 3247 886 3297 Publicola
928 3251 1057 3298 aedes
1091 3251 1309 3315 publicas
1344 3250 1435 3298 sub
1468 3251 1608 3299 Velia
1627 3287 1644 3312 ,

619 3323 706 3370 nbi
724 3340 857 3374 nnnc
873 3327 1001 3375 aedes
1018 3329 1249 3377 Victorias
1270 3341 1342 3377 est
1361 3363 1375 3388 ‚
1403 3329 1638 3394 populum

619 3416 683 3449 ex
701 3401 807 3465 lege
820 3438 834 3463 ‚
853 3422 999 3469 quam
1014 3408 1118 3471 ipse
1135 3407 1336 3464 tulerat,
1350 3409 1642 3456 concessisse

622 3480 823 3530 tradunt
839 3515 855 3539 ,
874 3495 925 3531 et
944 3485 1180 3531 AntIochi
1204 3485 1329 3548 regis
1352 3471 1466 3532 filio'
1480 3485 1643 3533 obsidi

624 3559 825 3607 domum
838 3562 1035 3625 publice
1056 3561 1355 3619 aedificatam,
1377 3565 1504 3610 inter
1518 3581 1643 3627 qnos

620 3638 814 3687 Atticus
837 3640 890 3686 in
913 3640 1186 3689 Annalibus
1202 3675 1216 3700 ‚
1244 3658 1352 3705 qnae
1375 3653 1540 3705 postea
1568 3643 1645 3691 di-

623 3719 751 3766 citnr
773 3718 945 3767 Lucilii
966 3729 1123 3782 poetae
1150 3721 1313 3769 fuisse.
1336 3723 1493 3770 Varro
1520 3740 1645 3787 qno-

622 3813 719 3861 que
739 3799 789 3845 in
810 3797 902 3848 lib.
923 3800 997 3846 111
1013 3834 1028 3859 ‚
1053 3799 1114 3847 de
1132 3802 1227 3848 vita
1247 3787 1418 3866 populi
1437 3804 1644 3864 romani,

623 3890 724 3939 quo
758 3876 870 3925 loco
914 3878 1059 3927 refert
1076 3913 1090 3937 ,
1114 3897 1260 3944 qnam
1297 3892 1458 3944 gratus
1500 3884 1645 3932 fuerit

623 3969 733 4018 erga
754 3955 1091 4014 benemeritos,
1119 3960 1240 4008 dicit
1253 3996 1266 4018 ‚
1282 3960 1493 4019 Matini,
1509 3962 1645 4024 qnod

516 4053 528 4060 “
625 4037 677 4084 in
703 4036 865 4086 Sicilia
891 4053 1000 4085 cnm
1028 4040 1246 4103 equitatu
1272 4056 1362 4088 suo
1388 4043 1646 4090 transierat

626 4116 688 4166 ad
707 4133 824 4179 nos,
837 4117 1085 4167 civitatem
1102 4121 1272 4169 Romae
1290 4120 1475 4183 datam,
1494 4119 1642 4167 aedes-

1712 2146 1910 2212 pnblica
1955 2162 2018 2193 cx
2055 2145 2224 2193 aerario
2265 2143 2550 2193 aedificatum
2566 2178 2580 2203 ‚
2615 2145 2736 2208 quia

1713 2226 1810 2273 illis
1834 2236 1918 2273 ant
1941 2224 2081 2273 locus
2119 2225 2316 2288 publice
2351 2223 2496 2272 datus
2529 2210 2592 2271 sit
2611 2259 2625 2284 ‚
2653 2233 2739 2271 sut

1715 2305 1888 2353 domus
1909 2320 2021 2369 quoe
2042 2319 2141 2352 non
2166 2303 2321 2351 fuerat
2345 2318 2522 2351 eorum
2536 2337 2553 2363 ‚
2579 2319 2742 2367 neque

1713 2394 1915 2450 propter
1934 2383 2047 2432 illos
2068 2381 2272 2448 publico
2300 2394 2504 2447 sumptu
2529 2380 2744 2433 aedifica-

1715 2474 1762 2512 ta
1775 2480 1790 2521 ;
1804 2463 2030 2512 Ciceroni
2046 2461 2220 2509 domus
2233 2496 2249 2519 ,
2265 2479 2377 2525 qnae
2393 2464 2552 2511 fuerat
2564 2464 2719 2527 ipsius
2730 2500 2748 2524 ,

1715 2554 1764 2592 et
1790 2543 1948 2591 diruta
1972 2554 2117 2606 atque
2139 2541 2335 2588 incensa
2356 2553 2463 2589 erat
2491 2554 2542 2590 et
2572 2559 2745 2590 conse·

1716 2633 1847 2670 creta
1865 2655 1881 2679 ‚
1920 2620 2119 2684 publico
2150 2630 2348 2683 sumptu
2375 2618 2619 2669 edific-tn
2657 2622 2745 2678 sit3

1716 2701 1851 2766 qnod
1871 2716 2060 2768 novum¹
2082 2711 2131 2748 et
2151 2699 2268 2747 huic
2289 2699 2452 2763 primo
2471 2732 2490 2760 ,
2517 2710 2571 2747 et
2587 2698 2750 2747 adhuc

1718 2781 1860 2828 etiam
1882 2777 1973 2826 soli
1994 2779 2211 2840 contigit.

1796 2874 1873 2906 10.
1897 2860 2088 2904 Proeter
2102 2873 2157 2904 os
2173 2856 2303 2905 illud
2302 2856 2598 2920 pristinum.
2624 2860 2749 2906 Prae·

1718 2949 1794 2985 ter
1812 2937 1941 2985 illam
1958 2947 2088 2983 tuam
2107 2935 2486 3000 impudentiam,
2508 2938 2589 2985 vel
2607 2939 2746 2985 etiam

1720 3026 1894 3080 preter
1944 3015 2075 3063 illam
2117 2999 2393 3062 affectatam
2441 3017 2747 3064 severitatem

1719 3093 1900 3158 flagitia
1935 3105 2033 3142 ωε
2072 3094 2249 3142 frontis
2288 3094 2481 3142 nebulis
2518 3094 2750 3156 obtegen-

1723 3185 1836 3221 tem.
1860 3175 1930 3220 Os
1956 3184 2002 3219 et
2026 3187 2117 3237 pro
2144 3173 2365 3238 pudore,
2394 3185 2445 3222 et
2469 3189 2564 3236 pro
2587 3175 2747 3237 impu—

1725 3252 1886 3300 dentia
1906 3267 2033 3315 saepe
2050 3254 2305 3316 reperitur.

1803 3346 1823 3377 1
1840 3347 1880 3378 ι.
1914 3330 2258 3394 Qeu'primum,
2286 3347 2386 3394 qua
2414 3328 2605 3377 venet-1⁶5
2631 3347 2746 3378 enm

1724 3410 1960 3460 laureatis
1999 3409 2088 3457 cuis
2124 3410 2392 3458 lictoribus.
2430 3412 2753 3473 Imperatores

1727 3501 1839 3553 post
1855 3488 2078 3553 adeptam
2098 3489 2349 3536 victoriam
2364 3488 2586 3536 lictotios
2597 3490 2756 3537 fasces

1725 3566 1968 3615 habebant
2002 3567 2124 3614 lauri
2160 3567 2291 3615 soliis
2325 3568 2612 3626 involnt0s;
2641 3569 2756 3616 Piso

1727 3644 1789 3691 ab
1808 3645 2024 3692 exercitu
2048 3645 2205 3692 dictus
2229 3644 2498 3709 imperator
2518 3663 2606 3693 eos
2628 3647 2759 3693 obti-

1729 3723 1897 3784 nebat,
1925 3723 2061 3787 qnod
2079 3723 2254 3772 reditui
2275 3734 2501 3788 magnum
2527 3725 2763 3787 splendo-

1729 3822 1828 3853 rem
1878 3806 2047 3852 afl'erre
2088 3814 2279 3870 poterat
2299 3839 2314 3861 ,
2379 3805 2470 3850 nisi
2516 3804 2760 3851 scelernm

1729 3884 2021 3932 conscientia
2042 3896 2268 3941 vexatus,
2292 3881 2500 3929 latebras
2525 3894 2576 3930 et
2598 3883 2761 3930 diver·

1730 3963 1876 4012 ticula
1923 3962 1983 4011 de
2026 3961 2261 4010 industria
2310 3963 2578 4024 quaesisset.
2627 3963 2759 4011 Hinc

1729 4042 1878 4105 igitur
1913 4041 2173 4107 expetitam
2211 4057 2312 4105 prae
2349 4039 2587 4089 scelerum
2631 4057 2757 4088 eon·

1731 4119 1925 4168 scicntia
1946 4118 2127 4168 reditus
2149 4119 2490 4168 obscuritatem
2511 4118 2758 4177 ostendit,
