2994 4778
642 423 1030 493 ORATIO
1080 425 1288 492 PRO
1337 424 1411 490 P.
1464 421 1854 489 SEXTIO.
2165 438 2299 512 107

181 546 310 617 vix
346 568 419 616 se
459 543 782 642 populus
823 567 1167 614 romanus
1210 546 1484 627 tenuit;
1529 543 1650 611 vix
1692 538 2017 610 homines
2051 536 2303 610 odium

188 677 395 725 suum
429 676 473 722 a
508 675 822 749 corpore
859 652 1016 746 ejus
1050 653 1340 748 impuro
1366 665 1586 747 atque
1621 647 1920 719 infando
1954 672 2304 747 represse-

187 776 375 834 runt.
417 766 662 833 Voces
694 758 1023 857 quidem,
1051 775 1122 833 et
1161 761 1555 858 palmarum
1593 759 1948 844 intentus»,
1986 772 2058 830 et
2090 759 2303 830 male-

187 869 968 957 dictorumclamorem
996 873 1247 942 omnes
1276 868 1791 967 profuderunt:
1808 866 1944 940 Sed
1970 869 2145 965 quid
2171 894 2304 966 ego

274 980 443 1078 puli
501 980 788 1051 romani
840 978 1163 1050 animum
1222 980 1712 1074 virtutemque
1783 1000 2305 1065 commemoro,

210 1092 222 1103 '
281 1102 598 1160 ertatem
628 1088 778 1183 jam
816 1112 907 1160 ex
934 1087 1282 1160 diuturna
1317 1083 1698 1160 servitute⁵
1729 1084 2207 1184 respicientis,
2238 1087 2315 1155 in

184 1225 267 1273 eo
316 1198 670 1285 homine,
712 1200 828 1269 cui
881 1212 1035 1269 tum
1076 1200 1352 1295 petenti
1405 1197 1553 1292 jam
1596 1195 2005 1267 aedilitatem
2062 1219 2158 1266 ne
2208 1193 2317 1264 hi-

184 1312 505 1381 striones
568 1307 867 1405 quidem
920 1332 1159 1379 coram
1208 1306 1485 1380 sedenti
1547 1305 2064 1405 pepercerunt?
2132 1308 2317 1376 Nam

184 1444 414 1517 quum
444 1433 783 1515 ageretur
808 1423 1072 1515 Togata
1086 1416 1143 1508 ⁶,
1180 1418 1574 1506 Simulans,
1603 1432 1686 1488 ut
1722 1418 2006 1515 opinor,
2036 1429 2318 1486 caterva

186 1542 333 1601 tota
390 1525 785 1600 clarissima
827 1528 1345 1616 concentione,
1381 1529 1456 1598 in
1517 1551 1644 1599 ore
1690 1527 1956 1624 impuri
2006 1525 2318 1599 hominis

190 1639 622 1724 imminens,
667 1639 1089 1709 concionata
1137 1651 1293 1710 est:
1343 1666 1378 1702 a
1405 1638 1589 1708 Huic
1642 1639 1800 1709 vitoe
1835 1651 1972 1707 tuae
1999 1666 2035 1702 ι
2075 1677 2172 1689 --
2206 1650 2319 1719 et,

191 1749 806 1847 «Postprincipia,
865 1762 1081 1845 atque
1138 1748 1370 1818 exitus
1426 1747 1693 1818 vitiosae
1746 1746 1974 1817 vitae».
2017 1742 2326 1817 Sedebat

193 1861 690 1944 exanimata-33
733 1870 806 1927 et
839 1858 936 1945 is,
973 1859 1100 1954 qui
1132 1872 1340 1927 antea
1378 1870 1756 1928 cantorum
1795 1857 2121 1928 convicio
2150 1880 2323 1926 con-

194 1968 438 2039 ciones
478 1963 847 2039 celebrare
889 1990 1051 2038 suas
1079 1966 1390 2055 solebat,
1425 1981 1803 2040 cantorum
1845 1969 2168 2064 ipsorum
2203 1988 2324 2035 vo-

196 2076 396 2148 cibus
429 2074 881 2171 ejiciebatur.
920 2080 1048 2164 Et,
1084 2078 1426 2174 quoniam
1459 2074 1637 2148 facta
1676 2077 1947 2148 mentio
1976 2090 2082 2146 est
2118 2073 2322 2145 ludo·

198 2208 379 2272 rum,
397 2212 497 2259 ne
525 2185 708 2257 illud
722 2186 1016 2284 quidem
1039 2188 1597 2285 praetermittam,
1621 2188 1693 2256 in
1713 2210 1970 2283 magua
1986 2185 2323 2255 varietate

204 2297 1223 2395 sententiarum⁷,·numquam
1262 2295 1490 2367 ullum
1518 2294 1733 2366 fuisse
1766 2294 2043 2382 locum,
2064 2295 2136 2363 in
2174 2317 2325 2389 quo

210 2406 477 2504 aliquid
516 2433 560 2480 a
607 2422 823 2506 poeta
870 2407 1176 2496 dictum,
1239 2406 1496 2480 cadere
1546 2407 1621 2476 in
1658 2421 1943 2502 tempus
1990 2418 2325 2475 nostrum

205 2517 591 2604 videretur,
619 2516 822 2616 quod
849 2532 973 2588 aut
1006 2518 1358 2616 populum
1394 2517 1814 2587 universum
1832 2513 2109 2612 fugeret
2128 2508 2185 2601 ⁸,
2203 2525 2329 2582 aut

210 2650 361 2695 non
397 2628 829 2725 exprimeret
869 2629 1018 2725 ipse
1054 2643 1272 2698 actor.
1324 2632 1446 2712 Et,
1478 2649 1762 2722 quaes0,
1796 2625 1936 2695 hoc
1977 2624 2178 2708 loco,
2208 2622 2329 2715 ju-

206 2738 434 2827 dice5‚
466 2762 562 2808 ne
592 2762 737 2833 qua
771 2761 887 2809 me
922 2737 1206 2808 levitate
1242 2737 1543 2808 ductum
1571 2736 1661 2807 ad
1699 2734 2071 2806 insolitum
2103 2753 2331 2831 genus

204 2845 495 2918 dicendi
529 2844 677 2916 labi
706 2847 1012 2943 putetiS,
1057 2846 1113 2917 si
1143 2845 1233 2918 de
1268 2848 1536 2945 poetis,
1573 2847 1662 2918 de
1696 2840 2209 2929 histrionibus»,
2239 2841 2328 2912 de

204 2955 396 3026 ludis
428 2956 511 3024 in
540 2954 813 3049 judicio
852 2955 1127 3052 loquar.

298 3063 490 3136 LVI.
512 3064 676 3134 Non
702 3088 862 3134 sum
885 3076 1029 3135 tam
1053 3066 1377 3163 ignarUS,
1403 3065 1681 3161 judices
1698 3118 1717 3152 ‚
1744 3049 2116 3135 causarum
2133 3116 2154 3146 ,
2182 3084 2334 3132 non

202 3189 355 3246 tam
393 3172 711 3245 insolens
735 3175 809 3245 in
835 3174 1142 3247 dicendo
1164 3228 1186 3261 ‚
1217 3190 1300 3246 ut
1315 3177 1519 3245 omni
1546 3200 1632 3245 ex
1651 3199 1911 3271 genere
1935 3174 2334 3266 orationem

203 3308 569 3383 aucuper,
612 3298 683 3355 et
729 3308 983 3356 omnes
1032 3283 1361 3382 undique
1411 3283 1749 3355 flosculos
1791 3307 2074 3381 carpam
2119 3296 2336 3379 atque

206 3390 526 3467 delibem
567 3421 585 3463 ε
625 3395 772 3466 scio
801 3448 821 3483 ,
863 3392 1042 3491 quid
1076 3397 1378 3494 gravitas
1413 3411 1685 3497 vestra,
1723 3393 1899 3491 quid
1931 3391 2083 3464 haec
2122 3391 2336 3464 advo-

207 3508 430 3592 catio,
488 3501 670 3601 quid
706 3504 825 3575 ille
870 3516 1352 3596 conventus¹,
1404 3504 1583 3604 quid
1627 3504 1933 3603 dignitas
1967 3507 2039 3574 P.
2088 3505 2337 3590 Sextii,

288 3734 341 3783 5.
379 3734 631 3782 Dicam-na
665 3730 909 3781 servitute.
959 3735 1117 3796 Quam
1150 3750 1240 3797 per
1325 3734 1534 3798 palliata.
1560 3760 1632 3771 -·-
1655 3731 1911 3782 simulans.
1939 3732 2129 3782 Nomen
2154 3733 2348 3781 sabula.

211 3810 461 3860 biennium
488 3811 793 3878 pertulerat,
825 3810 1106 3859 consulibus
1134 3814 1240 3864 Cae-
1400 3830 1447 3875 7.
1487 3816 1856 3862 Sententiarum.
1900 3816 2022 3877 Qua
2063 3814 2249 3863 scilieet
2291 3815 2345 3861 in

210 3906 331 3937 aare
349 3892 612 3949 etBibnlo,
635 3890 816 3939 Pisone
838 3900 888 3937 et
909 3890 1136 3940 Gabinio.
1328 3900 1487 3956 togata
1512 3902 1793 3941 occurrunt.

290 3969 348 4017 6.
384 3970 581 4036 Togata.
612 3973 734 4019 Haee
762 3985 865 4018 vox
889 3969 1076 4017 indicat
1099 3987 1244 4035 argu-
1405 3971 1455 4018 8.
1509 3971 1733 4033 Fugerat.
1785 3969 1937 4033 Quod
1983 3970 2199 4036 populus
2246 3984 2349 4019 non

206 4058 430 4097 mentun
452 4049 637 4098 {abnlae
658 4064 762 4097 ene
786 4053 1070 4107 romanum;
1096 4066 1245 4114 quum
1331 4048 1616 4113 intelligeret
1633 4050 1686 4096 in
1703 4065 1855 4098 meam
1876 4050 2044 4099 cadere
2061 4050 2322 4099 fortunam.

207 4142 239 4174 a
278 4129 464 4178 Grecis
497 4139 608 4178 ent
627 4127 964 4191 daumptum,
996 4127 1248 4179 diceb-tur
1400 4130 1527 4178 LVI.
1558 4143 1604 4176 ι.
1638 4129 1732 4181 ΙΙΙο
1753 4139 2027 4180 convenam.
2052 4127 2232 4192 Populi
2256 4124 2354 4174 tci-
