<?xml version="1.0" encoding="UTF-8"?>
<!DOCTYPE html PUBLIC "-//W3C//DTD XHTML 1.0 Transitional//EN"
    "http://www.w3.org/TR/xhtml1/DTD/xhtml1-transitional.dtd">
<html xmlns="http://www.w3.org/1999/xhtml" xml:lang="en" lang="en">
 <head>
  <title>
</title>
<meta http-equiv="Content-Type" content="text/html;charset=utf-8" />
  <meta name='ocr-system' content='tesseract 3.04.00' />
  <meta name='ocr-capabilities' content='ocr_page ocr_carea ocr_par ocr_line ocrx_word'/>
</head>
<body>
  <div class='ocr_page' id='page_1' title='image "./mtciceronisquae06lemagoog_0409.png"; bbox 0 0 2994 4778; ppageno 0'>
   <div class='ocr_carea' id='block_1_1' title="bbox 653 411 2383 516">
    <p class='ocr_par' dir='ltr' id='par_1_1' title="bbox 653 411 2383 516">
     <span class='ocr_line' id='line_1_1' title="bbox 653 411 2383 516; baseline 0.005 -39"><span class='ocrx_word' id='word_1_1' title='bbox 653 412 1040 479; x_wconf 88' lang='lat' dir='ltr'><strong>ORATIO</strong></span> <span class='ocrx_word' id='word_1_2' title='bbox 1090 411 1197 479; x_wconf 80' lang='lat' dir='ltr'>IN</span> <span class='ocrx_word' id='word_1_3' title='bbox 1247 413 1325 480; x_wconf 94' lang='lat' dir='ltr'>L.</span> <span class='ocrx_word' id='word_1_4' title='bbox 1370 414 1453 483; x_wconf 88' lang='lat' dir='ltr'>C.</span> <span class='ocrx_word' id='word_1_5' title='bbox 1502 414 1992 487; x_wconf 87' lang='lat' dir='ltr'><strong>PISONEM.</strong></span> <span class='ocrx_word' id='word_1_6' title='bbox 2242 417 2383 516; x_wconf 79' lang='grc'>399</span> 
     </span>
    </p>
   </div>
   <div class='ocr_carea' id='block_1_2' title="bbox 247 530 2393 2832">
    <p class='ocr_par' dir='ltr' id='par_1_2' title="bbox 248 530 2393 1401">
     <span class='ocr_line' id='line_1_2' title="bbox 251 530 2387 634; baseline 0.005 -29"><span class='ocrx_word' id='word_1_7' title='bbox 251 532 693 619; x_wconf 82' lang='lat' dir='ltr'>absentiam,</span> <span class='ocrx_word' id='word_1_8' title='bbox 749 546 821 603; x_wconf 91' lang='lat' dir='ltr'>et</span> <span class='ocrx_word' id='word_1_9' title='bbox 860 530 1173 603; x_wconf 86' lang='lat' dir='ltr'>reditum</span> <span class='ocrx_word' id='word_1_10' title='bbox 1219 533 1316 604; x_wconf 88' lang='lat' dir='ltr'>ita</span> <span class='ocrx_word' id='word_1_11' title='bbox 1364 533 1577 631; x_wconf 90' lang='lat' dir='ltr'>longe</span> <span class='ocrx_word' id='word_1_12' title='bbox 1629 549 1760 606; x_wconf 89' lang='lat' dir='ltr'>tuo</span> <span class='ocrx_word' id='word_1_13' title='bbox 1815 540 2251 634; x_wconf 63' lang='lat' dir='ltr'>praestitisse,</span> <span class='ocrx_word' id='word_1_14' title='bbox 2304 559 2387 615; x_wconf 91' lang='lat' dir='ltr'>ut</span> 
     </span>
     <span class='ocr_line' id='line_1_3' title="bbox 249 642 2383 740; baseline 0.006 -26"><span class='ocrx_word' id='word_1_15' title='bbox 249 643 433 714; x_wconf 88' lang='lat' dir='ltr'>mihi</span> <span class='ocrx_word' id='word_1_16' title='bbox 480 642 603 714; x_wconf 92' lang='lat' dir='ltr'>illa</span> <span class='ocrx_word' id='word_1_17' title='bbox 648 643 895 714; x_wconf 88' lang='lat' dir='ltr'>omnia</span> <span class='ocrx_word' id='word_1_18' title='bbox 947 643 1427 715; x_wconf 82' lang='lat' dir='ltr'>immortalem</span> <span class='ocrx_word' id='word_1_19' title='bbox 1471 643 1770 740; x_wconf 84' lang='lat' dir='ltr'>gloriam</span> <span class='ocrx_word' id='word_1_20' title='bbox 1821 645 2185 739; x_wconf 84' lang='lat' dir='ltr'>dederint,</span> <span class='ocrx_word' id='word_1_21' title='bbox 2247 653 2383 726; x_wconf 92' lang='lat' dir='ltr'>tibi</span> 
     </span>
     <span class='ocr_line' id='line_1_4' title="bbox 248 751 2383 851; baseline 0.006 -29"><span class='ocrx_word' id='word_1_22' title='bbox 248 754 765 851; x_wconf 84' lang='lat' dir='ltr'>sempiternam</span> <span class='ocrx_word' id='word_1_23' title='bbox 804 751 1330 849; x_wconf 80' lang='lat' dir='ltr'>turpitudinem</span> <span class='ocrx_word' id='word_1_24' title='bbox 1359 755 1774 826; x_wconf 79' lang='lat' dir='ltr'>inflixerint.</span> <span class='ocrx_word' id='word_1_25' title='bbox 1812 762 2023 829; x_wconf 89' lang='lat' dir='ltr'>Nunc</span> <span class='ocrx_word' id='word_1_26' title='bbox 2060 763 2269 833; x_wconf 87' lang='lat' dir='ltr'>etiam</span> <span class='ocrx_word' id='word_1_27' title='bbox 2303 767 2383 836; x_wconf 88' lang='lat' dir='ltr'>in</span> 
     </span>
     <span class='ocr_line' id='line_1_5' title="bbox 248 862 2383 967; baseline 0.006 -34"><span class='ocrx_word' id='word_1_28' title='bbox 248 862 392 933; x_wconf 91' lang='lat' dir='ltr'>hac</span> <span class='ocrx_word' id='word_1_29' title='bbox 425 862 880 959; x_wconf 87' lang='lat' dir='ltr'>quotidiana,</span> <span class='ocrx_word' id='word_1_30' title='bbox 924 862 1239 951; x_wconf 80' lang='lat' dir='ltr'>assidua,</span> <span class='ocrx_word' id='word_1_31' title='bbox 1278 863 1704 961; x_wconf 83' lang='lat' dir='ltr'>urbanaque</span> <span class='ocrx_word' id='word_1_32' title='bbox 1736 868 1877 936; x_wconf 85' lang='lat' dir='ltr'>vita</span> <span class='ocrx_word' id='word_1_33' title='bbox 1922 868 2383 967; x_wconf 86' lang='lat' dir='ltr'>splendorem</span> 
     </span>
     <span class='ocr_line' id='line_1_6' title="bbox 253 972 2381 1078; baseline 0.005 -35"><span class='ocrx_word' id='word_1_34' title='bbox 253 987 463 1043; x_wconf 91' lang='lat' dir='ltr'>tuum</span> <span class='ocrx_word' id='word_1_35' title='bbox 481 985 535 1061; x_wconf 85' lang='lat'>9,</span> <span class='ocrx_word' id='word_1_36' title='bbox 568 976 904 1071; x_wconf 84' lang='lat' dir='ltr'>gratiam,</span> <span class='ocrx_word' id='word_1_37' title='bbox 943 972 1430 1045; x_wconf 86' lang='lat' dir='ltr'>celebritatem</span> <span class='ocrx_word' id='word_1_38' title='bbox 1475 973 2048 1065; x_wconf 68' lang='lat' dir='ltr'>domesticarum,</span> <span class='ocrx_word' id='word_1_39' title='bbox 2085 1005 2381 1078; x_wconf 89' lang='lat' dir='ltr'>operam</span> 
     </span>
     <span class='ocr_line' id='line_1_7' title="bbox 253 1080 2387 1176; baseline 0.004 -22"><span class='ocrx_word' id='word_1_40' title='bbox 253 1080 726 1171; x_wconf 66' lang='lat' dir='ltr'>sorensemn,</span> <span class='ocrx_word' id='word_1_41' title='bbox 760 1082 1179 1170; x_wconf 89' lang='lat' dir='ltr'>consilium,</span> <span class='ocrx_word' id='word_1_42' title='bbox 1222 1082 1601 1168; x_wconf 82' lang='lat' dir='ltr'>auxilium,</span> <span class='ocrx_word' id='word_1_43' title='bbox 1644 1089 2181 1176; x_wconf 82' lang='lat' dir='ltr'>auctoritatem,</span> <span class='ocrx_word' id='word_1_44' title='bbox 2223 1114 2387 1162; x_wconf 90' lang='lat' dir='ltr'>sen·</span> 
     </span>
     <span class='ocr_line' id='line_1_8' title="bbox 256 1192 2386 1291; baseline 0.004 -27"><span class='ocrx_word' id='word_1_45' title='bbox 256 1194 556 1264; x_wconf 84' lang='lat' dir='ltr'>tentiam</span> <span class='ocrx_word' id='word_1_46' title='bbox 606 1193 1141 1281; x_wconf 61' lang='lat' dir='ltr'>senator-iarum,</span> <span class='ocrx_word' id='word_1_47' title='bbox 1198 1192 1448 1282; x_wconf 88' lang='lat' dir='ltr'>nobis,</span> <span class='ocrx_word' id='word_1_48' title='bbox 1492 1209 1653 1282; x_wconf 89' lang='lat' dir='ltr'>aut,</span> <span class='ocrx_word' id='word_1_49' title='bbox 1698 1209 1781 1266; x_wconf 89' lang='lat' dir='ltr'>ut</span> <span class='ocrx_word' id='word_1_50' title='bbox 1831 1199 2070 1267; x_wconf 85' lang='lat' dir='ltr'>verius</span> <span class='ocrx_word' id='word_1_51' title='bbox 2125 1197 2386 1291; x_wconf 84' lang='lat' dir='ltr'>dicam,</span> 
     </span>
     <span class='ocr_line' id='line_1_9' title="bbox 254 1298 2393 1401; baseline 0.005 -29"><span class='ocrx_word' id='word_1_52' title='bbox 254 1303 596 1399; x_wconf 89' lang='lat' dir='ltr'>cuiquam</span> <span class='ocrx_word' id='word_1_53' title='bbox 644 1325 719 1372; x_wconf 91' lang='lat' dir='ltr'>es</span> <span class='ocrx_word' id='word_1_54' title='bbox 771 1298 1100 1372; x_wconf 80' lang='lat' dir='ltr'>infimo¹³</span> <span class='ocrx_word' id='word_1_55' title='bbox 1144 1326 1227 1374; x_wconf 89' lang='lat' dir='ltr'>ac</span> <span class='ocrx_word' id='word_1_56' title='bbox 1272 1302 1851 1401; x_wconf 89' lang='lat' dir='ltr'>desperatissimo</span> <span class='ocrx_word' id='word_1_57' title='bbox 1899 1308 2393 1383; x_wconf 85' lang='lat' dir='ltr'>antelaturus?</span> 
     </span>
    </p>

    <p class='ocr_par' dir='ltr' id='par_1_3' title="bbox 247 1411 2391 2832">
     <span class='ocr_line' id='line_1_10' title="bbox 351 1411 2391 1509; baseline 0.004 -26"><span class='ocrx_word' id='word_1_58' title='bbox 351 1416 642 1483; x_wconf 83' lang='lat' dir='ltr'>XXVII.</span> <span class='ocrx_word' id='word_1_59' title='bbox 697 1416 879 1508; x_wconf 89' lang='lat' dir='ltr'>Age,</span> <span class='ocrx_word' id='word_1_60' title='bbox 918 1426 1210 1484; x_wconf 87' lang='lat' dir='ltr'>senatus</span> <span class='ocrx_word' id='word_1_61' title='bbox 1250 1411 1405 1483; x_wconf 87' lang='lat' dir='ltr'>odit</span> <span class='ocrx_word' id='word_1_62' title='bbox 1439 1426 1551 1502; x_wconf 91' lang='lat' dir='ltr'>te,</span> <span class='ocrx_word' id='word_1_63' title='bbox 1592 1412 1792 1509; x_wconf 93' lang='lat' dir='ltr'>quod</span> <span class='ocrx_word' id='word_1_64' title='bbox 1829 1439 1994 1485; x_wconf 90' lang='lat' dir='ltr'>eum</span> <span class='ocrx_word' id='word_1_65' title='bbox 2035 1431 2113 1488; x_wconf 90' lang='lat' dir='ltr'>tu</span> <span class='ocrx_word' id='word_1_66' title='bbox 2158 1416 2391 1493; x_wconf 86' lang='lat' dir='ltr'>facere</span> 
     </span>
     <span class='ocr_line' id='line_1_11' title="bbox 247 1522 2390 1621; baseline 0.004 -28"><span class='ocrx_word' id='word_1_67' title='bbox 247 1525 414 1619; x_wconf 85' lang='lat' dir='ltr'>jure</span> <span class='ocrx_word' id='word_1_68' title='bbox 467 1523 839 1613; x_wconf 77' lang='lat' dir='ltr'>concediS,</span> <span class='ocrx_word' id='word_1_69' title='bbox 891 1522 1318 1596; x_wconf 88' lang='lat' dir='ltr'>afflictorem</span> <span class='ocrx_word' id='word_1_70' title='bbox 1370 1537 1442 1595; x_wconf 91' lang='lat' dir='ltr'>et</span> <span class='ocrx_word' id='word_1_71' title='bbox 1481 1522 1925 1621; x_wconf 87' lang='lat' dir='ltr'>perditorem</span> <span class='ocrx_word' id='word_1_72' title='bbox 1966 1550 2116 1598; x_wconf 91' lang='lat' dir='ltr'>non</span> <span class='ocrx_word' id='word_1_73' title='bbox 2166 1529 2390 1603; x_wconf 90' lang='lat' dir='ltr'>modo</span> 
     </span>
     <span class='ocr_line' id='line_1_12' title="bbox 257 1633 2388 1731; baseline 0.005 -28"><span class='ocrx_word' id='word_1_74' title='bbox 257 1633 622 1731; x_wconf 83' lang='lat' dir='ltr'>dignitatis</span> <span class='ocrx_word' id='word_1_75' title='bbox 661 1649 735 1706; x_wconf 90' lang='lat' dir='ltr'>et</span> <span class='ocrx_word' id='word_1_76' title='bbox 771 1635 1273 1723; x_wconf 80' lang='lat' dir='ltr'>auctoritatis1,</span> <span class='ocrx_word' id='word_1_77' title='bbox 1316 1633 1443 1705; x_wconf 88' lang='lat' dir='ltr'>sed</span> <span class='ocrx_word' id='word_1_78' title='bbox 1483 1638 1786 1705; x_wconf 91' lang='lat' dir='ltr'>omnino</span> <span class='ocrx_word' id='word_1_79' title='bbox 1820 1634 2094 1709; x_wconf 90' lang='lat' dir='ltr'>ordinis</span> <span class='ocrx_word' id='word_1_80' title='bbox 2125 1662 2210 1711; x_wconf 92' lang='lat' dir='ltr'>ac</span> <span class='ocrx_word' id='word_1_81' title='bbox 2256 1665 2388 1712; x_wconf 91' lang='lat' dir='ltr'>no-</span> 
     </span>
     <span class='ocr_line' id='line_1_13' title="bbox 260 1744 2383 1844; baseline 0.004 -31"><span class='ocrx_word' id='word_1_82' title='bbox 260 1745 474 1815; x_wconf 89' lang='lat' dir='ltr'>minis</span> <span class='ocrx_word' id='word_1_83' title='bbox 504 1748 610 1815; x_wconf 90' lang='lat' dir='ltr'>sui</span> <span class='ocrx_word' id='word_1_84' title='bbox 627 1758 652 1831; x_wconf 80' lang='lat'>3&#39;</span> <span class='ocrx_word' id='word_1_85' title='bbox 675 1744 920 1817; x_wconf 82' lang='lat' dir='ltr'>videre</span> <span class='ocrx_word' id='word_1_86' title='bbox 952 1746 1232 1842; x_wconf 88' lang='lat' dir='ltr'>equites</span> <span class='ocrx_word' id='word_1_87' title='bbox 1265 1744 1546 1814; x_wconf 88' lang='lat' dir='ltr'>romani</span> <span class='ocrx_word' id='word_1_88' title='bbox 1572 1768 1722 1813; x_wconf 92' lang='lat' dir='ltr'>non</span> <span class='ocrx_word' id='word_1_89' title='bbox 1751 1761 2090 1842; x_wconf 89' lang='lat' dir='ltr'>possunt,</span> <span class='ocrx_word' id='word_1_90' title='bbox 2120 1772 2271 1844; x_wconf 92' lang='lat' dir='ltr'>quo</span> <span class='ocrx_word' id='word_1_91' title='bbox 2295 1775 2383 1820; x_wconf 85' lang='lat' dir='ltr'>ex</span> 
     </span>
     <span class='ocr_line' id='line_1_14' title="bbox 258 1850 2386 1953; baseline 0.004 -30"><span class='ocrx_word' id='word_1_92' title='bbox 258 1850 516 1928; x_wconf 80' lang='lat' dir='ltr'>ordine</span> <span class='ocrx_word' id='word_1_93' title='bbox 552 1856 662 1925; x_wconf 85' lang='lat' dir='ltr'>vir</span> <span class='ocrx_word' id='word_1_94' title='bbox 696 1855 1314 1953; x_wconf 67' lang='lat' dir='ltr'>praestantissimus</span> <span class='ocrx_word' id='word_1_95' title='bbox 1350 1868 1424 1924; x_wconf 90' lang='lat' dir='ltr'>et</span> <span class='ocrx_word' id='word_1_96' title='bbox 1454 1853 1991 1924; x_wconf 87' lang='lat' dir='ltr'>ornatissimus²</span> <span class='ocrx_word' id='word_1_97' title='bbox 2035 1860 2116 1926; x_wconf 93' lang='lat' dir='ltr'>L.</span> <span class='ocrx_word' id='word_1_98' title='bbox 2160 1857 2386 1931; x_wconf 88' lang='lat' dir='ltr'>AElius</span> 
     </span>
     <span class='ocr_line' id='line_1_15' title="bbox 258 1961 2385 2063; baseline 0.002 -28"><span class='ocrx_word' id='word_1_99' title='bbox 258 1978 401 2052; x_wconf 86' lang='lat' dir='ltr'>est,</span> <span class='ocrx_word' id='word_1_100' title='bbox 452 1980 520 2036; x_wconf 91' lang='lat' dir='ltr'>te</span> <span class='ocrx_word' id='word_1_101' title='bbox 562 1965 897 2052; x_wconf 89' lang='lat' dir='ltr'>consule,</span> <span class='ocrx_word' id='word_1_102' title='bbox 943 1964 1329 2061; x_wconf 87' lang='lat' dir='ltr'>relegatus;</span> <span class='ocrx_word' id='word_1_103' title='bbox 1384 1961 1591 2061; x_wconf 89' lang='lat' dir='ltr'>plebs</span> <span class='ocrx_word' id='word_1_104' title='bbox 1634 1961 1974 2034; x_wconf 60' lang='lat' dir='ltr'>romana-³</span> <span class='ocrx_word' id='word_1_105' title='bbox 2021 1966 2385 2063; x_wconf 89' lang='lat' dir='ltr'>perditum</span> 
     </span>
     <span class='ocr_line' id='line_1_16' title="bbox 257 2073 2387 2173; baseline 0.002 -28"><span class='ocrx_word' id='word_1_106' title='bbox 257 2078 501 2173; x_wconf 89' lang='lat' dir='ltr'>cupit,</span> <span class='ocrx_word' id='word_1_107' title='bbox 544 2077 619 2145; x_wconf 89' lang='lat' dir='ltr'>iu</span> <span class='ocrx_word' id='word_1_108' title='bbox 656 2074 862 2170; x_wconf 88' lang='lat' dir='ltr'>cujus</span> <span class='ocrx_word' id='word_1_109' title='bbox 896 2074 1385 2146; x_wconf 66' lang='lat' dir='ltr'>tu³infamiam</span> <span class='ocrx_word' id='word_1_110' title='bbox 1423 2098 1541 2160; x_wconf 89' lang='lat' dir='ltr'>ea,</span> <span class='ocrx_word' id='word_1_111' title='bbox 1597 2097 1760 2169; x_wconf 84' lang='lat' dir='ltr'>quae</span> <span class='ocrx_word' id='word_1_112' title='bbox 1798 2098 1927 2170; x_wconf 90' lang='lat' dir='ltr'>per</span> <span class='ocrx_word' id='word_1_113' title='bbox 1964 2073 2278 2149; x_wconf 89' lang='lat' dir='ltr'>latrones</span> <span class='ocrx_word' id='word_1_114' title='bbox 2313 2092 2387 2149; x_wconf 90' lang='lat' dir='ltr'>et</span> 
     </span>
     <span class='ocr_line' id='line_1_17' title="bbox 256 2182 2387 2281; baseline 0.001 -26"><span class='ocrx_word' id='word_1_115' title='bbox 256 2208 389 2281; x_wconf 88' lang='lat' dir='ltr'>per</span> <span class='ocrx_word' id='word_1_116' title='bbox 436 2209 681 2258; x_wconf 86' lang='lat' dir='ltr'>servos</span> <span class='ocrx_word' id='word_1_117' title='bbox 729 2185 821 2257; x_wconf 92' lang='lat' dir='ltr'>de</span> <span class='ocrx_word' id='word_1_118' title='bbox 874 2209 991 2256; x_wconf 92' lang='lat' dir='ltr'>me</span> <span class='ocrx_word' id='word_1_119' title='bbox 1041 2208 1319 2281; x_wconf 81' lang='lat' dir='ltr'>egeraS,</span> <span class='ocrx_word' id='word_1_120' title='bbox 1370 2182 1779 2265; x_wconf 88' lang='lat' dir='ltr'>contulisti;</span> <span class='ocrx_word' id='word_1_121' title='bbox 1833 2182 2079 2254; x_wconf 71' lang='lat' dir='ltr'>Italia‘*</span> <span class='ocrx_word' id='word_1_122' title='bbox 2129 2201 2387 2258; x_wconf 88' lang='lat' dir='ltr'>cuncta</span> 
     </span>
     <span class='ocr_line' id='line_1_18' title="bbox 261 2290 2388 2389; baseline 0.002 -25"><span class='ocrx_word' id='word_1_123' title='bbox 261 2308 692 2384; x_wconf 82' lang='lat' dir='ltr'>exsecratur,</span> <span class='ocrx_word' id='word_1_124' title='bbox 756 2293 963 2389; x_wconf 85' lang='lat' dir='ltr'>cujus</span> <span class='ocrx_word' id='word_1_125' title='bbox 1022 2293 1215 2365; x_wconf 90' lang='lat' dir='ltr'>idem</span> <span class='ocrx_word' id='word_1_126' title='bbox 1270 2308 1351 2365; x_wconf 87' lang='lat' dir='ltr'>tu</span> <span class='ocrx_word' id='word_1_127' title='bbox 1402 2290 1913 2388; x_wconf 85' lang='lat' dir='ltr'>superbissime</span> <span class='ocrx_word' id='word_1_128' title='bbox 1972 2291 2257 2367; x_wconf 87' lang='lat' dir='ltr'>decreta</span> <span class='ocrx_word' id='word_1_129' title='bbox 2313 2312 2388 2369; x_wconf 89' lang='lat' dir='ltr'>et</span> 
     </span>
     <span class='ocr_line' id='line_1_19' title="bbox 262 2403 2385 2505; baseline 0.002 -30"><span class='ocrx_word' id='word_1_130' title='bbox 262 2428 511 2501; x_wconf 87' lang='lat' dir='ltr'>preces</span> <span class='ocrx_word' id='word_1_131' title='bbox 546 2406 957 2505; x_wconf 88' lang='lat' dir='ltr'>repudiasti.</span> <span class='ocrx_word' id='word_1_132' title='bbox 988 2411 1125 2478; x_wconf 89' lang='lat' dir='ltr'>Fac</span> <span class='ocrx_word' id='word_1_133' title='bbox 1151 2404 1369 2499; x_wconf 85' lang='lat' dir='ltr'>hujus</span> <span class='ocrx_word' id='word_1_134' title='bbox 1401 2403 1550 2475; x_wconf 90' lang='lat' dir='ltr'>odii</span> <span class='ocrx_word' id='word_1_135' title='bbox 1575 2403 1757 2474; x_wconf 88' lang='lat' dir='ltr'>tanti</span> <span class='ocrx_word' id='word_1_136' title='bbox 1784 2427 1864 2475; x_wconf 89' lang='lat' dir='ltr'>ac</span> <span class='ocrx_word' id='word_1_137' title='bbox 1899 2418 2043 2474; x_wconf 91' lang='lat' dir='ltr'>tam</span> <span class='ocrx_word' id='word_1_138' title='bbox 2071 2410 2385 2479; x_wconf 86' lang='lat' dir='ltr'>universi</span> 
     </span>
     <span class='ocr_line' id='line_1_20' title="bbox 260 2513 2389 2612; baseline 0.001 -27"><span class='ocrx_word' id='word_1_139' title='bbox 260 2516 700 2612; x_wconf 90' lang='lat' dir='ltr'>periculum,</span> <span class='ocrx_word' id='word_1_140' title='bbox 740 2519 798 2587; x_wconf 92' lang='lat' dir='ltr'>si</span> <span class='ocrx_word' id='word_1_141' title='bbox 854 2516 1093 2588; x_wconf 89' lang='lat' dir='ltr'>audes.</span> <span class='ocrx_word' id='word_1_142' title='bbox 1145 2520 1427 2586; x_wconf 88' lang='lat' dir='ltr'>Instant</span> <span class='ocrx_word' id='word_1_143' title='bbox 1475 2528 1641 2611; x_wconf 88' lang='lat' dir='ltr'>post</span> <span class='ocrx_word' id='word_1_144' title='bbox 1688 2513 2071 2584; x_wconf 89' lang='lat' dir='ltr'>hominum</span> <span class='ocrx_word' id='word_1_145' title='bbox 2115 2540 2389 2588; x_wconf 91' lang='lat' dir='ltr'>memo-</span> 
     </span>
     <span class='ocr_line' id='line_1_21' title="bbox 258 2622 2388 2723; baseline 0.002 -29"><span class='ocrx_word' id='word_1_146' title='bbox 258 2623 436 2694; x_wconf 85' lang='lat' dir='ltr'>riam</span> <span class='ocrx_word' id='word_1_147' title='bbox 476 2627 994 2723; x_wconf 88' lang='lat' dir='ltr'>apparatissimi</span> <span class='ocrx_word' id='word_1_148' title='bbox 1028 2624 1860 2722; x_wconf 87' lang='lat' dir='ltr'>magnificentissimique</span> <span class='ocrx_word' id='word_1_149' title='bbox 1914 2622 2101 2709; x_wconf 90' lang='lat' dir='ltr'>ludi,</span> <span class='ocrx_word' id='word_1_150' title='bbox 2138 2625 2388 2721; x_wconf 86' lang='lat' dir='ltr'>quales</span> 
     </span>
     <span class='ocr_line' id='line_1_22' title="bbox 258 2731 2389 2832; baseline 0.001 -30"><span class='ocrx_word' id='word_1_151' title='bbox 258 2757 408 2804; x_wconf 89' lang='lat' dir='ltr'>non</span> <span class='ocrx_word' id='word_1_152' title='bbox 451 2733 673 2807; x_wconf 91' lang='lat' dir='ltr'>modo</span> <span class='ocrx_word' id='word_1_153' title='bbox 709 2759 1108 2832; x_wconf 87' lang='lat' dir='ltr'>numquam</span> <span class='ocrx_word' id='word_1_154' title='bbox 1151 2734 1482 2820; x_wconf 87' lang='lat' dir='ltr'>fuerunt,</span> <span class='ocrx_word' id='word_1_155' title='bbox 1532 2731 1657 2805; x_wconf 88' lang='lat' dir='ltr'>sed</span> <span class='ocrx_word' id='word_1_156' title='bbox 1688 2756 1780 2804; x_wconf 89' lang='lat' dir='ltr'>ne</span> <span class='ocrx_word' id='word_1_157' title='bbox 1820 2731 2195 2828; x_wconf 91' lang='lat' dir='ltr'>quomodo</span> <span class='ocrx_word' id='word_1_158' title='bbox 2231 2733 2389 2806; x_wconf 86' lang='lat' dir='ltr'>fieri</span> 
     </span>
    </p>
   </div>
   <div class='ocr_carea' id='block_1_3' title="bbox 258 2896 1285 4057">
    <p class='ocr_par' dir='ltr' id='par_1_4' title="bbox 261 2896 1281 3040">
     <span class='ocr_line' id='line_1_23' title="bbox 328 2896 1281 2961; baseline 0 -15"><span class='ocrx_word' id='word_1_159' title='bbox 328 2912 382 2960; x_wconf 77' lang='lat'>9.</span> <span class='ocrx_word' id='word_1_160' title='bbox 402 2897 713 2961; x_wconf 76' lang='lat' dir='ltr'>Splendor-em</span> <span class='ocrx_word' id='word_1_161' title='bbox 732 2908 887 2946; x_wconf 77' lang='lat' dir='ltr'>tuum.</span> <span class='ocrx_word' id='word_1_162' title='bbox 909 2896 1111 2945; x_wconf 81' lang='lat' dir='ltr'>Privatis</span> <span class='ocrx_word' id='word_1_163' title='bbox 1128 2897 1281 2946; x_wconf 80' lang='lat' dir='ltr'>virtu·</span> 
     </span>
     <span class='ocr_line' id='line_1_24' title="bbox 261 2975 963 3040; baseline -0.001 -15"><span class='ocrx_word' id='word_1_164' title='bbox 261 2975 394 3025; x_wconf 77' lang='lat' dir='ltr'>tibus</span> <span class='ocrx_word' id='word_1_165' title='bbox 414 2978 663 3040; x_wconf 61' lang='lat' dir='ltr'>quatitam</span> <span class='ocrx_word' id='word_1_166' title='bbox 683 2977 963 3025; x_wconf 73' lang='lat' dir='ltr'>claritatem.</span> 
     </span>
    </p>

    <p class='ocr_par' dir='ltr' id='par_1_5' title="bbox 258 3054 1282 3502">
     <span class='ocr_line' id='line_1_25' title="bbox 337 3054 1279 3105; baseline 0.001 -2"><span class='ocrx_word' id='word_1_167' title='bbox 337 3070 421 3105; x_wconf 76' lang='grc' dir='ltr'>ιο.</span> <span class='ocrx_word' id='word_1_168' title='bbox 454 3056 781 3105; x_wconf 75' lang='lat' dir='ltr'>celebritatem</span> <span class='ocrx_word' id='word_1_169' title='bbox 808 3054 1139 3104; x_wconf 73' lang='lat' dir='ltr'>domesticam.</span> <span class='ocrx_word' id='word_1_170' title='bbox 1167 3060 1279 3104; x_wconf 82' lang='lat' dir='ltr'>Fre·</span> 
     </span>
     <span class='ocr_line' id='line_1_26' title="bbox 259 3134 1279 3199; baseline -0.001 -17"><span class='ocrx_word' id='word_1_171' title='bbox 259 3134 510 3199; x_wconf 84' lang='lat' dir='ltr'>quentiam</span> <span class='ocrx_word' id='word_1_172' title='bbox 531 3135 762 3183; x_wconf 82' lang='lat' dir='ltr'>clientum</span> <span class='ocrx_word' id='word_1_173' title='bbox 776 3170 791 3194; x_wconf 91' lang='lat'>,</span> <span class='ocrx_word' id='word_1_174' title='bbox 814 3136 902 3199; x_wconf 88' lang='lat' dir='ltr'>qui</span> <span class='ocrx_word' id='word_1_175' title='bbox 925 3135 1124 3184; x_wconf 87' lang='lat' dir='ltr'>domum</span> <span class='ocrx_word' id='word_1_176' title='bbox 1149 3145 1279 3183; x_wconf 87' lang='lat' dir='ltr'>tuam</span> 
     </span>
     <span class='ocr_line' id='line_1_27' title="bbox 258 3214 1281 3279; baseline 0 -18"><span class='ocrx_word' id='word_1_177' title='bbox 258 3214 493 3262; x_wconf 81' lang='lat' dir='ltr'>matutina</span> <span class='ocrx_word' id='word_1_178' title='bbox 520 3214 810 3279; x_wconf 65' lang='lat' dir='ltr'>salutatione</span> <span class='ocrx_word' id='word_1_179' title='bbox 836 3214 1080 3263; x_wconf 78' lang='lat' dir='ltr'>celebrent</span> <span class='ocrx_word' id='word_1_180' title='bbox 1103 3229 1160 3262; x_wconf 91' lang='lat' dir='ltr'>ac</span> <span class='ocrx_word' id='word_1_181' title='bbox 1185 3215 1281 3262; x_wconf 80' lang='lat' dir='ltr'>sre-</span> 
     </span>
     <span class='ocr_line' id='line_1_28' title="bbox 258 3291 1282 3357; baseline -0.001 -15"><span class='ocrx_word' id='word_1_182' title='bbox 258 3304 517 3357; x_wconf 83' lang='lat' dir='ltr'>quentent.</span> <span class='ocrx_word' id='word_1_183' title='bbox 549 3295 680 3357; x_wconf 90' lang='lat' dir='ltr'>Quia</span> <span class='ocrx_word' id='word_1_184' title='bbox 703 3293 928 3343; x_wconf 81' lang='lat' dir='ltr'>videlieet</span> <span class='ocrx_word' id='word_1_185' title='bbox 955 3291 1282 3342; x_wconf 80' lang='lat' dir='ltr'>honorificum</span> 
     </span>
     <span class='ocr_line' id='line_1_29' title="bbox 259 3371 1281 3437; baseline -0.001 -16"><span class='ocrx_word' id='word_1_186' title='bbox 259 3373 352 3422; x_wconf 69' lang='lat' dir='ltr'>finit</span> <span class='ocrx_word' id='word_1_187' title='bbox 378 3371 564 3421; x_wconf 78' lang='lat' dir='ltr'>multoe</span> <span class='ocrx_word' id='word_1_188' title='bbox 584 3372 760 3423; x_wconf 85' lang='lat' dir='ltr'>habere</span> <span class='ocrx_word' id='word_1_189' title='bbox 783 3374 1007 3432; x_wconf 74' lang='lat' dir='ltr'>clientes,</span> <span class='ocrx_word' id='word_1_190' title='bbox 1034 3373 1121 3437; x_wconf 88' lang='lat' dir='ltr'>qui</span> <span class='ocrx_word' id='word_1_191' title='bbox 1140 3388 1281 3420; x_wconf 89' lang='lat' dir='ltr'>mane</span> 
     </span>
     <span class='ocr_line' id='line_1_30' title="bbox 258 3451 970 3502; baseline 0.001 -1"><span class='ocrx_word' id='word_1_192' title='bbox 258 3451 321 3501; x_wconf 73' lang='lat' dir='ltr'>ad</span> <span class='ocrx_word' id='word_1_193' title='bbox 336 3451 651 3501; x_wconf 72' lang='lat' dir='ltr'>salutandum</span> <span class='ocrx_word' id='word_1_194' title='bbox 666 3453 970 3502; x_wconf 76' lang='lat' dir='ltr'>accederent.</span> 
     </span>
    </p>

    <p class='ocr_par' dir='ltr' id='par_1_6' title="bbox 259 3531 1284 3836">
     <span class='ocr_line' id='line_1_31' title="bbox 333 3531 1281 3597; baseline -0.001 -18"><span class='ocrx_word' id='word_1_195' title='bbox 333 3548 356 3579; x_wconf 83' lang='lat'>1</span> <span class='ocrx_word' id='word_1_196' title='bbox 370 3548 419 3579; x_wconf 81' lang='grc' dir='ltr'>ι.</span> <span class='ocrx_word' id='word_1_197' title='bbox 445 3531 932 3597; x_wconf 77' lang='lat' dir='ltr'>Operamforeasem.</span> <span class='ocrx_word' id='word_1_198' title='bbox 955 3531 1281 3581; x_wconf 73' lang='lat' dir='ltr'>Patrocinium</span> 
     </span>
     <span class='ocr_line' id='line_1_32' title="bbox 259 3610 1281 3676; baseline 0 -18"><span class='ocrx_word' id='word_1_199' title='bbox 259 3611 310 3658; x_wconf 87' lang='lat' dir='ltr'>in</span> <span class='ocrx_word' id='word_1_200' title='bbox 323 3611 483 3658; x_wconf 71' lang='lat' dir='ltr'>causis</span> <span class='ocrx_word' id='word_1_201' title='bbox 495 3611 695 3674; x_wconf 73' lang='lat' dir='ltr'>agendis</span> <span class='ocrx_word' id='word_1_202' title='bbox 707 3610 771 3660; x_wconf 89' lang='lat' dir='ltr'>ad</span> <span class='ocrx_word' id='word_1_203' title='bbox 783 3610 1090 3676; x_wconf 76' lang='lat' dir='ltr'>splendorem</span> <span class='ocrx_word' id='word_1_204' title='bbox 1103 3610 1281 3658; x_wconf 82' lang='lat' dir='ltr'>civium</span> 
     </span>
     <span class='ocr_line' id='line_1_33' title="bbox 260 3688 1284 3755; baseline -0.001 -17"><span class='ocrx_word' id='word_1_205' title='bbox 260 3688 539 3755; x_wconf 71' lang='lat' dir='ltr'>pertinebat</span> <span class='ocrx_word' id='word_1_206' title='bbox 561 3705 577 3752; x_wconf 68' lang='grc' dir='ltr'>ς</span> <span class='ocrx_word' id='word_1_207' title='bbox 608 3690 741 3738; x_wconf 87' lang='lat' dir='ltr'>unde</span> <span class='ocrx_word' id='word_1_208' title='bbox 778 3701 828 3738; x_wconf 86' lang='lat' dir='ltr'>et</span> <span class='ocrx_word' id='word_1_209' title='bbox 868 3690 1066 3738; x_wconf 78' lang='lat' dir='ltr'>maximi</span> <span class='ocrx_word' id='word_1_210' title='bbox 1101 3689 1284 3753; x_wconf 84' lang='lat' dir='ltr'>quique</span> 
     </span>
     <span class='ocr_line' id='line_1_34' title="bbox 260 3769 1250 3836; baseline -0.002 -17"><span class='ocrx_word' id='word_1_211' title='bbox 260 3786 461 3836; x_wconf 79' lang='lat' dir='ltr'>operam</span> <span class='ocrx_word' id='word_1_212' title='bbox 480 3770 533 3819; x_wconf 89' lang='lat' dir='ltr'>in</span> <span class='ocrx_word' id='word_1_213' title='bbox 554 3771 664 3829; x_wconf 81' lang='lat' dir='ltr'>soro</span> <span class='ocrx_word' id='word_1_214' title='bbox 680 3769 974 3835; x_wconf 70' lang='lat' dir='ltr'>judiciisque</span> <span class='ocrx_word' id='word_1_215' title='bbox 991 3769 1250 3818; x_wconf 82' lang='lat' dir='ltr'>navabant.</span> 
     </span>
    </p>

    <p class='ocr_par' dir='ltr' id='par_1_7' title="bbox 260 3848 1285 4057">
     <span class='ocr_line' id='line_1_35' title="bbox 337 3848 1285 3899; baseline -0.003 0"><span class='ocrx_word' id='word_1_216' title='bbox 337 3865 420 3899; x_wconf 73' lang='grc' dir='ltr'>ω.</span> <span class='ocrx_word' id='word_1_217' title='bbox 466 3849 761 3899; x_wconf 52' lang='lat' dir='ltr'>&amp;tentiam</span> <span class='ocrx_word' id='word_1_218' title='bbox 803 3848 1116 3898; x_wconf 65' lang='lat' dir='ltr'>senator-ihm.</span> <span class='ocrx_word' id='word_1_219' title='bbox 1158 3851 1285 3896; x_wconf 85' lang='lat' dir='ltr'>Pru-</span> 
     </span>
     <span class='ocr_line' id='line_1_36' title="bbox 261 3926 1283 3979; baseline -0.003 -2"><span class='ocrx_word' id='word_1_220' title='bbox 261 3929 478 3978; x_wconf 85' lang='lat' dir='ltr'>dentiam</span> <span class='ocrx_word' id='word_1_221' title='bbox 521 3940 573 3978; x_wconf 87' lang='lat' dir='ltr'>et</span> <span class='ocrx_word' id='word_1_222' title='bbox 615 3930 951 3979; x_wconf 85' lang='lat' dir='ltr'>auctoritatem</span> <span class='ocrx_word' id='word_1_223' title='bbox 983 3929 1038 3977; x_wconf 88' lang='lat' dir='ltr'>in</span> <span class='ocrx_word' id='word_1_224' title='bbox 1076 3926 1283 3977; x_wconf 85' lang='lat' dir='ltr'>dicenda</span> 
     </span>
     <span class='ocr_line' id='line_1_37' title="bbox 260 4008 779 4057; baseline 0 -1"><span class='ocrx_word' id='word_1_225' title='bbox 260 4008 499 4056; x_wconf 75' lang='lat' dir='ltr'>sententia</span> <span class='ocrx_word' id='word_1_226' title='bbox 521 4008 576 4056; x_wconf 90' lang='lat' dir='ltr'>in</span> <span class='ocrx_word' id='word_1_227' title='bbox 592 4020 779 4057; x_wconf 68' lang='lat' dir='ltr'>senatu.</span> 
     </span>
    </p>
   </div>
   <div class='ocr_carea' id='block_1_4' title="bbox 336 4086 1141 4156">
    <p class='ocr_par' dir='ltr' id='par_1_8' title="bbox 336 4086 1141 4156">
     <span class='ocr_line' id='line_1_38' title="bbox 336 4086 1141 4156; baseline -0.004 -20"><span class='ocrx_word' id='word_1_228' title='bbox 336 4088 421 4136; x_wconf 65' lang='grc' dir='ltr'>ιε.</span> <span class='ocrx_word' id='word_1_229' title='bbox 447 4086 530 4136; x_wconf 74' lang='lat' dir='ltr'>Al.</span> <span class='ocrx_word' id='word_1_230' title='bbox 555 4086 895 4156; x_wconf 58' lang='lat' dir='ltr'>infimesimo.</span> <span class='ocrx_word' id='word_1_231' title='bbox 921 4090 974 4138; x_wconf 80' lang='lat' dir='ltr'>s.</span> <span class='ocrx_word' id='word_1_232' title='bbox 996 4088 1059 4134; x_wconf 81' lang='lat' dir='ltr'>v,</span> <span class='ocrx_word' id='word_1_233' title='bbox 1084 4088 1141 4135; x_wconf 81' lang='lat'>1..</span> 
     </span>
    </p>
   </div>
   <div class='ocr_carea' id='block_1_5' title="bbox 1364 2891 2391 3588">
    <p class='ocr_par' dir='ltr' id='par_1_9' title="bbox 1364 2891 2391 3102">
     <span class='ocr_line' id='line_1_39' title="bbox 1364 2891 2384 2957; baseline -0.001 -13"><span class='ocrx_word' id='word_1_234' title='bbox 1364 2905 1424 2944; x_wconf 90' lang='lat' dir='ltr'>ut</span> <span class='ocrx_word' id='word_1_235' title='bbox 1465 2894 1742 2957; x_wconf 81' lang='lat' dir='ltr'>frequenter</span> <span class='ocrx_word' id='word_1_236' title='bbox 1784 2891 2027 2949; x_wconf 83' lang='lat' dir='ltr'>diximus,</span> <span class='ocrx_word' id='word_1_237' title='bbox 2069 2891 2288 2952; x_wconf 76' lang='lat' dir='ltr'>majestas</span> <span class='ocrx_word' id='word_1_238' title='bbox 2333 2894 2384 2943; x_wconf 88' lang='lat' dir='ltr'>in</span> 
     </span>
     <span class='ocr_line' id='line_1_40' title="bbox 1365 2971 2391 3039; baseline -0.006 -18"><span class='ocrx_word' id='word_1_239' title='bbox 1365 2973 1554 3039; x_wconf 78' lang='lat' dir='ltr'>populo</span> <span class='ocrx_word' id='word_1_240' title='bbox 1565 3008 1580 3030; x_wconf 87' lang='lat'>,</span> <span class='ocrx_word' id='word_1_241' title='bbox 1598 2972 1852 3037; x_wconf 82' lang='lat' dir='ltr'>imperium</span> <span class='ocrx_word' id='word_1_242' title='bbox 1872 2972 1926 3019; x_wconf 89' lang='lat' dir='ltr'>in</span> <span class='ocrx_word' id='word_1_243' title='bbox 1944 2971 2391 3039; x_wconf 39' lang='lat' dir='ltr'>consule‚·auctori-</span> 
     </span>
     <span class='ocr_line' id='line_1_41' title="bbox 1366 3053 1724 3102; baseline -0.006 0"><span class='ocrx_word' id='word_1_244' title='bbox 1366 3053 1510 3102; x_wconf 77' lang='lat' dir='ltr'>tasin</span> <span class='ocrx_word' id='word_1_245' title='bbox 1534 3063 1724 3102; x_wconf 77' lang='lat' dir='ltr'>senatu.</span> 
     </span>
    </p>

    <p class='ocr_par' dir='ltr' id='par_1_10' title="bbox 1366 3128 2385 3260">
     <span class='ocr_line' id='line_1_42' title="bbox 1438 3128 2385 3182; baseline 0.003 -3"><span class='ocrx_word' id='word_1_246' title='bbox 1438 3147 1487 3180; x_wconf 79' lang='lat' dir='ltr'>a.</span> <span class='ocrx_word' id='word_1_247' title='bbox 1515 3133 1582 3179; x_wconf 75' lang='lat' dir='ltr'>Ee</span> <span class='ocrx_word' id='word_1_248' title='bbox 1603 3128 1959 3178; x_wconf 78' lang='lat' dir='ltr'>ornatissimus.</span> <span class='ocrx_word' id='word_1_249' title='bbox 1988 3131 2141 3180; x_wconf 80' lang='lat' dir='ltr'>Abest</span> <span class='ocrx_word' id='word_1_250' title='bbox 2163 3143 2210 3181; x_wconf 78' lang='lat' dir='ltr'>ee</span> <span class='ocrx_word' id='word_1_251' title='bbox 2230 3149 2385 3182; x_wconf 78' lang='lat' dir='ltr'>orna·</span> 
     </span>
     <span class='ocr_line' id='line_1_43' title="bbox 1366 3210 1828 3260; baseline -0.006 0"><span class='ocrx_word' id='word_1_252' title='bbox 1366 3210 1592 3260; x_wconf 75' lang='lat' dir='ltr'>tissimus.</span> <span class='ocrx_word' id='word_1_253' title='bbox 1613 3212 1664 3260; x_wconf 81' lang='lat' dir='ltr'>J.</span> <span class='ocrx_word' id='word_1_254' title='bbox 1687 3212 1751 3257; x_wconf 78' lang='lat' dir='ltr'>V.</span> <span class='ocrx_word' id='word_1_255' title='bbox 1773 3212 1828 3258; x_wconf 83' lang='lat' dir='ltr'>L.</span> 
     </span>
    </p>

    <p class='ocr_par' dir='ltr' id='par_1_11' title="bbox 1367 3286 2391 3588">
     <span class='ocr_line' id='line_1_44' title="bbox 1441 3286 2388 3356; baseline 0.002 -17"><span class='ocrx_word' id='word_1_256' title='bbox 1441 3292 1490 3341; x_wconf 80' lang='lat'>3.</span> <span class='ocrx_word' id='word_1_257' title='bbox 1516 3289 1657 3338; x_wconf 79' lang='lat' dir='ltr'>Plebs</span> <span class='ocrx_word' id='word_1_258' title='bbox 1690 3302 1914 3336; x_wconf 79' lang='lat' dir='ltr'>romana.</span> <span class='ocrx_word' id='word_1_259' title='bbox 1952 3286 2124 3337; x_wconf 79' lang='lat' dir='ltr'>Infima</span> <span class='ocrx_word' id='word_1_260' title='bbox 2159 3291 2298 3356; x_wconf 73' lang='lat' dir='ltr'>pleb·</span> <span class='ocrx_word' id='word_1_261' title='bbox 2337 3305 2388 3344; x_wconf 83' lang='lat' dir='ltr'>te</span> 
     </span>
     <span class='ocr_line' id='line_1_45' title="bbox 1367 3368 2388 3434; baseline 0.003 -15"><span class='ocrx_word' id='word_1_262' title='bbox 1367 3371 1475 3420; x_wconf 88' lang='lat' dir='ltr'>odit</span> <span class='ocrx_word' id='word_1_263' title='bbox 1493 3407 1510 3431; x_wconf 92' lang='lat'>,</span> <span class='ocrx_word' id='word_1_264' title='bbox 1551 3368 1690 3434; x_wconf 83' lang='lat' dir='ltr'>quod</span> <span class='ocrx_word' id='word_1_265' title='bbox 1731 3368 1884 3432; x_wconf 72' lang='lat' dir='ltr'>ipsius</span> <span class='ocrx_word' id='word_1_266' title='bbox 1921 3369 2122 3418; x_wconf 84' lang='lat' dir='ltr'>nomine</span> <span class='ocrx_word' id='word_1_267' title='bbox 2164 3372 2388 3422; x_wconf 69' lang='lat' dir='ltr'>exsilium</span> 
     </span>
     <span class='ocr_line' id='line_1_46' title="bbox 1368 3445 2391 3516; baseline 0.002 -19"><span class='ocrx_word' id='word_1_268' title='bbox 1368 3449 1486 3498; x_wconf 87' lang='lat' dir='ltr'>mihi</span> <span class='ocrx_word' id='word_1_269' title='bbox 1508 3447 1764 3512; x_wconf 81' lang='lat' dir='ltr'>irrogaris,</span> <span class='ocrx_word' id='word_1_270' title='bbox 1791 3445 1929 3511; x_wconf 83' lang='lat' dir='ltr'>quod</span> <span class='ocrx_word' id='word_1_271' title='bbox 1950 3445 2014 3494; x_wconf 87' lang='lat' dir='ltr'>ad</span> <span class='ocrx_word' id='word_1_272' title='bbox 2038 3463 2259 3513; x_wconf 77' lang='lat' dir='ltr'>magnam</span> <span class='ocrx_word' id='word_1_273' title='bbox 2281 3451 2391 3516; x_wconf 83' lang='lat' dir='ltr'>ple-</span> 
     </span>
     <span class='ocr_line' id='line_1_47' title="bbox 1369 3525 2388 3588; baseline 0 -10"><span class='ocrx_word' id='word_1_274' title='bbox 1369 3530 1445 3578; x_wconf 77' lang='lat' dir='ltr'>bis</span> <span class='ocrx_word' id='word_1_275' title='bbox 1486 3526 1776 3577; x_wconf 78' lang='lat' dir='ltr'>redundavit</span> <span class='ocrx_word' id='word_1_276' title='bbox 1814 3525 2057 3573; x_wconf 84' lang='lat' dir='ltr'>infamiam</span> <span class='ocrx_word' id='word_1_277' title='bbox 2073 3562 2089 3588; x_wconf 91' lang='lat'>,</span> <span class='ocrx_word' id='word_1_278' title='bbox 2133 3527 2248 3577; x_wconf 86' lang='lat' dir='ltr'>licet</span> <span class='ocrx_word' id='word_1_279' title='bbox 2285 3545 2388 3578; x_wconf 88' lang='lat' dir='ltr'>non</span> 
     </span>
    </p>
   </div>
   <div class='ocr_carea' id='block_1_6' title="bbox 1371 3604 2481 3675">
    <p class='ocr_par' dir='ltr' id='par_1_12' title="bbox 1371 3604 2481 3675">
     <span class='ocr_line' id='line_1_48' title="bbox 1371 3604 2481 3675; baseline -0.001 -17"><span class='ocrx_word' id='word_1_280' title='bbox 1371 3608 1511 3675; x_wconf 76' lang='lat' dir='ltr'>plebs</span> <span class='ocrx_word' id='word_1_281' title='bbox 1551 3622 1750 3656; x_wconf 86' lang='lat' dir='ltr'>romana</span> <span class='ocrx_word' id='word_1_282' title='bbox 1765 3642 1781 3668; x_wconf 87' lang='lat'>‚</span> <span class='ocrx_word' id='word_1_283' title='bbox 1820 3604 1909 3653; x_wconf 78' lang='lat' dir='ltr'>sed</span> <span class='ocrx_word' id='word_1_284' title='bbox 1946 3606 2072 3654; x_wconf 82' lang='lat' dir='ltr'>aervi</span> <span class='ocrx_word' id='word_1_285' title='bbox 2104 3608 2305 3671; x_wconf 88' lang='lat' dir='ltr'>quidam</span> <span class='ocrx_word' id='word_1_286' title='bbox 2339 3620 2391 3657; x_wconf 90' lang='lat' dir='ltr'>et</span> <span class='ocrx_word' id='word_1_287' title='bbox 2471 3604 2481 3618; x_wconf 61' lang='lat'>‘</span> 
     </span>
    </p>
   </div>
   <div class='ocr_carea' id='block_1_7' title="bbox 1368 3686 2393 4147">
    <p class='ocr_par' dir='ltr' id='par_1_13' title="bbox 1368 3686 2391 3831">
     <span class='ocr_line' id='line_1_49' title="bbox 1368 3686 2391 3754; baseline -0.001 -16"><span class='ocrx_word' id='word_1_288' title='bbox 1368 3690 1579 3739; x_wconf 74' lang='lat' dir='ltr'>latrones</span> <span class='ocrx_word' id='word_1_289' title='bbox 1596 3689 1750 3754; x_wconf 76' lang='lat' dir='ltr'>legem</span> <span class='ocrx_word' id='word_1_290' title='bbox 1770 3686 1993 3736; x_wconf 86' lang='lat' dir='ltr'>Clodiam</span> <span class='ocrx_word' id='word_1_291' title='bbox 2012 3686 2074 3735; x_wconf 86' lang='lat' dir='ltr'>de</span> <span class='ocrx_word' id='word_1_292' title='bbox 2091 3704 2201 3737; x_wconf 89' lang='lat' dir='ltr'>meo</span> <span class='ocrx_word' id='word_1_293' title='bbox 2217 3688 2391 3737; x_wconf 71' lang='lat' dir='ltr'>milio</span> 
     </span>
     <span class='ocr_line' id='line_1_50' title="bbox 1369 3765 2139 3831; baseline -0.004 -13"><span class='ocrx_word' id='word_1_294' title='bbox 1369 3769 1470 3818; x_wconf 80' lang='lat' dir='ltr'>suis</span> <span class='ocrx_word' id='word_1_295' title='bbox 1487 3768 1730 3831; x_wconf 72' lang='lat' dir='ltr'>suffragiis</span> <span class='ocrx_word' id='word_1_296' title='bbox 1750 3765 2139 3830; x_wconf 84' lang='lat' dir='ltr'>comprobarint.</span> 
     </span>
    </p>

    <p class='ocr_par' dir='ltr' id='par_1_14' title="bbox 1371 3842 2393 4147">
     <span class='ocr_line' id='line_1_51' title="bbox 1442 3842 2391 3906; baseline -0.003 -12"><span class='ocrx_word' id='word_1_297' title='bbox 1442 3855 1491 3903; x_wconf 69' lang='grc'>4.</span> <span class='ocrx_word' id='word_1_298' title='bbox 1518 3845 1673 3893; x_wconf 73' lang='lat' dir='ltr'>Italia</span> <span class='ocrx_word' id='word_1_299' title='bbox 1693 3854 1889 3891; x_wconf 73' lang='lat' dir='ltr'>cuncta.</span> <span class='ocrx_word' id='word_1_300' title='bbox 1914 3845 1993 3892; x_wconf 81' lang='lat' dir='ltr'>Ex</span> <span class='ocrx_word' id='word_1_301' title='bbox 2011 3845 2148 3892; x_wconf 85' lang='lat' dir='ltr'>omni</span> <span class='ocrx_word' id='word_1_302' title='bbox 2171 3842 2339 3906; x_wconf 65' lang='lat' dir='ltr'>Italiag</span> <span class='ocrx_word' id='word_1_303' title='bbox 2363 3861 2391 3892; x_wconf 93' lang='lat' dir='ltr'>e</span> 
     </span>
     <span class='ocr_line' id='line_1_52' title="bbox 1371 3921 2393 3988; baseline -0.001 -15"><span class='ocrx_word' id='word_1_304' title='bbox 1371 3924 1652 3988; x_wconf 81' lang='lat' dir='ltr'>municipiis</span> <span class='ocrx_word' id='word_1_305' title='bbox 1668 3933 1718 3972; x_wconf 90' lang='lat' dir='ltr'>et</span> <span class='ocrx_word' id='word_1_306' title='bbox 1735 3921 1943 3971; x_wconf 80' lang='lat' dir='ltr'>coloniis</span> <span class='ocrx_word' id='word_1_307' title='bbox 1961 3923 2095 3971; x_wconf 75' lang='lat' dir='ltr'>misai</span> <span class='ocrx_word' id='word_1_308' title='bbox 2110 3923 2303 3972; x_wconf 78' lang='lat' dir='ltr'>fuerant</span> <span class='ocrx_word' id='word_1_309' title='bbox 2319 3923 2393 3972; x_wconf 89' lang='lat' dir='ltr'>le·</span> 
     </span>
     <span class='ocr_line' id='line_1_53' title="bbox 1371 4001 2392 4070; baseline -0.004 -17"><span class='ocrx_word' id='word_1_310' title='bbox 1371 4003 1472 4070; x_wconf 72' lang='lat' dir='ltr'>gati</span> <span class='ocrx_word' id='word_1_311' title='bbox 1495 4003 1559 4052; x_wconf 87' lang='lat' dir='ltr'>ad</span> <span class='ocrx_word' id='word_1_312' title='bbox 1579 4002 1804 4052; x_wconf 72' lang='lat' dir='ltr'>exsilium</span> <span class='ocrx_word' id='word_1_313' title='bbox 1820 4001 1985 4050; x_wconf 81' lang='lat' dir='ltr'>Tullio</span> <span class='ocrx_word' id='word_1_314' title='bbox 2006 4001 2392 4067; x_wconf 68' lang='lat' dir='ltr'>deprecandumg</span> 
     </span>
     <span class='ocr_line' id='line_1_54' title="bbox 1373 4079 2393 4147; baseline -0.005 -15"><span class='ocrx_word' id='word_1_315' title='bbox 1373 4083 1459 4133; x_wconf 73' lang='lat' dir='ltr'>ned</span> <span class='ocrx_word' id='word_1_316' title='bbox 1482 4083 1660 4131; x_wconf 86' lang='lat' dir='ltr'>borum</span> <span class='ocrx_word' id='word_1_317' title='bbox 1680 4097 1847 4147; x_wconf 77' lang='lat' dir='ltr'>preces</span> <span class='ocrx_word' id='word_1_318' title='bbox 1868 4097 1894 4129; x_wconf 84' lang='lat' dir='ltr'>a</span> <span class='ocrx_word' id='word_1_319' title='bbox 1920 4081 2095 4129; x_wconf 70' lang='lat' dir='ltr'>Pisone</span> <span class='ocrx_word' id='word_1_320' title='bbox 2115 4090 2164 4128; x_wconf 86' lang='lat' dir='ltr'>et</span> <span class='ocrx_word' id='word_1_321' title='bbox 2181 4079 2393 4128; x_wconf 86' lang='lat' dir='ltr'>Gabinio</span> 
     </span>
    </p>
   </div>
   <div class='ocr_carea' id='block_1_8' title="bbox 245 4159 1875 4242">
    <p class='ocr_par' dir='ltr' id='par_1_15' title="bbox 245 4159 1875 4242">
     <span class='ocr_line' id='line_1_55' title="bbox 245 4159 1875 4242; baseline -0.004 -27"><span class='ocrx_word' id='word_1_322' title='bbox 245 4222 249 4226; x_wconf 27' lang='lat'><strong><em>¹</em></strong></span> <span class='ocrx_word' id='word_1_323' title='bbox 333 4167 621 4242; x_wconf 56' lang='lat' dir='ltr'>XXVIIa.</span> <span class='ocrx_word' id='word_1_324' title='bbox 642 4164 1287 4224; x_wconf 56' lang='lat' dir='ltr'>Auctoritatisfflenbznm,</span> <span class='ocrx_word' id='word_1_325' title='bbox 1376 4159 1875 4228; x_wconf 69' lang='lat' dir='ltr'>npudiaoernoeunt.</span> 
     </span>
    </p>
   </div>
  </div>
 </body>
</html>
