2994 4778
547 463 1186 533 omino-PRO
1232 467 1310 534 T.
1361 468 1439 533 A.
1492 466 1934 536 MlLoNss.
2165 466 2297 564 527

184 609 347 679 quae
378 585 708 680 quemvis
736 587 952 655 etiam
978 586 1451 657 mediocrium
1479 585 1907 658 delictorum
1937 591 2302 662 conscien-

185 695 328 764 tia²
374 694 879 791 peremissent,
918 709 998 766 ut
1039 694 1407 783 sustinuit,
1444 694 1544 765 dii
1580 693 2051 771 immortales!
2090 702 2302 769 susti-

184 804 393 874 nuit?
421 804 641 875 immo
664 828 837 874 vero
861 818 942 874 ut
963 806 1419 902 contempsit,
1452 826 1535 875 ac
1572 826 1711 902 pro
1730 803 1958 875 nihilo
1989 804 2305 903 putavit!

186 937 351 1036 quai
393 938 632 1009 neque
666 914 974 984 maximo
1007 915 1256 985 animo
1286 934 1596 1001 nocens,
1641 932 1886 1013 neque
1915 916 2303 1001 innocens,

186 1023 329 1092 nisi
379 1019 806 1094 fortissimus
861 1026 1002 1113 vir,
1053 1023 1410 1121 negligere
1454 1024 1826 1123 potuisset.
1880 1028 2263 1096 scutorum
2288 1079 2307 1111 ,

185 1130 620 1230 gladiorum,
653 1130 1025 1204 frenorum
1045 1130 1074 1177 ³
1078 1157 1507 1231 ‚sparorum
1526 1132 1580 1222 ⁴,
1610 1134 2076 1232 pilorumque
2092 1137 2309 1207 etiam

187 1241 579 1313 multitudo
618 1240 1066 1341 deprehendi
1107 1266 1317 1342 posse
1365 1243 1839 1333 indicabatur.
1890 1245 2186 1317 Nullum
2226 1247 2305 1315 in

189 1351 367 1423 urbe
417 1354 693 1440 vicum,
734 1352 1016 1424 nullum
1066 1344 1571 1451 angiportum⁵
1622 1377 1772 1426 esse
1811 1353 2182 1444 dicebant,
2225 1356 2307 1425 in

190 1487 341 1558 quo
387 1461 642 1533 Miloni
678 1487 829 1535 non
874 1479 1061 1535 esset
1096 1463 1450 1539 conducta
1494 1462 1793 1553 domus;
1830 1488 2026 1536 arma
2060 1467 2136 1536 in
2171 1467 2304 1535 vil-

192 1571 332 1641 lam
356 1573 852 1647 Ocriculanam
870 1572 904 1619 ⁶
934 1573 1230 1645 devecta
1255 1573 1532 1663 Tiberi3
1570 1573 1830 1646 domus
1857 1577 1929 1645 in
1963 1575 2148 1647 clivo
2177 1574 2303 1646 Ca·

191 1681 497 1777 pitolino
521 1684 738 1753 scutis
761 1680 1020 1757 referta
1039 1696 1064 1739 ⁷
1086 1711 1105 1773 ;
1130 1684 1341 1781 plena
1365 1687 1608 1755 omnia
1636 1683 2133 1757 malleolorum
2148 1682 2177 1729 ⁸
2215 1683 2309 1762 ad

191 1788 386 1863 urbis
414 1791 740 1863 incendia
774 1807 1375 1892 comparatorum.
1413 1799 1576 1865 Haec
1603 1818 1752 1864 non
1782 1794 2013 1866 delata
2043 1796 2303 1876 solum,

190 1898 314 1970 sed
350 1925 557 1999 paene
612 1902 907 1989 credita,
975 1929 1106 1976 nec
1161 1920 1328 1976 ante
1385 1903 1762 2049 repudiata
1823 1921 2303 2002 sunt,qua1n

189 2014 548 2107 quaesitav.

279 2120 694 2192 Laudabam
748 2122 1085 2220 equidem
1130 2122 1619 2195 incredibilem
1664 2122 2101 2224 diligentiam
2162 2127 2297 2193 Cn.

189 2233 510 2329 Pompeii
546 2258 560 2299 :
601 2231 723 2301 sed
762 2232 1029 2321 dicam,
1070 2248 1149 2305 ut
1179 2235 1411 2305 sentio
1433 2289 1453 2321 ‚
1481 2233 1775 2329 judices.
1816 2233 2043 2305 Nimis
2077 2233 2298 2303 multa

188 2340 434 2414 audire
462 2346 820 2440 coguntur
839 2353 924 2432 ¹⁰,
955 2367 1191 2441 neque
1220 2343 1423 2414 aliter
1450 2341 1682 2414 facere
1708 2350 2007 2441 possunt
2035 2342 2114 2429 ii,
2144 2344 2301 2439 qui-

186 2449 321 2524 bus
379 2465 529 2524 tota
573 2455 948 2525 commissa
986 2467 1092 2526 est
1131 2452 1553 2552 respublica.
1591 2455 1785 2546 Quin
1838 2454 2049 2524 etiam
2088 2451 2303 2522 fuerit

187 2560 587 2633 audiendus
644 2574 910 2661 popa¹¹
969 2565 1320 2650 Licinius,
1375 2564 1620 2634 nescio
1671 2563 1830 2658 qui,
1882 2560 1971 2631 de
2005 2565 2299 2631 circum

187 2673 546 2742 maximo:
593 2696 833 2744 servos
867 2673 1192 2760 Milonis,
1241 2672 1434 2770 apud
1470 2696 1546 2743 se
1593 2670 1829 2743 ebrios
1871 2668 2128 2753 factos,
2165 2665 2303 2737 sibi

185 2846 480 2894 delictorum
521 2845 614 2893 aibi
657 2847 882 2893 consciua
925 2847 1052 2894 foret
1071 2881 1087 2905 ,
1135 2862 1195 2896 ex

187 2925 306 2972 urbe
328 2934 489 2982 certe,
518 2934 595 2972 tot
624 2923 765 2972 variis
790 2924 1065 2973 rumoribus
1086 2940 1195 2972 exa-

185 3003 387 3068 gitatus,
400 3018 451 3050 ae
465 3004 781 3068 proripuisset
794 3038 810 3062 ,
829 3004 972 3052 aienti
988 3003 1196 3052 Catilina

184 3082 238 3129 in
271 3082 438 3145 fugam
467 3098 571 3131 aeae
606 3083 910 3143 conjecerat,
945 3083 1194 3131 Ciceronis

185 3160 412 3211 untione
434 3161 740 3212 conterritus.

255 3255 312 3290 a·
340 3239 661 3289 Conscientia.
684 3238 761 3288 Al.
779 3239 1034 3288 wmcimn.

259 3319 308 3366 ³.
339 3319 622 3367 Funerum.
663 3321 738 3366 De
764 3318 909 3365 fteuia
946 3318 1041 3366 illia
1075 3317 1198 3365 nihil

189 3406 415 3455 constan
438 3396 539 3443 sive
564 3397 677 3461 equi
695 3397 962 3455 frenentur,
983 3396 1086 3444 aive
1101 3396 1199 3444 sint

187 3474 502 3524 immenta
525 3475 745 3539 quadam
766 3475 828 3522 ad
853 3475 1093 3524 aiateudos
1109 3476 1199 3523 ho·

187 3553 333 3602 atium
353 3555 562 3619 impetua
584 3566 855 3619 comparata
870 3589 886 3613 ,
909 3569 1012 3603 nou
1029 3555 1198 3619 liquet.

187 3632 403 3695 Quidam
427 3633 681 3697 legendum
708 3632 968 3682 censebant
970 3631 1201 3697 fiumen·

190 3725 329 3767 runa,-
373 3711 458 3759 aed
493 3728 592 3760 vox
630 3711 738 3773 illa,
765 3723 824 3760 ut
847 3711 1051 3775 opinor,
1087 3724 1202 3777 poat

186 3790 438 3839 Ciceronis
481 3802 664 3840 atatem
708 3802 895 3841 tantum
946 3790 997 3839 iu
1042 3792 1201 3839 lucem

189 3869 426 3933 producta
451 3881 540 3920 eat.

260 3954 310 4002 4.
337 3950 618 4012 Spamrum.
647 3948 875 3998 Telorum
907 3949 1087 3998 levium
1115 3963 1200 4013 ge·

190 4044 300 4077 nm.

1355 2846 1409 2894 6.
1426 2843 1917 2893 OcriculanamVilla
1928 2845 2130 2893 Milonis
2144 2859 2301 2909 prope

1283 2923 1451 2971 urbem
1468 2922 1682 2970 Umbria!
1702 2922 1792 2970 sita
1807 2956 1823 2983 ,
1849 2939 2015 2971 verane
2034 2924 2270 2971 Etruriam
2284 2955 2299 2976 ,

1281 3018 1337 3050 ac
1363 3017 1523 3066 prope
1543 3001 1773 3050 Tiberim.

1356 3097 1401 3138 7.
1426 3081 1540 3128 Sine
1564 3080 1718 3129 dubio
1744 3082 1941 3145 acripait
1969 3082 2144 3130 Cicero
2170 3101 2195 3123 κ
2211 3081 2301 3127 du·

1283 3175 1438 3207 mum.
1453 3193 1465 3208 .
1481 3159 1725 3206 .refertam
1738 3180 1780 3207 ο.
1798 3161 1986 3207 Ernest-
2006 3160 2132 3206 LV.
2154 3162 2210 3207 L.

1357 3241 1385 3287 8
1396 3274 1408 3285 .
1436 3239 1798 3288 Malloolorum.
1824 3237 2042 3286 Mnueoli
2056 3273 2071 3297 ,
2088 3237 2303 3285 fasciculi

1283 3328 1397 3366 aunt
1441 3319 1549 3382 pice
1594 3318 1838 3377 contecti,
1879 3317 1968 3381 qui
2014 3317 2205 3364 incensi
2238 3317 2302 3365 ad

1284 3396 1575 3462 apargendaa
1600 3396 1814 3444 flammas
1831 3396 2093 3457 jaciuntm.

1356 3492 1405 3539 9.
1439 3477 1597 3538 Quam
1625 3475 1852 3540 quaesita.
1879 3475 1998 3522 Hac
2029 3489 2158 3521 arma
2188 3475 2303 3524 clu-

1286 3556 1419 3604 diaui
1444 3557 1651 3604 maxima
1678 3570 1793 3602 eura
1821 3552 2104 3617 qua-itere.

1364 3650 1440 3685 to.
1487 3634 1678 3683 Audire
1727 3644 1978 3698 coguntur.
2033 3633 2159 3681 Mira
2204 3644 2306 3680 arte

1287 3714 1573 3778 Pompeium
1601 3713 1844 3778 vituperat
1857 3744 1874 3770 ,
1900 3710 2036 3774 quod
2064 3710 2306 3759 faciliorea

1288 3792 1587 3839 delatoribus
1604 3806 1742 3837 aurea
1758 3789 2044 3854 prebuerit:
2058 3804 2161 3837 uon
2173 3789 2304 3836 enim

1288 3870 1478 3933 culpam
1508 3871 1561 3917 in
1585 3883 1694 3915 enm
1710 3867 1839 3922 ,aad
1876 3869 1928 3914 in
1959 3882 2135 3915 munna
2167 3869 2305 3930 quod

1289 3947 1509 4012 gerebat,
1537 3945 1756 4006 conjicit.

1366 4041 1387 4074 1
1403 4042 1450 4073 1.
1493 4027 1651 4086 Papa.
1700 4025 1964 4081 Sacerdos,
2004 4024 2089 4072 aed
2126 4025 2306 4072 ius-an

260 4108 311 4157 5.
329 4109 530 4158 Nullum
546 4108 870 4174 angiportum.
888 4109 1205 4170 Δυμαῖοι-ει
1293 4105 1468 4171 plebia,
1481 4103 1569 4168 qui
1582 4103 1720 4150 ciboa
1730 4115 1997 4167 potumque
2011 4105 2306 4154 venditabat.

191 4197 300 4233 unm
324 4187 431 4235 τίω.

1371 4202 1449 4232 12.
1479 4183 1635 4233 cim.
1661 4185 1818 4232 Locus
1845 4182 2181 4246 perditiaaimis
2204 4183 2313 4246 qui·
2396 4181 2404 4188 “
