2994 4778
602 390 740 478 462
1241 390 1356 456 M:
1389 387 1465 454 Τ.
1518 385 2098 455 olcssnoms

603 517 705 586 tio
741 510 879 582 sibi
920 507 1150 580 addici
1179 505 1400 577 velit?
1442 503 1624 591 Sed,
1670 506 2011 575 miserum
2054 501 2204 574 me!
2251 516 2527 599 quanto
2580 503 2744 575 haec

594 624 744 696 dixi
768 645 937 693 cum
962 618 1257 689 dolore?
1283 623 1487 701 Hem,
1521 620 1889 704 Postume,
1927 629 2102 685 tune
2132 639 2207 685 es
2233 615 2441 712 Curii
2459 613 2490 669 4
2517 613 2749 696 filius,

595 739 674 806 C.
712 730 1018 815 Rabirii,
1047 728 1320 823 judicio
1351 740 1422 798 et
1462 725 1876 810 voluntate,
1915 723 2145 811 filius,
2181 740 2482 811 natura,
2522 749 2745 796 soro-

607 847 704 915 ris
754 836 1115 941 [filius⁵]?
1149 852 1328 908 tune
1368 837 1484 907 ille
1523 837 1599 905 in
1635 860 1890 906 omnes
1927 849 2091 905 tuos
2128 834 2486 907 liberalis?
2526 837 2746 930 cujus

599 954 869 1026 multos
931 949 1215 1021 bonitas
1284 945 1803 1043 locupletavit?
1864 947 1989 1040 qui
2055 944 2234 1014 nihil
2301 942 2747 1041 profudisti?

601 1064 779 1136 nihil
820 1061 1038 1132 ullam
1093 1062 1170 1129 in
1225 1055 1603 1128 libidinem
1661 1055 2077 1125 contulisti?
2128 1069 2301 1141 tua,
2353 1058 2746 1139 Postume,

601 1197 903 1246 nummo
958 1169 1286 1241 sestertio
1337 1192 1376 1236 a
1422 1191 1541 1236 me
1597 1165 2074 1236 addicuntur?
2130 1169 2195 1235 Ο
2243 1189 2485 1235 meum
2524 1166 2746 1236 mise-

524 1287 527 1290 ’
603 1310 767 1357 rum
820 1279 1310 1374 acerbumque
1366 1275 1855 1373 praeconium!
1931 1279 2020 1345 At
2072 1275 2214 1346 hoc
2275 1279 2487 1345 etiam
2527 1289 2747 1371 optat

607 1397 847 1480 miser,
900 1404 984 1461 ut
1026 1382 1603 1459 condemnetur⁶
1638 1409 1679 1454 a
1727 1383 1968 1471 vobis;
2001 1389 2099 1454 ita
2140 1384 2338 1454 bona
2386 1398 2690 1454 veneant
2721 1437 2744 1465 ‚

607 1520 689 1578 ut
738 1501 1048 1575 solidum
1097 1522 1310 1568 suum
1369 1498 1682 1591 cuique7
1731 1495 2070 1566 solvatur.
2114 1495 2308 1571 Nihil
2354 1493 2745 1588 jamaliud

609 1617 747 1686 nisi
775 1610 992 1683 fidem
1022 1622 1223 1679 curat
1257 1636 1271 1676 :
1301 1630 1438 1678 nec
1475 1630 1601 1675 vos
1641 1604 1845 1691 huie,
1873 1608 1930 1675 si
1956 1606 2105 1699 Jam
2134 1602 2454 1673 oblivisci
2485 1617 2747 1672 vestra?

610 1716 1180 1794 mansuetudinis
1210 1716 1613 1801 volueritiS,
1644 1714 2042 1810 quidquam
2073 1729 2410 1811 praeterea
2439 1714 2749 1810 potestis

608 1834 909 1927 eripere.
947 1824 1200 1914 Quod,
1232 1825 1575 1918 judices,
1601 1848 1694 1896 ne
1740 1821 2057 1920 faciatiS,
2086 1848 2218 1893 oro
2263 1822 2750 1918 obtestorque

609 1967 773 2027 vos»,
821 1954 1039 2036 atque
1080 1962 1168 2008 eo
1214 1935 1480 2031 magiS,
1508 1934 1590 2004 ‘si
1632 1932 2024 2005 adventitia
2063 1930 2414 2031 pecunia⁸
2464 1934 2752 2028 petitur

613 2052 706 2124 ab
745 2076 867 2138 e0,
912 2052 1029 2120 cui
1070 2073 1198 2117 sua
1235 2071 1384 2115 non
1427 2042 1777 2113 redditur.
1830 2046 2014 2112 Nam
2067 2046 2142 2112 in
2188 2068 2393 2129 eum,
2436 2045 2549 2111 cui
2602 2042 2750 2109 mi-

614 2231 812 2281 dieendi
833 2246 929 2293 qua
963 2238 1147 2275 veteres
1175 2223 1438 2272 utebantur
1470 2224 1523 2269 in
1550 2238 1635 2269 au-

613 2312 777 2359 ctione
793 2343 809 2367 ‚
837 2309 914 2356 vel
933 2307 1167 2354 vilissimo
1191 2303 1350 2367 pretio
1370 2317 1469 2348 rem
1495 2299 1636 2348 addi-

615 2402 743 2440 ctam
758 2384 1110 2452 significabant.
1121 2385 1202 2432 Sic
1218 2384 1279 2431 de
1295 2384 1328 2431 J
1331 2380 1433 2431 ulio
1449 2383 1636 2430 Caesare

613 2473 812 2520 Sueton.
835 2467 886 2513 in
914 2467 1017 2525 ejus
1031 2465 1155 2518 vita,
1184 2462 1347 2511 c.”5o:
1374 2484 1398 2502 α
1420 2462 1635 2524 Amplis-

613 2552 732 2598 sima
762 2545 944 2614 proedia
971 2561 1035 2592 ex
1069 2542 1379 2590 auctionibus
1411 2542 1565 2589 hastae
1589 2542 1635 2589 ei

612 2646 813 2679 nummo
851 2626 1043 2675 addixit
1064 2647 1109 2671 n.
1146 2623 1225 2669 Sic
1252 2624 1632 2669 Hottomannus.

613 2712 745 2759 Vide
780 2710 835 2757 in
869 2716 986 2754 nota
1020 2702 1259 2766 superiori
1288 2699 1497 2746 Weiskii
1526 2717 1633 2748 sen.

616 2791 813 2838 tentiam
831 2819 846 2846 ,
875 2800 984 2849 quae
1010 2782 1163 2829 multo
1189 2789 1400 2843 praestat.

687 2875 736 2923 4.
762 2864 897 2916 Curii
906 2861 1066 2930 filius.
1094 2858 1350 2909 Turnebus
1375 2867 1424 2904 et
1464 2859 1631 2907 Lamb.

613 2946 780 2997 curtii.
826 2944 1047 2992 Muretus
1097 2948 1257 2986 autem
1299 2938 1407 2995 hic,
1452 2949 1502 2986 et
1540 2954 1634 3002 pro

611 3026 816 3073 Rabirio
859 3019 1210 3086 perduellionis
1259 3033 1345 3065 reo
1363 3051 1377 3075 ,
1435 3017 1634 3069 Curium

610 3103 872 3169 legendnm
898 3117 998 3149 ease
1020 3097 1289 3146 contendit.
1318 3095 1445 3144 Vide
1464 3097 1527 3144 de
1544 3098 1634 3145 hac

611 3195 665 3230 re
684 3182 1058 3248 disputationem
1077 3179 1129 3225 in
1146 3178 1272 3227 Rab.
1284 3176 1424 3241 perd.

687 3263 734 3310 5.
781 3263 1021 3310 Ultimum
1060 3259 1158 3305 hoc
1187 3257 1331 3324 filius
1374 3256 1635 3304 delendum

614 3357 746 3401 esse,
766 3329 973 3405 quisque
1000 3339 1140 3387 facile
1166 3338 1453 3384 consentiat.

681 3422 732 3468 6.
758 3422 820 3467 Ue
841 3420 1207 3467 condemnetur.
1228 3413 1495 3462 Mendosus
1515 3418 1637 3462 Hot-

614 3509 848 3546 tomanno
895 3497 1101 3552 videtur,
1152 3510 1209 3540 ac
1258 3493 1505 3539 mutilatus
1552 3493 1635 3542 hic

612 3578 767 3626 locus.
799 3577 903 3623 Nec
934 3586 1222 3636 quemquam
1250 3570 1430 3616 adduci
1457 3586 1602 3633 posse
1619 3605 1633 3630 ,

611 3668 668 3706 ut
708 3655 872 3704 credat
913 3652 1074 3698 dicem
1118 3658 1358 3696 oratorem
1396 3649 1450 3695 C.
1480 3648 1633 3696 Rubi-

610 3738 735 3784 rium
771 3744 941 3799 optare
968 3741 1021 3778 ut
1052 3728 1302 3793 peculatus
1337 3727 1626 3788 damnetur3

608 3832 636 3862 a
673 3829 774 3878 quo
814 3828 924 3861 eum
969 3825 1114 3873 quam
1145 3807 1485 3855 alienissimum
1526 3825 1629 3856 esse

604 3893 856 3956 hucusque
899 3889 1075 3938 docere
1105 3898 1307 3935 conatus
1340 3897 1431 3935 est.
1458 3890 1629 3952 Itaque

608 3971 867 4019 arbitratur
890 3967 1148 4032 legendum
1173 3982 1186 4015 τ
1224 3989 1248 4007 κ
1268 3969 1334 4014 At
1351 3967 1447 4014 boc
1468 3978 1627 4015 tamen

608 4062 749 4114 optat
795 4049 973 4104 miser,
1022 4056 1078 4093 ut
1117 4047 1157 4092 si
1206 4044 1558 4093 condemnetur
1599 4063 1626 4094 a

609 4130 750 4179 vobis
770 4166 785 4193 ,
811 4129 904 4184 ita,
945 4136 1040 4175 etc.
1062 4146 1083 4167 κ
1118 4125 1315 4188 Optime
1340 4124 1484 4172 nobis
1513 4141 1625 4172 ora-

1722 2222 1843 2270 toris
1870 2237 2037 2268 sensus
2062 2223 2268 2286 tempori
2300 2226 2480 2271 servire
2502 2236 2558 2267 ac
2582 2236 2755 2269 σιω

1722 2308 1936 2356 videtur.
1975 2309 2233 2357 Postumus
2265 2311 2485 2372 arguitur
2515 2311 2755 2374 pecunias

1723 2387 1994 2442 occultare,
2019 2386 2344 2437 dissimulatus
2366 2392 2522 2438 homo
2536 2407 2594 2438 ac
2611 2389 2756 2437 mala

1723 2466 1837 2515 fidei
1861 2467 2094 2525 habetur;
2126 2468 2246 2531 quid
2270 2453 2386 2532 erg'o
2414 2480 2580 2534 optat:
2606 2480 2755 2534 optat

1719 2556 1776 2594 ut
1802 2561 1855 2593 se
1887 2547 2049 2611 ipsum
2077 2546 2265 2606 judices
2295 2548 2628 2596 condemnent
2647 2586 2663 2609 ,
2697 2560 2757 2598 ut

1721 2628 1824 2688 ejus
1862 2627 1993 2675 bona
2028 2626 2175 2674 vendi
2211 2627 2440 2690 jubeant,
2475 2629 2756 2678 dnmmodo

1721 2706 2046 2754 creditoribus
2077 2709 2308 2756 solvatur.
2338 2709 2460 2756 Inde
2492 2709 2626 2756 enim
2660 2727 2758 2773 ap-

1720 2784 1909 2848 parebit
1928 2798 2091 2833 utrum
2111 2784 2248 2833 dives
2270 2802 2329 2833 an
2360 2801 2564 2851 pauper,
2583 2799 2755 2834 utrum

1719 2864 1953 2912 honestus
1975 2881 2039 2912 an
2060 2866 2311 2929 improbus
2333 2867 2497 2914 fuerit.
2536 2868 2752 2930 Propius

1723 2944 2000 3006 inspicienti
2028 2954 2225 3009 apparet
2251 2945 2526 3009 hyperbole
2542 2982 2557 3004 ,
2598 2963 2753 3009 quum

1721 3023 1844 3070 nihil
1879 3023 2013 3070 aliud
2054 3035 2218 3071 orator
2258 3026 2425 3072 feeerit
2447 3060 2462 3082 ,
2499 3041 2648 3088 qnam
2694 3037 2750 3073 nt

1724 3101 2080 3150 damnationem
2128 3105 2453 3168 deprecetnr3
2492 3121 2660 3151 verum
2700 3105 2754 3151 id

1724 3181 1909 3242 generis
1927 3192 1998 3229 est
2019 3182 2313 3246 hyperbole,
2340 3193 2396 3230 ut
2419 3183 2542 3229 mire
2558 3183 2751 3231 Rabirii

1723 3258 1870 3307 fidem
1888 3277 1944 3307 ac
1963 3261 2261 3310 honestatem
2283 3262 2598 3309 demonstret.

1797 3357 1845 3400 7.
1883 3342 1960 3387 Ita
1994 3342 2122 3387 bona
2159 3352 2407 3400 veneant,
2449 3351 2501 3386 m
2529 3338 2745 3386 solidum

1723 3432 1862 3466 suum
1907 3418 2093 3482 cuique.
2125 3421 2351 3467 Veneant
2396 3434 2490 3483 pro
2536 3433 2747 3466 nummo

1722 3499 1971 3554 sesterti03
1996 3514 2168 3563 nempe
2209 3499 2293 3561 qni
2325 3498 2457 3546 bona
2497 3500 2615 3545 civis
2651 3513 2753 3544 aere

1723 3576 1906 3638 gravati
1952 3577 2163 3634 emebat,
2200 3577 2527 3625 creditoribus
2567 3577 2752 3624 satisfa-

1722 3669 1827 3700 cere
1855 3655 2133 3718 cogebatur.
2160 3645 2406 3702 Pedianus
2426 3656 2488 3702 de
2514 3656 2707 3702 Milone
2736 3671 2749 3704 :

1717 3732 1889 3776 «Bona
1927 3734 2032 3792 ejus
2067 3743 2269 3796 propter
2307 3734 2415 3780 aeris
2451 3734 2598 3780 alieni
2633 3751 2747 3782 ma-

1717 3809 2017 3873 gnitudinem
2046 3812 2287 3859 semuncia
2308 3813 2565 3860 venierunt
2581 3837 2621 3858 ιι.

1799 3893 1846 3938 8.
1866 3891 2143 3939 Αᾰνεητίεἰα
2164 3891 2394 3953 pecnnia.
2411 3893 2537 3953 Quae
2565 3892 2630 3939 ad
2654 3895 2750 3940 Ra-

1716 3967 1892 4016 birium
1911 3986 2010 4017 non
2031 3980 2244 4033 spectat,
2270 3982 2316 4017 et
2347 3988 2492 4034 quam
2522 3972 2754 4036 reposcit

1714 4059 1978 4095 accusator.
2017 4074 2083 4084 -—
2117 4048 2207 4095 cai
2240 4065 2331 4096 sua
2369 4067 2469 4098 non
2507 4051 2748 4099 redditur.

1714 4126 1871 4188 Quam
1896 4127 2158 4174 Ptolemaeo
2181 4127 2406 4177 credidit.
