2994 4778
663 442 798 525 418

1299 443 1393 510 M.
1446 444 1521 509 T.
1577 400 2121 514 CICERONIS

656 563 927 632 tissime
960 564 1196 645 torsit,
1247 586 1474 658 quum
1508 562 1726 633 modo
1754 563 2008 647 velles,
2040 563 2262 634 modo
2299 561 2610 636 nolles².
2644 565 2775 634 Lex

654 674 844 742 enim
902 674 1148 769 generi
1191 670 1342 741 tui³
1399 688 1470 743 et
1526 672 1854 758 decerni,
1910 686 1982 743 et
2030 675 2405 771 accipere⁴
2445 670 2774 751 vetabat,

653 784 790 852 nisi
839 782 1133 884 decreto
1181 783 1579 880 triumpho.
1622 789 1709 854 In
1752 808 1901 879 quo
1949 797 2066 870 tu,
2104 798 2390 880 accepta
2432 798 2682 854 tamen
2716 796 2777 853 et

652 890 989 963 devorata
1031 893 1371 989 pecunia,
1409 906 1491 977 ut
1538 894 1611 962 in
1650 891 2071 963 Achaeorum
2118 906 2417 963 centum
2454 892 2773 973 talentis,

652 1025 983 1073 evomere
1009 1027 1155 1072 non
1183 1016 1469 1099 poteras
1497 1030 1516 1071 t
1544 1000 1897 1073 vocabula
1926 998 2256 1071 tantum⁵
2291 1002 2774 1097 pecuniarum,

650 1126 723 1182 et
765 1136 1027 1207 genera
1060 1110 1410 1182 mutabas.
1450 1113 1664 1182 Mitto
1700 1109 2093 1207 diplomata
2126 1124 2278 1181 tota
2313 1112 2393 1180 in
2421 1111 2777 1207 provincia

648 1222 909 1318 passim
942 1220 1142 1307 data3
1188 1225 1398 1291 mitto
1441 1244 1829 1291 numerum
1876 1214 2242 1305 navium⁶‚
2279 1240 2772 1313 summamque

647 1330 898 1427 praedae
920 1343 984 1418 ⁷3
1014 1334 1222 1401 mitto
1252 1331 1604 1401 rationem
1628 1330 1859 1400 exacti
1884 1330 2369 1426 imperatique
2402 1326 2772 1409 frumenti,

645 1442 853 1511 mitto
905 1454 1222 1537 ereptam
1282 1439 1689 1527 libertatem
1748 1437 2078 1536 populiS‚
2140 1462 2223 1508 ac
2274 1437 2612 1535 singulis,
2650 1435 2771 1532 qui

641 1568 849 1623 erant
890 1549 1125 1622 affecti
1167 1551 1472 1647 praemiis
1516 1551 1979 1635 nominatim,
2018 1572 2335 1645 quorum
2400 1546 2584 1617 nihil
2631 1559 2768 1629 est,

636 1659 838 1754 quod
867 1685 1015 1729 non
1052 1663 1141 1728 sit
1182 1659 1335 1755 lege
1360 1665 1397 1729 J
1406 1659 1582 1744 ulia,
1624 1683 1716 1729 ne
1754 1658 1912 1729 fieri
1944 1658 2181 1743 liceat,
2222 1659 2583 1728 sancitum
2619 1654 2767 1725 dili-

638 1783 909 1864 genter.
967 1769 1291 1839 AEtoliam
1319 1826 1338 1854 ‚
1390 1794 1553 1865 quae
1622 1767 1870 1866 procul
1925 1794 1966 1838 a
2031 1767 2360 1839 barbaris
2414 1767 2763 1862 disjuncta

638 1874 1007 1973 gentibus,
1050 1878 1122 1946 in
1177 1880 1340 1948 sinu
1385 1872 1627 1974 pacis⁸
1679 1879 1950 1975 posita,
2007 1876 2248 1947 medio
2286 1875 2444 1947 fere
2481 1876 2759 1947 Graeciae

633 1987 909 2081 gremio
954 1990 1367 2058 continetur
1404 1989 1477 2083 (o
1515 2012 1772 2085 poena,
1815 2012 1862 2057 o
1901 1986 2084 2058 furia
2127 1983 2599 2081 sociorum!)‚
2635 1983 2755 2054 de·

640 2094 901 2167 cedens
931 2149 951 2181 ‚
1022 2098 1354 2168 miseram
1419 2096 1816 2194 perdidisti.
1895 2098 2252 2167 Arsinoen
2273 2107 2328 2178 9,
2400 2100 2705 2166 Stratum
2737 2148 2756 2176 ,

644 2206 1094 2301 Naupactum
1122 2260 1140 2288 ,
1200 2220 1281 2276 ut
1324 2204 1543 2276 modo
1598 2219 1753 2275 tute
1806 2206 2171 2292 indicasti,
2232 2203 2507 2275 nobiles
2552 2201 2768 2274 urbes

645 2384 751 2416 rom
796 2367 1023 2432 praesides
1058 2386 1107 2417 se
1142 2369 1525 2435 triumphaturos
1565 2384 1665 2418 esse

645 2448 960 2505 simulabant,
981 2459 1039 2495 ut
1055 2447 1119 2495 ab
1136 2449 1305 2496 amicis
1327 2450 1666 2513 foederatisque

645 2527 922 2575 civitatibus
971 2543 1139 2575 aurum
1191 2529 1499 2578 coronarium
1549 2528 1667 2592 ipsis

644 2607 876 2670 triumphi
903 2608 1096 2654 nomine
1122 2608 1419 2663 mitteretur;
1451 2621 1659 2669 quorum

643 2686 935 2733 esfraenatam
973 2685 1287 2749 cupiditatem
1324 2695 1377 2731 ut
1417 2697 1660 2732 coerceret

643 2765 802 2812 Julius
822 2766 981 2812 Caesar
1000 2763 1051 2810 in
1075 2778 1163 2809 suo
1190 2763 1349 2824 primo
1369 2763 1624 2809 consulatu
1644 2798 1660 2824 ‚

644 2843 748 2906 lege
787 2842 916 2889 Julia
954 2840 1015 2888 de
1055 2839 1337 2903 repetundis
1372 2842 1563 2898 sanxit,
1602 2857 1662 2888 ne

646 2922 755 2984 quis
781 2935 946 2967 aurum
974 2919 1281 2965 coronarium
1310 2918 1401 2966 sibi
1429 2920 1663 2984 triumphi

648 3001 843 3047 nomine
857 2999 1051 3045 missum
1066 2996 1200 3059 prius
1210 2997 1505 3056 admitteret,
1520 3015 1664 3062 quam

648 3079 869 3126 decretus
909 3076 1074 3124 suisset
1103 3076 1374 3139 triumphus
1408 3092 1433 3122 a
1479 3087 1662 3125 senatu.

651 3157 765 3202 Piso
793 3156 945 3219 igitur
972 3170 1121 3218 quum
1148 3164 1198 3201 et
1225 3153 1563 3201 foederatarum
1592 3154 1664 3201 ci·

652 3235 855 3283 vitatum
889 3235 1107 3298 pecuniis
1132 3233 1363 3291 inhiaret,
1391 3250 1480 3281 nec
1507 3246 1667 3281 tamen

652 3313 806 3358 videri
843 3313 988 3360 vellet
1027 3312 1179 3374 legem
1213 3312 1390 3360 Juliam
1431 3313 1665 3368 violasse,

632 3390 823 3459 'jurum
841 3393 1147 3437 coronarium
1167 3390 1265 3437 alio
1291 3392 1486 3439 nomine
1504 3395 1667 3456 appel·

656 3468 808 3525 labat,
824 3482 1096 3529 nomenque
1109 3500 1124 3525 ,
1143 3481 1244 3512 non
1265 3483 1362 3512 rem
1383 3481 1666 3519 mutaverat.

727 3563 774 3593 α.
798 3547 955 3607 Quum
973 3543 1116 3590 modo
1135 3544 1313 3599 velles,
1336 3546 1478 3594 modo
1497 3547 1667 3596 nolles.

653 3625 885 3687 Recipere
907 3636 1075 3668 aurum
1100 3621 1416 3668 coronarium.

730 3706 775 3752 3.
813 3705 915 3748 Lex
946 3698 1073 3746 enim
1098 3699 1270 3764 generi
1294 3700 1377 3746 τιεί.
1413 3705 1514 3749 Lex
1537 3705 1665 3754 Julia

655 3787 714 3832 de
750 3780 1028 3847 repetundis
1059 3796 1086 3827 a
1112 3780 1244 3831 Julio
1280 3783 1463 3831 Caesare
1492 3801 1666 3849 genero

654 3876 741 3909 tuo
762 3863 872 3909 lata.

726 3948 775 3994 4.
804 3939 880 3987 ΑΙ.
912 3950 961 3984 et
977 3950 1023 3986 te
1041 3955 1148 3987 acc.
1173 3943 1221 3989 J.
1243 3944 1307 3988 V.
1336 3943 1390 3989 1..

727 4014 771 4056 5.
818 4009 1072 4057 Vocabula
1108 4021 1296 4057 cantum
1325 4015 1663 4075 pecuniarum.

655 4091 767 4138 Non
784 4090 911 4136 euim
930 4103 1098 4135 aurum
1117 4092 1425 4137 coronarium
1448 4092 1663 4150 dicebas,

652 4171 734 4218 sed
751 4169 848 4217 alio
867 4170 1060 4215 nomine
1080 4167 1372 4231 appellabas.

1824 2370 1875 2418 ὃ.
1916 2369 2054 2417 Hine
2097 2384 2347 2418 numerum
2388 2370 2599 2418 navium.
2646 2371 2772 2433 Quas

1753 2436 1997 2495 foeder‘am
2031 2448 2309 2497 ovinum
2353 2451 2461 2497 sine
2500 2450 2771 2497 ammaum

1755 2525 1951 2590 publice
1968 2526 2228 2589 imperasti.

1821 2621 1872 2664 7.
1915 2606 2259 2668 Summamque
2289 2607 2506 2670 proedae.
2548 2607 2639 2654 vel
2668 2607 2774 2669 quit

1746 2698 1849 2730 uon
1874 2682 1936 2730 ab
1962 2683 2182 2730 hostibus
2201 2718 2216 2743 ‚
2239 2685 2327 2732 sed
2349 2686 2416 2733 ab
2438 2686 2560 2749 ipsis
2582 2685 2774 2750 provin·

1747 2761 1950 2807 cialibus
1984 2760 2172 2824 praedas
2208 2763 2524 2812 abduxerat:
2557 2764 2633 2811 vel
2662 2763 2775 2825 quia

1750 2841 1801 2885 in
1827 2839 2005 2902 praedae
2028 2839 2310 2888 venditione
2336 2853 2584 2905 quantun
2607 2842 2775 2890 volne-

1750 2929 1850 2976 rat,
1888 2935 1916 2965 a
1953 2919 2099 2965 sociis
2130 2930 2181 2966 et
2210 2920 2605 2983 provincialibus
2637 2936 2774 2969 aece-

1755 3006 1907 3058 perat.

1825 3075 1875 3119 8.
1921 3077 1979 3121 In
2026 3074 2137 3122 sinu
2174 3076 2333 3138 pacis.
2380 3078 2577 3126 AEtuloe
2624 3090 2771 3125 umen

1754 3164 1945 3201 constat
1970 3155 2115 3202 fuisse
2140 3154 2406 3203 bellicosos
2430 3158 2485 3204 in
2506 3157 2694 3222 prim‘n,
2722 3166 2773 3202 et

1750 3232 1815 3280 ad
1836 3248 1966 3290 nova
1987 3233 2229 3281 molienda
2252 3235 2533 3297 aptissimos
2549 3252 2609 3282 ex
2625 3233 2775 3298 Poly-

1753 3313 1865 3370 bio,
1884 3311 2024 3360 Livio
2041 3345 2056 3370 ,
2083 3315 2319 3360 Pausania
2333 3348 2349 3372 ,
2378 3326 2429 3363 et
2448 3315 2579 3374 ὥς
2598 3325 2644 3360 et
2663 3328 2773 3359 eam

1754 3391 1820 3437 ob
1856 3406 2074 3446 causam,
2107 3401 2162 3437 ut
2197 3401 2406 3439 testatur
2434 3392 2684 3440 Pamnin
2722 3391 2778 3438 in

1755 3468 1976 3515 Phocicis
1998 3504 2012 3527 ,
2051 3469 2257 3534 AEtoliae‘
2292 3470 2600 3518 simulacrum
2641 3482 2782 3527 erat,

1755 3546 1967 3594 mulieris
1998 3559 2205 3594 urmatae
2232 3547 2545 3597 simulacrum
2560 3585 2579 3608 ,
2606 3549 2696 3597 sed
2719 3567 2785 3598 ex

1754 3639 1855 3688 quo
1882 3625 1933 3671 iu
1952 3628 2285 3674 Romanorum
2310 3628 2554 3684 ditionem
2582 3631 2788 3678 omnino

1755 3717 2115 3763 concesserant,
2143 3707 2339 3769 penitus
2361 3707 2499 3770 pacis
2526 3720 2791 3757 amste-

1755 3781 1849 3830 diis
1869 3785 2081 3842 assueti,
2116 3794 2165 3832 et
2199 3787 2253 3830 in
2287 3800 2460 3833 eomm
2489 3802 2621 3851 opes
2643 3824 2661 3848 ,
2698 3803 2790 3836 una

1754 3862 1900 3909 animi
1926 3863 2297 3927 intemperantia
2333 3876 2542 3928 raptus,
2586 3870 2713 3916 Piso
2737 3869 2794 3914 ir—

1752 3953 1928 3989 ruerat.

1824 4036 1877 4081 9.
1895 4020 2355 4069 Anthou-Etcum
2369 4023 2792 4088 oppidum,quod

1747 4108 1861 4173 ⁸unte
1889 4100 2032 4146 tradit
2059 4101 2227 4148 Strabo
2250 4101 2403 4149 fuisse
2420 4100 2657 4152 Κόνωπι
2670 4118 2791 4151 uun·

1753 4188 1998 4239 eupatum.
