2994 4778
575 440 990 512 ‘ORATIO
1039 443 1146 513 IN
1195 442 1272 509 L.
1322 443 1402 510 c.
1453 394 1943 512 PisoNEM.
2191 444 2329 541 387

207 552 860 659 constringendum
916 577 1301 661 putarent:
1348 562 1763 659 praesidium
1804 579 1886 635 tu
1923 566 2177 663 populi
2209 594 2333 640 ro-
2402 634 2410 643 .

206 675 444 759 mani,
484 672 882 744 custodiam
934 674 1344 771 provinciae,
1381 673 1663 767 injussu
1715 672 1968 770 populi
2010 690 2332 749 senatus·

207 805 358 877 que
400 779 820 866 dimisisses,
860 782 920 852 si
959 797 1096 851 tuae
1133 782 1394 852 mentis
1422 805 1721 879 compos
1751 780 2048 854 fuisses?

209 958 212 959 γ
306 892 499 959 XXI.
544 893 725 960 Ecce
775 890 907 961 tibi
954 889 1195 978 alter¹‚
1239 888 1470 962 effusa
1506 892 1651 986 jam
1701 895 2012 963 maxima
2057 895 2336 990 praeda,

208 1023 433 1094 quam
460 1024 549 1070 ex
589 998 899 1072 fortunis
933 999 1546 1109 publicanorum2,
1565 1025 1654 1072 ex
1680 1004 1867 1098 agris
1889 1002 2341 1103 urbibusque

212 1110 581 1180 sociorum
613 1108 1071 1197 exhauserat,
1108 1135 1338 1207 quum
1376 1113 1640 1210 partim
1673 1112 1829 1207 ejus
1874 1114 2131 1208 praedae
2167 1140 2338 1213 pro-

211 1217 458 1292 funda&
488 1219 823 1292 libidines
855 1220 1350 1308 devorassent,
1391 1225 1648 1319 partim
1686 1247 1871 1293 nova
1908 1224 2236 1320 quaedam
2270 1242 2343 1299 et

213 1328 537 1401 inaudita
575 1331 890 1403 luxuries
910 1387 929 1417 ,
956 1330 1260 1430 partim³
1291 1334 1504 1403 etiam
1532 1334 1607 1402 in
1639 1333 1775 1404 illis
1803 1333 1977 1405 locis
1995 1389 2013 1421 ,
2039 1335 2167 1406 ubi
2195 1361 2341 1407 otn-

213 1442 333 1510 nia
363 1439 687 1537 diripuit,
711 1444 1134 1539 emptiones,
1151 1444 1411 1540 partim
1443 1443 2008 1539 permutationes
2030 1443 2124 1514 ad
2152 1444 2350 1516 hunc

213 1550 707 1622 Tusculanum
745 1554 1114 1622 montem4
1152 1550 1708 1640 exstruendum3
1755 1579 1981 1649 quum
2008 1554 2152 1649 jam
2191 1579 2351 1653 ege-

214 1674 371 1746 ret,
405 1685 633 1757 quum
669 1660 787 1731 illa
815 1662 969 1757 ejus
1005 1663 1348 1733 immensa
1367 1677 1440 1734 et
1476 1663 1945 1735 intolerabilis
1976 1664 2350 1737 aedificatio

216 1768 749 1852 constitisset⁵‚
796 1795 871 1842 se
923 1773 1199 1869 ipsum,
1243 1770 1465 1843 fasces
1519 1798 1725 1859 suos,
1779 1776 2170 1846 exercitum
2214 1800 2347 1877 po-

217 1879 373 1978 puli
402 1883 681 1951 romani
698 1876 754 1967 ⁶,
786 1906 1057 1953 numen
1088 1881 1698 1980 interdictumque
1726 1883 2030 1954 deomm
2056 1887 2347 1957 immor-

218 1991 509 2076 talium,
551 2015 898 2088 responsa
932 1992 1387 2064 sacerdotum
1413 2004 1465 2079 ⁷,
1506 1994 2003 2065 auctoritatem
2026 2010 2350 2082 senatuS,

211 2103 406 2198 jussa
441 2099 734 2198 populi,
775 2126 1040 2172 nornen
1074 2128 1156 2173 ac
1182 2103 1599 2200 dignitatem
1626 2105 1945 2201 imperii,
1971 2107 2122 2201 regi
2158 2109 2354 2204 AEgy·

218 2214 378 2308 ptio
418 2209 766 2282 vendidit.
813 2213 1060 2300 Quum
1096 2211 1276 2283 fines
1304 2214 1686 2309 provinciae
1735 2227 1971 2284 tantos
2014 2214 2351 2308 haberet,

221 2342 536 2423 quantos
595 2326 957 2412 voluerat,
1015 2341 1327 2423 quantos
1373 2341 1774 2425 optaverat,
1831 2324 2144 2425 quantos
2204 2330 2351 2402 mei

219 2438 478 2536 capitis
506 2440 744 2535 pretio
776 2438 1248 2534 periculoque
1276 2431 1623 2524 emerat83
1662 2437 1773 2508 his
1809 2460 1885 2507 se
1918 2452 2165 2510 tenere
2198 2463 2351 2508 non

1404 2628 1455 2676 4.
1491 2587 1726 2666 monteria.
1764 2617 1843 2667 Al.
1876 2617 2064 2666 addunt
2093 2619 2142 2667 in
2175 2631 2349 2668 monce.

1329 2697 1458 2745 vina
1504 2708 1603 2746 erat
1649 2700 1805 2746 monti
1842 2697 2051 2766 similior
2083 2714 2229 2762 quam
2271 2699 2355 2747 do·

1331 2793 1454 2825 mus.
1481 2777 1515 2824 J
1522 2812 1535 2825 .
1553 2780 1614 2825 V.
1642 2780 1692 2827 1..

217 2619 493 2682 pertineat,
535 2633 598 2665 eo
628 2617 798 2677 majori
824 2618 999 2683 dignus
1029 2617 1242 2666 animad-

218 2699 448 2749 versione
471 2697 668 2747 videris.

292 2780 443 2827 xxl.
492 2794 514 2824 ι
528 2813 542 2826 .
586 2779 707 2824 Ecce
742 2776 825 2824 eibi
861 2776 1002 2825 alter.
1047 2776 1246 2826 Gabinii

221 2859 440 2906 fumi-em
471 2873 536 2904 ex
562 2872 622 2905 eo
652 2856 906 2916 describit,
933 2856 1070 2920 quod
1101 2856 1243 2921 expi-

217 2938 408 2985 latione
443 2936 599 2999 Syriae
625 2952 726 2983 non
752 2935 980 2995 satiatus,
1003 2951 1055 2982 se
1084 2935 1245 2983 Ptole·

216 3031 376 3074 mae,
401 3014 710 3062 Alexandri:
727 3016 853 3078 regi,
872 3030 982 3062 cum
1002 3015 1215 3064 exercitu
1232 3049 1246 3073 ,

216 3092 456 3143 mercede
477 3103 611 3155 pecta
632 3093 893 3142 addixerit.

290 3192 345 3223 ο.
383 3171 701 3234 Eaejbttunit
719 3172 1112 3237 publicanorum.
1147 3174 1245 3219 Pu·

219 3253 407 3303 hliuni
423 3264 565 3300 erant
582 3253 767 3316 equites
780 3252 970 3301 romani
985 3266 998 3300 ε
1014 3251 1249 3315 equestris

220 3345 386 3382 antem
398 3331 592 3381 ordinis
606 3331 964 3379 inimicissimus
985 3329 1220 3378 Gabinius
1233 3344 1247 3387 ;

221 3414 390 3476 itaque
423 3410 555 3460 dixit
584 3411 786 3469 consul,
816 3408 952 3474 quod
973 3407 1040 3457 *in
1076 3424 1130 3456 ea
1157 3423 1248 3473 pro

224 3493 425 3551 Sextio,
441 3502 494 3539 et
514 3491 566 3538 in
590 3507 646 3539 ea
662 3500 777 3556 post
791 3489 916 3538 ned.
941 3490 992 3537 in
1011 3505 1113 3537 sen.
1136 3487 1252 3536 scri·

221 3581 368 3635 ptum
409 3580 523 3617 est:
557 3569 757 3631 Equites
792 3581 1018 3615 romanos
1051 3566 1249 3615 daturos

219 3649 357 3697 illius
383 3647 487 3696 diei
512 3662 708 3711 poenas,
746 3661 846 3710 quo
861 3679 877 3702 ,
912 3661 988 3692 me
1018 3643 1218 3692 consule
1234 3678 1250 3704 ‚

214 3744 339 3776 eum
377 3725 555 3790 gladiis
587 3725 639 3772 in
673 3724 800 3772 clivo
828 3722 1108 3789 Capitolino
1132 3723 1251 3769 fuis-

212 3817 353 3856 sent.
382 3808 444 3852 In
468 3803 611 3869 Syria
638 3819 755 3851 vero
780 3801 1068 3868 proconsul,
1098 3818 1252 3865 quan-

215 3899 332 3935 tum
356 3886 413 3932 in
437 3899 501 3931 eo
521 3883 640 3944 fnit,
666 3882 953 3946 publicanos
978 3879 1173 3940 afflixit,
1195 3896 1251 3927 ac

207 3963 463 4036 perdidit.

299 4040 351 4093 3.
385 4041 590 4091 Partim.
616 4040 832 4088 Verbum
851 4039 976 4088 illud
997 4049 1258 4103 usurpatur

199 4138 318 4190 pro
359 4132 579 4187 partem.
627 4120 888 4169 Rarissime
933 4119 1149 4167 occurrit
1189 4117 1260 4165 sic

209 4201 466 4267 positum.

1411 2850 1462 2903 5.
1505 2854 1834 2905 Intolembilis
1880 2854 2141 2924 aedificatio
2186 2856 2350 2904 eonsti-

1333 2933 1481 2982 tinet.
1522 2936 1637 2983 Non
1672 2937 1908 3000 potuisset
1940 2936 2128 2984 absolvi
2156 2947 2355 3001 propter

1332 3013 1510 3062 nimios
1531 3026 1770 3078 sumptus.

1405 3093 1454 3140 6.
1479 3093 1756 3142 Exercitum
1772 3093 1944 3158 populi
1958 3094 2164 3143 romani.
2194 3094 2358 3144 Ptole-

1334 3185 1481 3217 maeus
1497 3170 1712 3229 Auletes,
1728 3171 2040 3220 Alexandriae
2065 3188 2176 3231 rex,
2203 3189 2230 3219 a
2254 3173 2356 3221 suis

1336 3247 1564 3312 expulsus
1577 3282 1593 3307 ,
1612 3265 1640 3296 ι
1659 3243 1829 3299 senatu
1847 3251 2082 3299 auxilium
2100 3253 2360 3317 petiverat,

1336 3336 1391 3375 ut
1420 3327 1475 3374 in
1509 3343 1707 3391 regnum
1737 3330 2083 3380 restitueretur.
2130 3330 2357 3397 Sibyllini

1336 3416 1495 3454 autem
1510 3405 1623 3458 libri
1642 3408 1981 3471 prohibebant,
2001 3421 2061 3457 ne
2081 3426 2192 3458 cum
2214 3412 2358 3460 armis

1336 3485 1674 3534 remitteretur.
1715 3487 1954 3536 Gabinius
1978 3505 2097 3538 vero
2124 3474 2374 3540 renuente·

1337 3575 1504 3613 senatu
1528 3603 1543 3627 ,
1590 3583 1641 3614 se
1693 3568 1853 3632 ipsum
1905 3570 2084 3618 obtulit
2134 3569 2355 3620 mercede

1335 3653 1477 3708 pacta
1491 3680 1507 3703 ,
1527 3648 1888 3712 exercitumque
1907 3650 1957 3696 in
1976 3651 2243 3714 AEgyptutn
2261 3662 2356 3699 tre-

1339 3721 1514 3784 duxit3
1551 3725 1622 3772 sic
1658 3728 1767 3773 caesi
1808 3727 2159 3789 Alexandrini,
2200 3729 2360 3776 Ptole·

1338 3815 1586 3863 maeusque
1605 3801 1658 3848 in
1686 3818 1886 3866 regnum
1906 3804 1998 3853 fuit
2020 3807 2283 3854 restitutus.

1415 3895 1461 3938 7.
1486 3879 1731 3941 Responsa
1754 3884 2078 3932 sacerdotum.
2100 3884 2225 3947 Quia
2245 3882 2360 3931 libri

1343 3956 1570 4021 Sibyllini
1590 3958 1830 4007 vetabant.
1854 3963 1979 4021 Dio,
2000 3962 2087 4012 lib.
2112 3964 2359 4010 XXXIX.

1423 4037 1471 4083 8.
1506 4036 1721 4084 Emer-at.
1749 4039 1794 4085 A
1823 4038 2023 4088 tribuno
2057 4039 2124 4104 pl.
2157 4040 2333 4090 Clodio
2354 4075 2368 4097 ‚

1354 4115 1439 4179 qui
1461 4113 1615 4178 legem
1640 4112 1750 4161 tulit
1773 4115 1835 4163 de
1860 4118 2147 4165 Maoedonia
2174 4118 2368 4174 Pisoni,

1359 4194 1499 4258 Syria
1518 4192 1730 4241 Gabinio
1752 4193 1996 4243 tradenda.

2021 4261 2127 4330 25.
