2994 4778
684 412 815 483 180
1308 413 1403 480 M.
1455 413 1532 479 T.
1586 412 2151 483 CICERONIS

669 557 885 604 nemo
935 531 1133 603 hunc
1188 531 1286 601 M.
1349 529 1653 602 Coelium
1677 529 1705 574 ⁵
1762 532 1839 601 in
1890 529 2015 602 illo
2067 532 2293 602 aetatis
2341 530 2521 603 flore
2573 532 2753 604 vidit
2777 588 2795 618 ‚

666 644 803 714 nisi
854 657 979 713 aut
1029 663 1198 711 cum
1258 654 1459 738 patre
1486 693 1507 728 ‚
1550 654 1673 710 aut
1724 664 2008 712 mecum
2028 694 2048 727 ‚
2105 656 2227 713 aut
2284 644 2360 711 in
2410 645 2509 712 Μ.
2560 646 2796 715 Crassi

665 752 1051 823 castissima
1090 748 1350 835 domo,
1392 772 1623 844 quum
1675 748 1948 821 artibus
1989 749 2510 824 honestissimis
2552 752 2795 825 erudi-

629 872 880 932 retur.
2573 881 2579 886 ·

759 974 941 1041 Nam
976 966 1177 1067 quod
1210 967 1529 1040 Catilinae
1568 965 2048 1041 familiaritas⁶
2085 960 2368 1064 objecta
2403 969 2638 1042 Coelio
2666 988 2797 1058 est,

662 1082 875 1178 longe
912 1078 1003 1151 ab
1041 1082 1174 1150 ista
1213 1079 1622 1177 suspicione
1665 1076 2055 1167 abhorrere
2104 1077 2342 1151 debet.
2389 1086 2546 1153 Hoc
2599 1084 2794 1153 enim

661 1190 1115 1262 adolescente
1159 1189 1350 1259 scitis
1396 1186 1851 1259 consulatum
1901 1213 2186 1261 mecum
2238 1193 2500 1286 petisse
2550 1192 2793 1262 Catili-

660 1323 827 1371 nam
859 1326 875 1368 :
917 1296 1008 1368 ad
1042 1321 1262 1394 quem
1299 1301 1359 1368 si
1394 1298 1687 1369 accessit
1705 1308 1760 1384 ⁷,
1803 1311 1929 1367 aut
1957 1298 2016 1368 si
2052 1321 2093 1368 a
2129 1321 2245 1369 me
2281 1296 2604 1370 discessit
2637 1326 2795 1370 um-

664 1432 881 1505 quam
940 1405 1426 1504 (quamquam
1484 1405 1692 1476 multi
1743 1404 1921 1477 boni
1972 1406 2463 1480 adolescentes
2509 1408 2614 1479 illi
2657 1409 2796 1481 ho-

661 1519 836 1589 mini
878 1539 1191 1612 nequam
1241 1530 1459 1612 atque
1514 1514 1853 1614 improbo
1888 1515 2419 1610 studuerunt);
2458 1534 2621 1589 tum
2654 1522 2801 1590 exi-

661 1627 989 1697 stimetur
1028 1624 1296 1696 Coelius
1334 1624 1653 1699 Catilinae
1690 1626 1992 1695 nimium
2032 1622 2395 1698 familiaris
2430 1626 2679 1699 fuisse.
2703 1633 2799 1701 At

661 1737 855 1805 enim
906 1749 1157 1831 postea
1194 1736 1456 1805 scimus
1507 1748 1581 1804 et
1626 1732 1931 1804 vidimus
1958 1788 1979 1821 ‚
2023 1758 2177 1807 esse
2233 1734 2430 1808 hunc
2474 1739 2552 1807 in
2602 1738 2797 1809 illius

661 1845 929 1915 amicis,
966 1846 1147 1935 Quis
1176 1844 1434 1941 negat?
1460 1842 1588 1914 sed
1615 1867 1750 1939 ego
1777 1842 1954 1913 illud
1984 1857 2269 1941 tempus
2297 1846 2522 1916 aetatis
2542 1901 2561 1932 ‚
2592 1848 2799 1943 quod

662 1956 899 2051 ipsum
964 1978 1091 2026 sua
1143 1969 1404 2050 sponte
1451 1952 1860 2040 infirmum,
1906 1952 2211 2024 aliorum
2268 1953 2565 2026 libidine
2610 1956 2798 2029 infe-

662 2059 903 2135 stum⁸
944 2078 1082 2152 est,
1130 2062 1202 2133 id
1253 2062 1393 2134 hoc
1447 2062 1610 2133 loco
1661 2059 1974 2133 defendo
1990 2073 2043 2132 9.
2085 2064 2243 2133 Fuit
2286 2061 2610 2135 assiduus
2647 2089 2800 2138 me-

665 2196 875 2260 cum,
913 2186 1223 2269 praetore
1269 2196 1382 2241 me
1420 2198 1435 2239 :
1482 2195 1636 2242 non
1683 2184 1982 2241 noverat
2030 2170 2432 2242 Catilinam.
2481 2170 2797 2244 Africam

664 2296 821 2352 tum
885 2296 1148 2377 praetor
1206 2280 1323 2352 ille
1386 2279 1759 2352 obtinebat
1784 2291 1869 2351 ¹⁰.
1939 2284 2306 2376 Sequutus
2372 2294 2478 2352 est
2535 2306 2794 2354 annus.

735 2471 785 2525 5.
802 2474 956 2521 Nemo
973 2472 1100 2521 hunc
1119 2475 1187 2523 M.
1206 2473 1425 2523 Coelium.
1443 2476 1681 2535 Muretus,
1767 2495 1790 2517 ι
1803 2472 1890 2521 filii
1905 2475 2003 2521 vita
2018 2474 2189 2523 infesta
2199 2497 2239 2531 ιι,
2259 2486 2307 2523 et
2327 2475 2390 2523 de
2406 2478 2556 2526 Prov.
2583 2499 2611 2519 α
2623 2494 2795 2526 excur-

663 2553 922 2616 Lambinus
939 2563 986 2600 et
1005 2551 1163 2601 Aldus
1181 2556 1255 2602 M.
1275 2553 1472 2605 Caelium
1488 2553 1683 2615 adJecti·
1769 2552 1986 2600 sionibus
2004 2553 2318 2601 Bai-batorum
2337 2554 2512 2602 infesta
2529 2557 2608 2603 via
2628 2579 2673 2605 ι.

664 2634 788 2682 tium
808 2631 1081 2680 censebant.
1841 2645 1896 2693 9.
1916 2631 1983 2678 Id
1990 2630 2081 2678 Ιιοο
2097 2630 2207 2678 loeo
2226 2629 2460 2695 defendo.
2482 2632 2543 2679 Id
2563 2645 2658 2692 est,
2673 2633 2798 2682 hane
2904 2657 2911 2662 ³

733 2713 785 2758 6.
812 2708 1037 2758 Catilium
1036 2707 1381 2774 familiaritas.
1403 2711 1562 2771 Quam
1582 2724 1685 2772 per·
1770 2724 1799 2757 a
1834 2708 1990 2758 Coelio
2026 2709 2408 2757 criminationem
2442 2724 2617 2760 averto
2654 2723 2801 2776 atque

665 2791 847 2838 uieiosa
892 2788 1036 2836 fuerit
1080 2795 1130 2833 et
1173 2786 1425 2848 inquinata
1463 2786 1683 2834 Catilium
1772 2786 1964 2851 depello
1984 2801 1998 2834 :
2028 2787 2433 2849 quemadmodum
2467 2789 2679 2838 dicimus
2702 2792 2799 2839 ho-

664 2867 958 2916 familiaritas
992 2863 1158 2912 multis
1192 2864 1245 2910 in
1280 2863 1402 2911 loeis
1436 2864 1682 2915 Catilinar.
1770 2876 1867 2914 ates
1885 2864 2168 2922 defendere,
2196 2865 2248 2914 id
2271 2877 2342 2914 est
2357 2900 2372 2925 ,
2390 2866 2653 2932 depellere.

664 2945 953 3003 ostenditur,
967 2941 1230 3007 presertim
1251 2946 1325 3002 11,
1347 2959 1452 3007 cap.
1480 2959 1561 2992 to.
1583 2945 1683 2993 Sal·
1798 2989 1813 2998 ,
1847 2959 1926 2990 to.
1946 2941 2170 3001 Africam
2187 2955 2287 2992 eum
2302 2957 2491 3009 pru-tor
2509 2946 2593 2995 ille
2610 2947 2807 2995 obtine·-

662 3025 835 3073 lustius
847 3034 1004 3071 tamen
1013 3022 1237 3070 nonnihil
1247 3022 1523 3071 addubitat:
1538 3023 1683 3072 nscio
1768 3022 1869 3068 bae.
1888 3021 2129 3069 Pedianus
2143 3024 2195 3069 in
2209 3035 2331 3071 orat.
2350 3024 2403 3070 in
2423 3035 2533 3088 toga
2552 3019 2801 3076 eandida:

660 3105 806 3152 fuisse
830 3101 1096 3151 nonnullos
1113 3136 1128 3160 ‚
1152 3102 1237 3165 qui
1263 3101 1328 3149 ita
1355 3103 1684 3151 existimarent
1768 3120 1795 3141 ι·
1807 3099 2011 3148 Catilina
2028 3117 2091 3149 ex
2109 3112 2316 3166 praetura
2333 3103 2548 3152 Africam
2563 3103 2811 3164 obtinuit,

653 3184 959 3244 iuventutem
980 3215 996 3241 ,
1052 3196 1162 3245 quae
1187 3179 1412 3229 'domum
1463 3181 1681 3230 Catilium
1768 3193 1912 3242 quam
1947 3195 2097 3242 quum
2126 3182 2336 3243 graviter
2368 3194 2619 3243 vexasset,
2646 3182 2811 3247 legati

661 3260 1023 3326 frequentabat,
1052 3275 1222 3323 parum
1254 3260 1453 3309 honeste
1486 3259 1681 3323 pudici·
1769 3257 1879 3305 Arri
1907 3257 1961 3305 in
1996 3269 2163 3306 senatu
2193 3261 2294 3321 iam
2333 3272 2439 3309 tum
2475 3260 2671 3309 aboeute
2705 3263 2815 3312 ino

662 3340 777 3386 tiam
795 3338 1042 3400 habuisse,
1056 3337 1141 3386 sed
1158 3338 1340 3386 exaliis
1354 3338 1495 3386 rebus
1514 3338 1681 3402 magis,
1767 3336 1924 3400 questi
1948 3345 2087 3396 sunt,
2110 3337 2370 3402 multaeqne
2398 3354 2568 3402 graves
2595 3353 2814 3390 senten-

660 3431 806 3478 quam
843 3415 980 3478 quod
1013 3415 1240 3478 cuiquam
1291 3414 1343 3462 id
1377 3428 1680 3479 compertum
1768 3415 1848 3464 tie
1867 3416 1918 3462 in
1940 3426 2107 3465 senatu
2132 3417 2194 3466 de
2212 3433 2273 3466 eo
2297 3418 2442 3466 dicte
2462 3431 2579 3468 sunt
2597 3441 2642 3467 ι.
2673 3423 2816 3468 Item

659 3493 804 3552 foret,
830 3492 933 3538 hec
955 3492 1075 3538 fama
1096 3492 1284 3540 valebat
1298 3514 1342 3540 ι.

731 3588 781 3632 7.
812 3568 901 3616 Ad
924 3585 1066 3632 quem
1093 3571 1138 3617 si
1160 3571 1373 3618 necessit.
1401 3571 1679 3622 Petentibua

657 3649 985 3712 magistratum
1004 3646 1333 3697 adolescentes
1349 3666 1401 3697 se
1416 3666 1561 3714 quam
1576 3652 1679 3715 plu·

655 3727 765 3777 rimi
781 3726 1043 3788 adjungere
1060 3726 1277 3775 solebant
1293 3761 1309 3787 ,
1331 3739 1386 3776 ut
1409 3744 1493 3776 eos
1514 3727 1676 3777 hono·

652 3808 720 3855 ris
732 3821 873 3855 eausa
890 3804 1267 3856 adsectarentur.
1284 3809 1387 3857 Liv.
1405 3809 1439 3856 l.
1455 3810 1675 3857 XXXV.

540 3871 546 3880 '
650 3887 707 3934 ι».
740 3884 908 3948 scipio
943 3894 993 3932 et
1031 3888 1084 3933 1..
1129 3886 1389 3936 rumina„
1425 3887 1674 3937 candiani

648 3962 1020 4012 circumducunt
1044 3964 1212 4014 fratres
1237 3981 1369 4016 auos.

715 4044 765 4091 8.
802 4039 1022 4090 Aliorum
1047 4041 1239 4092 lmine
1267 4043 1508 4109 infestum.
1540 4045 1667 4092 Vide

1765 3494 1819 3542 in
1845 3491 2045 3544 eadem:
2083 3515 2106 3538 ι
2129 3497 2260 3545 Ante
2289 3512 2475 3546 annum
2505 3514 2655 3562 quam
2690 3499 2819 3549 hee

1766 3572 2066 3632 dicerentur,
2091 3573 2298 3623 Catilina
2325 3592 2478 3639 quum
2506 3576 2721 3625 redisset
2748 3597 2824 3628 ex

1764 3652 1931 3700 Arriu-
1946 3688 1962 3716 ,
1983 3654 2232 3716 Torquato
2255 3666 2305 3702 et
2325 3656 2472 3704 Cotta
2495 3672 2625 3705 coss.
2651 3673 2828 3708 acen-

1764 3740 1894 3778 satus
1929 3743 2001 3780 est
2030 3732 2409 3796 repetundarum
2443 3751 2472 3782 a
2521 3737 2579 3784 P.
2615 3735 2827 3789 modio

1760 3807 2066 3858 adolescente
2084 3843 2100 3870 ,
2130 3812 2215 3874 qui
2245 3823 2414 3875 postea
2441 3812 2681 3862 inimicus
2715 3817 2831 3867 fnit

1761 3887 2011 3936 Ciceronis
2027 3910 2070 3936 ιι.
2115 3889 2288 3937 Cicero
2336 3890 2444 3953 ipse
2469 3890 2520 3937 in
2551 3892 2713 3955 epist.
2756 3897 2833 3945 ad

1759 3966 1983 4015 Atticum
2026 3967 2093 4015 ait
2142 3983 2192 4015 se
2241 3968 2466 4016 Catilinae
2513 3973 2833 4034 patrocimo

1759 4045 2062 4109 preludere3
2085 4045 2172 4093 sed
2191 4056 2353 4094 tamen
2373 4059 2569 4097 constat
2593 4049 2833 4102 eie-20-

638 4121 850 4172 Gellium
867 4118 956 4168 lib.
980 4129 1087 4187 ΙΙ,
1107 4143 1152 4175 e.
1179 4141 1258 4175 ta.
1283 4126 1362 4173 Sic
1384 4140 1478 4189 pro
1500 4125 1665 4173 Amet.
1756 4139 1865 4171 uem
1888 4123 1992 4185 ejus
2008 4139 2199 4173 causam
2222 4139 2323 4173 nou
2349 4124 2560 4186 dixisse,
2585 4143 2716 4192 cap.
2750 4134 2794 4180 ⁶
2812 4150 2829 4183 :
