2994 4778
609 381 752 477 574
834 382 929 447 M.
964 381 1044 448 T.
1088 379 1263 450 clc.
1304 378 1652 448 onemo
1704 379 1887 447 PRO
1934 382 2030 448 M.
2072 379 2591 450 MARCELLO,

607 501 949 576 omnibus
979 524 1266 598 semper
1296 516 1469 573 nota
1499 500 1669 587 fuit,
1696 514 1781 571 ut
1809 502 1927 570 vix
1954 504 2030 572 C.
2063 503 2424 590 Marcelle,
2455 505 2743 601 optimo

607 629 679 683 et
715 613 1208 684 amantissimo
1245 608 1485 694 fratri,
1541 624 1799 707 praeter
1852 634 2020 680 eum
2066 612 2351 708 quidem
2401 611 2741 684 cederem

609 722 918 808 nemini3
961 744 1194 817 quum
1247 720 1319 790 id
1360 718 1878 806 sollicitudine,
1921 744 2133 809 cura,
2184 721 2425 793 labore
2466 721 2742 792 tamdiu

609 832 1055 929 praestiterim
1078 883 1098 917 ,
1139 831 1489 925 quamdiu
1532 844 1639 901 est
1683 828 1773 899 de
1810 829 2005 902 illius
2032 831 2261 903 salute
2293 831 2742 916 dubitatum

609 956 803 1013 certe
844 940 983 1011 hoc
1033 954 1404 1039 tempore,
1460 944 1737 1035 magnis
1780 941 2011 1026 σαι-ἦε,
2050 939 2431 1025 molestiiS‚
2468 939 2737 1012 dolori·

609 1050 749 1120 bus
790 1048 1176 1136 liberaum,
1215 1064 1552 1146 praestare
1591 1046 1846 1119 debeo,
1887 1053 2181 1146 Itaque,
2226 1053 2300 1121 C.
2346 1055 2607 1136 Caesar,
2645 1053 2742 1120 sic

610 1158 742 1230 tibi
777 1159 1033 1256 gratias
1062 1182 1198 1255 ago
1213 1156 1274 1244 ⁶,
1312 1175 1395 1230 ut
1438 1158 1783 1230 omnibus
1822 1184 1938 1230 me
1972 1160 2192 1233 rebus
2220 1185 2262 1231 a
2294 1176 2366 1231 te
2394 1185 2546 1230 non
2576 1184 2740 1231 con·

612 1285 892 1342 servato
926 1269 1199 1356 solum,
1240 1268 1368 1341 sed
1404 1271 1620 1341 etiam
1654 1285 1951 1356 ornate,
1982 1285 2221 1342 tamen
2250 1269 2337 1341 ad
2376 1285 2500 1341 tua
2531 1272 2738 1340 innu-

614 1378 980 1451 merabilia
1030 1381 1105 1450 in
1144 1404 1261 1452 me
1308 1405 1542 1451 unum
1585 1382 1874 1469 merita,
1915 1380 2116 1477 quod
2156 1380 2310 1452 fieri
2341 1381 2492 1475 jam
2538 1404 2739 1476 posse

611 1515 765 1561 non
800 1488 1219 1576 arbitrabar,
1273 1493 1629 1561 maximus
1673 1488 1816 1560 hoc
1852 1504 1981 1561 tuo
2024 1488 2214 1562 facto
2251 1489 2590 1561 cumulus
2622 1514 2737 1560 ac-

610 1602 903 1672 cesserit
924 1612 974 1669 ⁷.

608 1795 737 1832 certe
765 1783 906 1831 etism
946 1798 1077 1830 nunc
1120 1781 1242 1830 mihi
1286 1794 1512 1832 constare
1532 1817 1548 1844 ,
1591 1795 1642 1832 et
1728 1799 1862 1831 mum
1889 1784 2115 1833 amicitiae
2139 1795 2510 1832 monumentum
2538 1784 2740 1848 pulchro

608 1863 714 1912 istis
733 1860 965 1909 molestiis
997 1861 1186 1909 levatus
1202 1897 1219 1924 ,
1243 1878 1480 1911 summm
1507 1862 1637 1909 illam
1726 1864 1981 1927 gratissimi
2006 1863 2154 1914 animi
2171 1879 2315 1911 sensu
2339 1863 2570 1912 absolvit.

608 1940 989 1990 benivolentiam
1015 1940 1125 1988 lau
1151 1942 1412 2004 gratiarnm
1442 1942 1636 1990 actione
1798 1958 1846 2002 7.
1877 1939 2103 1991 Cumulus
2131 1940 2399 1989 accesserit.
2421 1941 2531 1990 Nee
2558 1957 2609 1989 en
2639 1956 2742 1988 ora·

611 2021 852 2070 declarare
885 2019 1058 2069 debeo.
1722 2021 1846 2067 toric
1877 2020 2033 2079 dicta,
2074 2020 2159 2069 scd
2192 2021 2358 2089 naimo
2396 2037 2623 2085 expressa
2642 2057 2659 2080 ,
2696 2020 2736 2065 si

681 2101 732 2148 6.
770 2098 852 2145 Sic
877 2099 965 2146 tibi
981 2098 1175 2164 gratias
1208 2113 1325 2163 ago.
1357 2097 1505 2147 Nunc
1530 2115 1633 2147 non
1718 2097 1872 2145 modo
1908 2098 2064 2146 eidem
2096 2098 2319 2146 Ciceroni
2370 2098 2435 2145 nd
2477 2098 2739 2162 Sulpicium

609 2185 914 2239 senatorum,
959 2177 1045 2225 sed
1067 2194 1157 2226 sno
1183 2178 1416 2237 nomine,
1456 2178 1634 2242 gratias
1720 2175 1950 2223 scribenti
2007 2175 2152 2224 fldem
2195 2176 2583 2225 adhibuerimus.
2622 2199 2648 2218 ι-
2665 2178 2732 2222 Ita

607 2259 707 2322 agit
729 2267 911 2316 orator,
937 2259 1074 2321 qussi
1099 2275 1202 2307 non
1226 2258 1380 2322 magis
1397 2258 1632 2307 Marcello
1721 2254 1839 2302 mihi
1883 2254 2085 2319 pulcher
2118 2256 2202 2304 hic
2245 2256 2350 2304 dies
2387 2256 2521 2302 visus
2558 2267 2659 2311 est,
2683 2264 2734 2301 nt

607 2351 752 2400 qnam
764 2335 857 2384 sibi
874 2338 1326 2402 praestantissimum
1337 2335 1633 2386 beneficium
1722 2335 1931 2399 speciem
1951 2333 2159 2398 aliquam
2181 2334 2371 2381 viderer
2389 2333 2574 2391 videre,
2606 2330 2735 2396 qnasi

609 2415 673 2463 sit
704 2416 956 2465 tributum.
992 2419 1096 2465 Hac
1127 2418 1369 2467 sententis
1389 2418 1634 2482 egregium
1721 2413 2054 2461 reviviscentis
2101 2412 2383 2477 reipublice
2406 2434 2451 2460 ιι.
2500 2412 2579 2459 Ad
2621 2411 2727 2458 Div.

608 2510 748 2543 sunm
796 2511 921 2559 opus
968 2495 1222 2545 concludit
1235 2531 1250 2556 ‚
1293 2507 1343 2546 et
1391 2496 1636 2545 nobilissi·
1721 2492 1809 2550 IV,
1845 2500 1894 2547 4·
